2986 4935
610 392 759 492 378

1761 275 1778 317 i

1132 398 1209 466 C.
1242 395 1682 466 VALERII
1739 395 2211 466 CATULLI

820 531 1078 599 Verum
1119 531 1320 599 etiam
1355 527 1545 598 culus
1581 528 1893 598 mundior
1927 543 1995 598 et
2036 526 2301 614 melior3

715 636 888 705 Nam
921 638 1059 706 sine
1090 636 1397 705 dentibus
1429 651 1550 705 est.
1582 639 1729 705 Hoc
1766 636 1996 705 dentes
2027 632 2562 730 sesquipedaleS,

2753 668 2774 701 5

821 746 1142 839 Gingivas
1178 768 1338 812 vero
1378 742 1666 837 ploxemi
1708 743 1909 811 habet
1949 744 2220 811 veteris:

717 854 1042 920 Praeterea
1079 853 1349 936 rictum,
1387 848 1647 944 qualem
1685 849 1973 918 diffissus
2010 851 2078 918 in
2109 862 2275 919 aestu

825 958 1132 1027 Meientis
1168 957 1363 1025 mulae
1398 982 1657 1026 cunnus
1697 956 1945 1024 habere
1991 954 2172 1025 solet.

722 1064 847 1133 Hic
886 1064 1086 1132 futuit
1119 1063 1395 1150 multas,
1439 1077 1507 1131 et
1543 1086 1611 1131 se
1649 1062 1806 1132 facit
1838 1088 1980 1132 esse
2015 1077 2411 1150 venustum3

827 1171 915 1239 Et
943 1196 1078 1238 non
1114 1173 1391 1265 pistrino
1424 1168 1710 1238 traditur
1744 1184 1942 1263 atque
1974 1167 2201 1238 asino?

722 1278 944 1364 Quem
991 1279 1042 1345 si
1086 1302 1218 1370 qua
1259 1278 1559 1372 attingit,
1598 1300 1734 1343 non
1779 1275 1957 1345 illam
1998 1300 2190 1370 posse
2233 1290 2548 1370 putemus

827 1384 1083 1477 AEgroti
1122 1382 1346 1452 culum
1383 1382 1634 1478 lingere
1669 1381 2040 1452 carnificis?

620 1596 808 1649 thenii.
828 1624 910 1636 -—
927 1597 1072 1650 Nihil
1093 1597 1311 1648 mundius
1338 1598 1425 1648 hoc
1444 1637 1457 1659 ,
1485 1596 1646 1647 nobis·
1727 1596 1841 1649 haec
1889 1608 1968 1649 est
2004 1595 2160 1648 lectio
2200 1595 2443 1648 omnium
2494 1596 2770 1649 librom

625 1696 714 1747 que
740 1677 1022 1729 immundius
1048 1678 1173 1729 illud
1198 1675 1333 1730 Cod.
1377 1676 1644 1729 Palatinus

624 1775 967 1828 papyrac.--
983 1758 1107 1810 Illoc
1132 1777 1231 1829 pro
1256 1758 1383 1809 illud
1394 1758 1644 1810 Comme·

622 1836 807 1888 linian.
856 1839 1149 1891 membran.
1184 1871 1268 1881 —
1309 1838 1404 1890 Nil
1450 1840 1648 1887 immun-

626 1917 735 1967 dius
785 1918 901 1979 hoc,
952 1918 1077 1970 nihil
1117 1930 1189 1970 est
1234 1917 1517 1969 immundius
1563 1917 1648 1966 illo

630 1995 838 2067 Gryph.
874 1997 1068 2050 Muret.
1101 1998 1440 2068 Henricpetr.
1471 1997 1645 2049 Groev.

630 2076 796 2147 Vulp.
823 2110 904 2119 -—
925 2076 1167 2130 Nostram
1193 2078 1472 2131 lectionem
1497 2095 1560 2128 ex
1582 2075 1649 2126 li-

628 2156 740 2207 bris
779 2157 986 2228 scriptis
1026 2157 1365 2210 commendat
1396 2155 1645 2224 Scaliger,

630 2253 789 2304 quem
832 2239 995 2289 secuti
1036 2249 1157 2288 sunt
1188 2238 1443 2298 Vossius,
1477 2234 1650 2286 editor

633 2315 880 2367 Cantabr.
956 2315 1279 2368 Corradinus
1353 2315 1420 2367 de
1472 2315 1613 2367 Allio
1635 2354 1652 2379 ‚

634 2391 783 2445 editt.
828 2395 1067 2464 Gotting.
1117 2409 1169 2446 et
1212 2396 1422 2465 Bipont.
1452 2394 1652 2447 Totum

631 2472 893 2526 distichon
914 2474 1145 2545 denique
1172 2475 1402 2544 Vulpius
1426 2475 1497 2526 ita
1524 2495 1651 2528 con-

635 2554 801 2606 stituit
829 2571 842 2605 ε
872 2579 892 2600 ι
917 2554 1006 2605 Nil
1034 2552 1363 2606 immundius
1394 2553 1523 2619 hoc,
1567 2555 1652 2606 ni·

633 2632 709 2684 hil
758 2651 850 2684 ore
900 2631 1226 2685 immundius
1254 2652 1266 2685 :
1300 2633 1392 2684 illo
1446 2637 1653 2687 Verum

632 2713 787 2763 etiam
830 2712 979 2764 culus
1013 2712 1265 2766 mundior
1304 2715 1588 2766 etmelior.
1622 2739 1643 2760 ι

635 2791 809 2856 Quam
840 2793 999 2856 bene,
1031 2791 1263 2845 viderint
1292 2791 1572 2846 doctiores..

721 2871 770 2923 5.
798 2873 898 2923 Hie
926 2873 980 2923 in
1008 2872 1160 2924 MSS.
1188 2872 1355 2926 Statii.

714 2955 770 3003 6.
788 2953 995 3004 Ploxem'
1011 2953 1093 3004 vel
1102 2953 1292 3022 plotini
1317 2952 1511 3005 rectius
1532 2952 1655 3004 scri-

636 3031 689 3084 bi
752 3030 983 3084 ostendit
1027 3033 1244 3084 Vossius
1286 3065 1366 3075 —
1416 3032 1654 3102 Gingivas

635 3129 753 3162 vero
782 3113 1022 3181 ploxemi,
1061 3125 1162 3165 etc.
1204 3112 1457 3183 Gingivas
1486 3112 1653 3164 veteri

638 3190 877 3260 ploximo
930 3191 1163 3255 similes,
1206 3192 1266 3243 h.
1308 3212 1358 3245 e.
1394 3192 1652 3255 cariosas,

636 3287 910 3322 exesa8.—
920 3270 1176 3322 Ploxemus
1199 3284 1301 3335 est,
1322 3272 1473 3323 Festo
1492 3272 1656 3323 inter-

637 3363 816 3419 prete,
843 3369 999 3420 capsa
1020 3350 1104 3402 vel
1131 3369 1319 3419 capsus
1344 3347 1435 3412 (h.
1454 3370 1506 3403 e.
1532 3369 1655 3419 pars

635 3427 843 3491 rhedae‚
864 3429 980 3492 ubi,
1001 3430 1092 3500 qui
1118 3441 1407 3494 vectantur,
1428 3428 1654 3495 sedent),

638 3508 693 3559 in
737 3508 882 3561 cisio,
917 3506 1219 3561 Secundum
1265 3509 1653 3574 Quintilianum

638 3580 900 3656 (Institut.
922 3589 1071 3641 Orat.
1101 3591 1126 3639 Ι
1147 3626 1163 3652 ,
1194 3585 1268 3652 5),
1295 3590 1497 3642 invenit
1517 3589 1656 3642 hanc

637 3686 820 3720 vocem
856 3669 1095 3722 Catullus
1124 3668 1263 3721 circa
1302 3668 1524 3722 Padum.
1565 3672 1650 3724 Cf.

640 3746 850 3799 Salmas.
876 3746 941 3800 ad
970 3748 1251 3818 Capitolin.
1278 3750 1473 3802 Anton.
1497 3750 1651 3802 Pium

638 3844 683 3877 c.
706 3845 727 3878 1
744 3846 791 3878 2.
817 3829 886 3880 At
912 3829 1131 3880 Vossius
1153 3827 1407 3881 Celticum
1426 3830 1653 3882 omnino

639 3923 825 3958 vocem
850 3926 957 3961 esse
979 3907 1252 3962 contendit
1268 3945 1285 3972 ‚
1307 3923 1359 3962 et
1391 3907 1460 3961 de
1489 3922 1655 3960 aratro

644 3984 883 4053 explicat.

721 4081 773 4132 7·
810 4068 862 4119 8.
893 4068 1097 4135 Qualem
1125 4069 1332 4136 ‹iz-fissus
1365 4072 1414 4120 in
1446 4081 1610 4121 oestum
1638 4110 1649 4129 ,

1728 1675 1883 1729 Mss,
1911 1689 1965 1741 et
1989 1674 2142 1729 edin.
2166 1687 2296 1728 vett.
2322 1655 2483 1746 qm>-
2503 1675 2769 1747 equia-

1732 1774 2006 1827 nunquam
2026 1774 2357 1826 concoquere
2377 1755 2532 1825 potui
2549 1776 2568 1820 ς
2585 1775 2773 1808 anu-s

1731 1838 1874 1889 enim
1929 1833 2193 1888 desiderat
2256 1834 2530 1906 adjectum
2553 1874 2571 1897 ,
2619 1834 2772 1907 qnod

1731 1936 1839 1969 non
1872 1915 2028 1968 mule
2068 1913 2158 1967 sed
2191 1915 2356 1967 cunni
2402 1914 2596 1968 formo
2633 1935 2767 1968 cun·

1731 1996 1905 2058 venit3
1959 1995 2086 2046 hinc
2142 1995 2274 2046 olim
2319 1997 2428 2065 jam
2476 1996 2769 2067 suspicatus

1733 2092 1848 2127 sum
1867 2114 1883 2140 ‚
1924 2094 2024 2146 pro
2066 2075 2278 2141 defessus
2329 2073 2620 2148 legendum
2659 2093 2769 2126 ase

1734 2153 1945 2225 deffissus
1962 2195 1976 2216 ,
2013 2168 2067 2208 et
2094 2173 2241 2206 nunc
2268 2152 2425 2206 video
2443 2192 2460 2219 ‚
2485 2153 2634 2207 idem
2657 2156 2767 2223 jam

1735 2235 1900 2287 Statio
1919 2247 1972 2286 et
1991 2234 2183 2286 Vossio
2207 2235 2263 2285 in
2288 2245 2522 2286 mentem
2541 2235 2764 2287 venisse.

1740 2315 1937 2367 Caunus
1984 2312 2200 2383 diffissus
2239 2327 2318 2365 est
2364 2314 2626 2375 diductus,
2675 2314 2766 2384 qui

1736 2395 1986 2465 graphice
2014 2394 2116 2447 late
2149 2392 2433 2446 diductum
2454 2393 2662 2445 AEmilii
2693 2394 2766 2445 ri·

1737 2489 1880 2528 ctum
1908 2474 2166 2544 depingit.
2185 2474 2306 2526 Non
2336 2472 2588 2526 dubitavi
2605 2474 2765 2545 igitur

1736 2557 2095 2625 conjecturam
2139 2554 2194 2605 in
2247 2564 2445 2605 textum
2488 2553 2726 2624 recipere
2750 2592 2765 2615 ,

1736 2654 1855 2705 quae
1891 2634 1995 2686 loci
2034 2634 2205 2686 sensui
2240 2630 2523 2685 videbatur
2551 2651 2763 2686 accom-

1738 2712 2110 2766 modatissima.
2147 2713 2253 2766 Pro
2290 2716 2342 2763 in
2376 2725 2544 2764 oeseum
2570 2752 2587 2776 ‚
2617 2711 2765 2784 quod

1737 2812 1836 2864 per
1883 2794 2157 2863 ἀρχαϊσμὸν
2205 2810 2307 2863 pro
2352 2794 2402 2843 in
2440 2804 2564 2844 oesm
2597 2792 2761 2863 expli·

1739 2885 1860 2925 cant
1882 2910 1898 2936 ‚
1954 2871 2078 2924 dedi
2124 2870 2196 2924 ad
2256 2873 2560 2944 exemplum
2621 2870 2764 2925 editt.

1738 2952 1951 3023 Gryph.
1988 2953 2183 3005 Muret.
2215 2951 2556 3023 Henricpet.
2587 2953 2762 3006 Grav-

1739 3036 1789 3083 ia
1811 3045 1932 3083 oestu
1949 3053 1968 3093 ‚·
1991 3049 2169 3084 sensus
2190 3031 2354 3102 igitur
2381 3044 2460 3085 est
2481 3050 2498 3086 2
2525 3033 2768 3085 AEmffiu

1737 3125 1989 3183 proeterea
2059 3112 2220 3164 habet
2267 3112 2460 3164 rictum
2491 3150 2511 3176 ‚
2532 3110 2537 3113 ’
2557 3113 2765 3184 <palen

1738 3193 1901 3244 rictus
1955 3192 2179 3243 formam
2239 3189 2493 3244 diductus
2564 3209 2767 3245 cmm

1740 3271 1929 3335 mulae,
1954 3270 2009 3321 in
2040 3284 2170 3324 astu
2191 3270 2346 3335 solis,
2375 3270 2472 3323 ubi
2495 3271 2587 3323 m·
2619 3270 2766 3324 udat

1740 3364 1792 3403 et
1841 3351 2201 3421 interquiescit
2221 3389 2237 3414 ,
2273 3350 2520 3404 meientis
2569 3351 2768 3405 haben

1741 3431 1887 3483 solet.

1823 3529 1878 3578 9.
1910 3511 2088 3572 Facit,
2119 3508 2478 3580 fingit-Cous.
2515 3508 2766 3583 suprad

1740 3591 1919 3643 Cat-m.
1945 3591 1997 3642 X
2015 3628 2031 3652 ,
2063 3607 2152 3659 17.

1827 3688 1849 3721 1
1863 3688 1915 3721 o.
1941 3670 2123 3731 Asino,
2139 3668 2401 3721 vet-nudo
2421 3670 2582 3722 molt
2602 3667 2767 3741 lapidi

1741 3749 2037 3819 superiori,
2055 3750 2147 3820 qui
2163 3748 2360 3801 Grecis
2386 3762 2614 3802 vetatur
2633 3752 2765 3812 ὄνος,

1744 3830 1845 3889 ὄνος
1879 3831 2095 3900 μυλικός.
2117 3826 2248 3882 Vid.
2272 3829 2518 3882 Vosdm.

1828 3927 1852 3960 1
1867 3929 1919 3962 2.
1945 3910 2052 3963 Pro
2073 3912 2250 3979 cegmti
2261 3927 2461 3962 nomen
2477 3909 2767 3981 proprium

1743 3990 1930 4057 Agr-oei
1959 4002 2048 4042 aut
2087 3991 2275 4059 Argun'
2307 3988 2466 4041 fuine
2507 3992 2764 4059 conjectat

1745 4069 2302 4139 Statius.—-AEgmri,
2332 4067 2522 4139 pauidi
2546 4108 2563 4133 ‚
2587 4066 2762 4122 tur-idi.
