2986 4935
704 508 799 587 24
973 504 1116 570 DE.
1165 504 1240 570 C.
1273 505 1475 570 VAL.
1525 506 1947 574 CATULLO
1989 505 2560 573 TESTIMONIA.

700 677 1020 747 Sidonius
1042 679 1496 772 Apollinares,
1533 679 1643 747 lib.
1683 683 1781 764 ll,
1821 682 2111 775 epistola
2140 705 2250 765 ιο,
2286 680 2389 748 ad
2404 684 2815 779 Hesperium.

805 851 1250 919 Reminiscere
1293 851 1469 943 quod
1502 877 1671 945 saepc
1709 878 1971 921 versum
2010 852 2364 947 complevit
2398 853 2638 923 Lesbia
2673 880 2818 923 cum

710 958 995 1025 Catulle.

700 1138 1050 1204 Severinus
1114 1136 1430 1203 Boethius
1447 1189 1468 1219 ,
1540 1136 1625 1202 de
1703 1138 1964 1204 Consol.
2032 1135 2418 1227 Phc‘losoplz.
2485 1135 2592 1202 lib.
2665 1138 2816 1220 III,

1595 1265 1818 1335 prosa
1858 1246 1924 1325 4.

808 1419 986 1484 Num
1035 1418 1129 1483 vis
1173 1441 1250 1483 ea
1293 1431 1391 1484 est
1434 1417 1922 1510 magistratibus
1953 1470 1969 1499 ,
2016 1431 2088 1484 ut
2134 1416 2455 1483 utentium
2488 1417 2827 1485 'mentibus

704 1523 980 1590 virtutes
1023 1524 1342 1608 inserant,
1380 1524 1541 1589 vitia
1570 1521 1941 1615 depellant?
1983 1524 2179 1614 Atqui
2230 1547 2365 1589 non
2416 1521 2684 1616 fugare,
2719 1522 2829 1590 sed

706 1626 1028 1695 illustrare
1061 1630 1280 1720 potius
1317 1628 1675 1721 nequitiam
1704 1627 1941 1712 solent3
1978 1652 2109 1720 quo
2139 1627 2245 1712 fit,
2277 1643 2351 1695 ut
2385 1628 2830 1723 indignemur,

707 1758 819 1800 eos
849 1759 1018 1826 saepe
1045 1734 1454 1826 nequissimis
1483 1733 1857 1801 hominibus
1889 1734 2235 1826 contigisse
2264 1760 2278 1801 ε
2319 1732 2490 1800 unde
2525 1736 2834 1803 Catullus

707 1837 860 1906 licet
886 1846 956 1907 ia
983 1841 1200 1907 curuli
1221 1841 1519 1908 Nonium
1550 1839 1885 1908 sedentem
1901 1894 1922 1925 ‚
1962 1855 2288 1907 strumam
2315 1838 2618 1932 appellat.

810 1938 1030 2030 (Vide
1063 1969 1335 2012 carmen
1371 1937 1566 2029 LII.)

768 2109 1141 2189 Diomedes
1173 2123 1697 2205 Grammaticus,
1733 2122 1841 2190 lib.
1874 2126 2016 2206 III,
2050 2146 2201 2215 cap.
2232 2120 2277 2189 6
2292 2176 2309 2208 ‚
2339 2121 2425 2188 de.
2450 2120 2782 2190 Iambc'co.

820 2304 1027 2394 Cujus
1056 2302 1360 2370 carminis
1386 2302 1695 2394 praecipui
1726 2303 2074 2394 scriptores
2105 2302 2280 2395 apud
2310 2303 2578 2371 Graecos
2611 2301 2842 2370 Archi·

715 2405 982 2494 lochus,
1028 2410 1377 2502 Hipponax
1401 2459 1419 2488 ‚
1448 2407 1625 2500 apud
1656 2409 1991 2477 Romanos
2023 2405 2341 2494 Lucilius,
2386 2423 2451 2475 et
2489 2409 2834 2492 Catullus,

712 2529 779 2579 ct
807 2516 1157 2596 HoratiuS,
1189 2529 1254 2580 et
1291 2512 1652 2580 Bibaculus,

725 2693 1167 2757 Terentianus
1211 2693 1522 2773 Asamus,
1570 2694 1638 2755 m
1677 2692 2001 2755 'I'raclalu
2043 2689 2128 2757 de
2173 2693 2441 2771 Liberis,
2494 2688 2805 2779 syllabis
2819 2742 2840 2772 ,

821 2794 1118 2863 Pedibus
1165 2809 1247 2862 ‘et
1292 2799 1563 2878 Mettis,
1600 2818 1667 2862 v.
1726 2792 1873 2862 838
1901 2849 1917 2877 ‚
1974 2794 2091 2862 ubi
2139 2795 2225 2862 (le
2266 2795 2613 2861 Phalaecio
2678 2794 2848 2860 hetz-

822 2899 1277 2992 (lecasyllabo.

822 3076 1156 3171 Exemplis
1186 3077 1390 3143 tribus
1427 3076 1554 3143 hoc
1594 3079 1806 3144 statim
1842 3077 2185 3169 probabiS,

830 3186 1033 3250 Docti
1054 3185 1343 3249 carmine
1375 3207 1518 3275 quae
1551 3181 1708 3274 legis
1750 3183 2036 3266 Catulli,
2081 3197 2200 3251 etc.
2271 3201 2274 3202 ’

1153 3357 1373 3442 Idem,
1410 3374 1709 3425 tractatu
1750 3357 1978 3424 eodem
2004 3410 2020 3437 ,
2069 3382 2132 3424 v.
2186 3357 2390 3425 [031.

818 3539 1021 3602 Hunc
1060 3537 1274 3603 lucum
1310 3535 1432 3602 tibi
1454 3535 1689 3603 dedico
1706 3587 1727 3617 ‚
1766 3558 2241 3626 conseeroque,
2281 3537 2565 3625 Priape,
2601 3548 2737 3602 etc,

818 3712 904 3776 Et
929 3708 1164 3777 similes
1190 3709 1407 3803 plures
1439 3712 1529 3777 sic
1563 3710 2018 3801 conscripsisse
2053 3710 2386 3776 Calullum

816 3816 1071 3883 Scimus
1089 3862 1368 3878 ......

920 3907 1142 4005 (Ve'de
1178 3944 1450 3989 carmen
1486 3914 1806 4004 XVIII.)

1384 4116 1473 4122 s.--
1492 4100 2148 4132 ω--υΰιῦᾥ--ῂ
