2986 4935
740 354 1183 422 CARMEN
1241 354 1527 420 LXIV.

2061 377 2190 446 271

208 488 304 556 Sic
342 502 472 555 tum
517 484 817 554 vestibuli
853 483 1220 578 linquentes
1256 486 1432 579 regia
1469 499 1673 567 tecta,

215 593 297 660 Ad
336 618 399 659 se
432 594 704 686 quisque
745 616 911 685 vago
950 594 1189 685 passim
1232 591 1398 684 pede
1429 589 1873 658 discedebant.

307 701 600 787 Quorum
644 713 792 792 post
829 698 1077 765 abitum
1102 750 1120 781 ,
1160 699 1465 791 princeps
1504 723 1539 764 e
1585 698 1828 764 vertice
1860 695 2019 764 Pelii

210 803 468 872 Advenit
503 804 754 873 Chiron
796 819 1066 897 portans
1111 802 1429 870 silvestria
1471 802 1664 871 dona.

210 912 361 978 Nam
406 924 827 1004 quotcunque
865 909 1085 977 serunt
1120 911 1368 1003 campi,
1402 935 1570 1001 quos
1601 907 1912 977 Thessala
1956 911 2208 1000 magnis

212 1018 526 1085 Montibus
564 1043 679 1085 ora
719 1031 932 1100 creat,
962 1042 1128 1109 quos
1166 1029 1439 1109 propter
1475 1016 1762 1084 fluminis
1796 1017 2006 1083 undas

212 1126 365 1192 Aura
407 1125 576 1218 parit
616 1123 809 1191 ssores
845 1122 1046 1216 tepidi
1087 1121 1390 1189 foecunda
1426 1124 1707 1204 Favoni,

211 1231 334 1296 Hos
363 1229 747 1298 indistinctis
785 1227 1010 1323 plexos
1049 1227 1198 1296 tulit
1233 1230 1371 1322 ipse
1408 1227 1704 1308 corolliS,

209 1337 394 1421 Queis
435 1334 766 1430 permulsa
799 1335 1033 1403 domus
1068 1334 1366 1426 jucundo
1406 1335 1544 1402 risit
1579 1333 1802 1402 odore.
2137 1368 2205 1402 ,ες

208 1441 553 1510 Confestim
591 1445 841 1510 Peneos
880 1444 1099 1525 adest,
1129 1441 1479 1508 viridantia
1514 1442 1797 1534 Tempe,

206 1548 466 1641 Tempe,
499 1573 642 1642 quae
686 1546 865 1616 silvae
910 1551 1187 1640 cingunt
1230 1546 1919 1640 superimpendentes,

124 1780 207 1831 lene
219 1801 438 1852 purpurea
460 1826 477 1847 ‚
514 1804 875 1856 repercussum
902 1803 1101 1856 purpu-

124 1861 185 1910 rei
224 1864 331 1914 solis
373 1862 708 1935 splendorem
755 1862 1001 1915 reddunt.
1025 1891 1105 1902 —-

128 1938 417 1995 Adumbrnre
459 1957 636 1995 autem
680 1955 734 1994 et
765 1944 981 1995 innuere
1028 1944 1105 1993 vi-

124 2015 253 2072 detur
286 2022 389 2075 hnc
427 2024 604 2093 imago
648 2021 976 2074 discedentes
999 2060 1015 2086 ,
1055 2034 1107 2072 et

127 2096 171 2147 in
194 2102 334 2152 variis
353 2103 449 2153 viis
480 2115 530 2154 et
553 2103 884 2172 regionibns,
912 2101 1053 2153 unde
1079 2121 1107 2151 e

123 2176 375 2252 longinquo
405 2183 640 2251 conspici
671 2194 915 2252 possent,
943 2194 1109 2234 cater-

126 2258 261 2310 vatim
278 2274 582 2331 apparentes
592 2260 872 2313 Thessalia*
895 2261 1107 2313 incolaS.

192 2356 305 2408 ²77.
338 2341 579 2392 Vestibula'
610 2344 742 2410 regia
780 2353 901 2390 tecta
934 2342 1112 2412 exqui-

124 2414 249 2469 sitior
274 2419 465 2487 forma,
498 2439 597 2492 pro
632 2446 652 2467 ι
686 2420 1000 2473 vestibulum
1029 2440 1110 2473 re·

121 2512 299 2563 giorum
329 2514 604 2553 tectorum.
636 2527 655 2547 ·

191 2581 307 2646 ²78.
328 2580 381 2631 A
401 2602 451 2632 se
480 2580 610 2632 Stat.
644 2613 722 2622 —-
756 2580 849 2631 Ad
868 2602 915 2630 se
935 2620 948 2640 ,
978 2580 1034 2631 h.
1064 2599 1109 2632 e.

123 2650 314 2709 domum
340 2652 559 2725 (οἶκαδι)
589 2673 649 2712 ut
672 2678 807 2729 saepe
835 2658 975 2732 apud
1007 2660 1111 2712 Co-

126 2733 277 2788 micos.
298 2739 515 2802 Passim,
552 2739 605 2792 in
636 2740 792 2791 variis
819 2753 870 2791 et
897 2738 1115 2790 diversis

121 2812 234 2877 viis3
260 2815 503 2871 disertius
543 2819 643 2871 hoc
671 2818 917 2871 describit
960 2838 1115 2890 supra

124 2890 274 2947 (Ἄπη.
309 2898 487 2950 XLVI
509 2939 523 2960 ,
580 2918 642 2950 xo
669 2917 682 2951 ε
723 2926 743 2945 ·
775 2901 953 2968 Longe
986 2917 1117 2969 quos

119 2970 252 3026 simul
300 2996 330 3028 a
379 2977 548 3030 domo
590 2980 853 3049 profectos
902 2978 1116 3029 Diverse

121 3069 255 3105 ται-ιω
280 3056 374 3109 viae
394 3070 690 3128 reportant.
716 3085 737 3103 ι

192 3152 309 3203 279.
336 3138 570 3207 Princeps
590 3178 604 3200 ,
632 3138 865 3208 primus,
889 3158 914 3186 e
942 3140 1119 3188 vertice

119 3210 256 3275 Pelii,
308 3215 373 3267 ad
424 3214 618 3287 pedem
675 3234 867 3285 nempe
927 3218 1120 3268 montis

120 3287 258 3356 Pelii,
292 3296 383 3347 ubi
414 3296 685 3348 habitabat
716 3295 918 3348 Chiron
939 3335 954 3358 ‚
985 3297 1120 3347 cele-

118 3369 259 3424 bret·
290 3374 507 3427 fuerunt
550 3376 659 3427 istae
686 3376 914 3444 nuptiae,
942 3377 1120 3427 obser-

117 3464 251 3503 vante
273 3454 480 3507 Vossio.

186 3533 306 3585 ²80.
336 3535 539 3586 Chiron.
568 3536 694 3585 Erat
722 3535 920 3587 Chiron
944 3573 959 3597 ‚
990 3532 1118 3585 dum

118 3605 163 3655 in
203 3614 351 3665 terris
396 3615 613 3684 agebat,
656 3614 854 3684 quippe
895 3614 1120 3666 Saturno

116 3700 247 3752 patre
275 3707 593 3763 prognatus,
635 3693 971 3753 immortalisz
1017 3696 1117 3751 θεὸς

118 3766 170 3815 ὃν
210 3767 405 3824 dicitur
448 3773 718 3835 Lucieno,
769 3773 903 3825 Dial.
958 3773 1116 3825 Mort.

117 3842 307 3913 XXVI,
345 3852 439 3904 ubi
475 3851 733 3903 eruditam
776 3851 842 3903 de
886 3852 1121 3905 Chirone

113 3921 208 3989 lege
230 3945 409 3982 notam
441 3932 788 3983 Hemsterhusu‘
815 3952 866 4002 p.
894 3931 1121 3995 4315.—

116 4004 185 4056 Cf.
211 4007 364 4061 Voss.
386 4009 458 4062 ad
488 4012 541 4063 h.
566 4012 601 4064 l.

1279 1785 1348 1835 28
1363 1801 1381 1833 1
1396 1822 1407 1833 .
1439 1785 1765 1855 Quota-umque
1785 1784 1837 1833 in
1868 1782 2181 1852 quibusdam
2196 1826 2211 1850 ,

1195 1881 1292 1931 pro
1316 1881 1423 1932 quo
1445 1863 1589 1914 malit
1613 1863 1835 1914 Lenzius
1859 1883 2170 1934 quoscunque.

1280 1942 1409 1993 283.
1434 1942 1576 1992 Auru
1586 1946 1740 2010 parit,
1762 1943 1966 2010 elegans
1988 1944 2207 1995 verbum

1196 2021 1247 2071 in
1274 2020 1371 2071 hac
1394 2039 1468 2071 re.
1504 2022 1589 2072 Sic
1617 2022 1806 2092 passim
1832 2042 2015 2080 creare,
2037 2035 2209 2090 pareu-

1195 2105 1289 2150 rire
1308 2140 1321 2161 ,
1366 2104 1563 2168 gignet-c
1582 2140 1595 2161 ,
1626 2101 1833 2166 sundere
1850 2141 1863 2162 ‚
1902 2102 2168 2153 submittere
2196 2144 2208 2162 ,

1196 2193 1294 2231 etc.
1320 2181 1397 2230 De
1412 2193 1586 2232 nostra
1604 2199 1732 2232 voce
1750 2182 1984 2249 exempla
2005 2183 2212 2250 collegit

1198 2260 1373 2310 Heius.
1410 2256 1479 2309 ad
1507 2258 1668 2312 ovid.
1700 2260 1828 2311 Met.
1859 2261 1985 2321 XV,
2015 2281 2106 2327 9²·
2134 2294 2213 2302 —-

1202 2339 1445 2390 Faecuuda
1473 2358 1492 2390 .·
1522 2340 1730 2392 Lucret.
1769 2341 1795 2389 I
1813 2380 1827 2398 ,
1859 2359 1877 2391 1
1895 2358 1916 2390 1
1935 2376 1951 2401 ‚
1987 2342 2213 2409 genitalis

1198 2438 1317 2470 aura
1351 2419 1399 2471 F
1395 2423 1550 2472 avoni.

1283 2501 1412 2562 2815.
1448 2501 1556 2551 Hos
1602 2504 1904 2552 interstitit-tis
1948 2502 2126 2553 Heius.
2161 2502 2213 2553 in

1199 2591 1307 2631 not.
1333 2577 1397 2629 ad
1423 2580 1617 2632 catull.
1639 2581 1692 2631 in
1717 2599 1874 2650 quam
1906 2601 2016 2633 rem
2038 2580 2217 2635 laudat

1199 2660 1323 2710 Stat.
1347 2659 1472 2711 Silv.
1496 2661 1609 2722 111,
1636 2662 1692 2719 5,
1722 2680 1811 2728 90·

1297 2740 1423 2791 285.
1476 2741 1609 2806 Quot
1638 2742 1876 2809 permulsa
1909 2740 2073 2792 domus
2109 2741 2218 2793 Sta-

1202 2818 1300 2870 tius
1351 2818 1403 2869 in
1458 2817 1666 2872 duobus
1711 2819 1907 2871 MSSC.
1952 2822 2083 2891 quod
2104 2842 2216 2889 per-

1203 2898 1352 2947 mulsa
1400 2898 1453 2949 in
1501 2917 1624 2949 uno.
1663 2899 1892 2949 Faernus
1936 2899 2215 2968 legendum

1201 2989 1348 3047 putat
1380 2997 1472 3048 quo
1491 3013 1505 3030 .
1547 2976 1689 3048 qnod
1719 2976 1901 3041 valde,
1930 2978 2080 3029 addit
2111 2980 2219 3031 Sta-

1204 3058 1307 3108 tius
1323 3094 1337 3119 ,
1359 3056 1690 3126 probandum
1708 3098 1721 3119 ,
1747 3058 1844 3107 nisi
1875 3058 1912 3107 si
1936 3058 2052 3128 quis
2071 3060 2218 3109 malit

1205 3147 1344 3206 quot,
1380 3134 1436 3186 id
1482 3148 1560 3186 est
1589 3149 1704 3207 quot
1724 3139 1923 3206 florum.
1947 3170 2029 3179 ——-
2072 3139 2218 3205 Quo-is

1198 3217 1435 3284 permulsa
1475 3216 1671 3277 domus,
1708 3230 1806 3268 etc.
1852 3217 2122 3288 Exquisite
2169 3232 2220 3269 et

1206 3307 1387 3347 ornate
1432 3315 1530 3364 pro
1571 3296 1770 3365 vulgari
1815 3322 1837 3342 α
1869 3316 2098 3367 quorum
2142 3300 2221 3365 iu-

1208 3373 1384 3425 cundo
1416 3373 1580 3426 odore
1608 3374 1798 3426 domus
1820 3376 2033 3447 impleta
2062 3378 2213 3430 suit.-

1209 3454 1381 3504 Ridere
1424 3454 1491 3504 (le
1523 3456 1709 3517 rebus,
1754 3475 1870 3526 quae
1900 3457 2053 3507 nobis
2089 3458 2220 3509 arri·

1208 3531 1366 3595 dent,
1413 3535 1652 3604 placent,
1687 3538 1908 3587 suaviter
1947 3556 2043 3587 nos
2105 3538 2220 3588 affi-

1209 3613 1370 3664 ciunt.
1414 3615 1560 3665 Ridet
1610 3628 1810 3683 argento
1858 3616 2022 3665 domus
2079 3615 2221 3686 apud

1209 3692 1391 3744 Horat.
1441 3693 1548 3745 Od.
1582 3696 1682 3758 lv,
1733 3712 1750 3745 ι
1772 3714 1818 3755 ι,
1856 3696 1908 3744 6.
1956 3697 2042 3746 Sic
2076 3700 2220 3764 γελᾷν

1209 3771 1351 3841 apud
1408 3774 1621 3826 Graecos
1646 3794 1660 3837 ;
1730 3774 1835 3827 vid.
1923 3776 2009 3824 W
2004 3777 2220 3844 esseling.

1208 3850 1422 3904 Dissert.
1452 3852 1652 3905 Herod.
1679 3873 1731 3923 p.
1765 3855 1891 3905 153.

1293 3935 1420 3985 286.
1448 3934 1517 3984 {Je
1532 3934 1815 3984 inundantia
1836 3935 2005 4002 Tempe
2025 3934 2227 3989 invenit

1212 4012 1428 4074 Statius,
1459 4011 1599 4064 unde
1626 4014 1748 4082 legit
1775 4013 2005 4064 undantia
2032 4014 2222 4086 Tempe.
