2986 4935
448 453 569 523 ET
622 448 1267 519 VARIETATEM
1325 444 1897 514 LECTIO'NIS.

191 589 483 649 Lanuvium,
513 582 786 645 XXXIX,
819 598 840 631 1
856 600 904 632 ι.

190 667 482 725 Laodamia,
513 666 626 734 ejus
649 661 827 714 fabula
844 700 859 726 ,
882 659 1132 719 LXVIII,

190 830 393 879 Larissa
408 861 423 886 ,
451 822 651 885 LXIV,
682 818 771 873 36.

192 908 517 975 Lusci-picium
534 942 549 967 ,
567 902 679 951 VII
698 940 713 964 ,
744 905 797 962 4.

193 989 377 1039 Latera
432 1001 530 1035 usu
571 978 799 1031 Veneris
850 977 1101 1030 exhausta
1118 1014 1134 1037 ,

88 1067 195 1118 Vl
217 1107 233 1135 ‚
272 1085 292 1118 1
307 1066 361 1119 3.

198 1149 338 1199 Levis
360 1157 411 1197 et
444 1143 565 1193 lenis
587 1157 758 1210 perm.
786 1136 985 1200 LXIV,
1008 1137 1037 1188 3
1053 1153 1072 1187 1
1088 1137 1141 1188 8.

197 1226 376 1277 Libelli
431 1241 531 1292 pro
588 1216 819 1270 tabernis
882 1214 1112 1268 librariis
1127 1251 1143 1278 ,

96 1309 239 1371 LV,
272 1312 322 1368 4.

198 1383 378 1437 Libido
403 1383 455 1434 in
484 1382 680 1432 bonam
703 1388 904 1447 partem
923 1412 938 1439 ,
956 1374 1148 1436 XVII,

204 1544 458 1595 Librorum
501 1551 673 1611 partes
712 1549 766 1589 et
807 1545 1120 1588 ornamenta
1134 1570 1150 1597 ,

110 1625 317 1688 XXII,
348 1622 398 1673 5.

206 1702 458 1755 Librorum
501 1696 765 1770 praeleclio
805 1705 924 1746 ante
960 1690 1150 1745 editio-

112 1803 284 1846 nem,
318 1782 515 1842 XLIV,
545 1797 635 1830 «η.

205 1864 384 1931 LIguri
414 1861 543 1912 fossa
570 1898 585 1922 ,
610 1856 831 1917 XVIII,
873 1871 951 1921 ¹9·

207 1943 378 1994 Limen
439 1952 651 2007 tangere
703 1935 899 1988 malum
958 1949 1148 1989 omen,

115 2024 289 2086 LXI,
318 2023 444 2073 166.

211 2104 375 2153 Lis-lus
435 2096 751 2168 explicatus,
826 2093 1006 2147 XXX,
1087 2110 1112 2141 2
1139 2110 1153 2155 ;

124 2182 359 2238 XXXI,
395 2199 446 2249 7.

211 2263 427 2322 Lucina,
452 2256 710 2316 XXXIV,
752 2251 834 2303 13.

216 2340 343 2391 Ludi
372 2338 426 2390 in
458 2336 606 2388 Jovis
640 2335 924 2395 honorem,
959 2330 1157 2392 LXIV,

218 2503 397 2551 Lumen
449 2507 504 2548 et
552 2494 693 2544 limen
740 2510 908 2564 perm.
961 2490 1153 2548 LXIV,

134 2600 251 2650 ²7²
275 2599 291 2644 ς
319 2578 526 2637 LXVI,
559 2593 612 2643 7.

218 2662 372 2711 Lema-
421 2673 568 2707 ωπον
622 2653 675 2704 in
733 2648 1125 2720 Endymionem
1149 2685 1164 2709 ,

132 2741 348 2803 LXVI,
380 2738 431 2790 5.

221 2822 420 2870 lacteum
460 2826 512 2866 et
549 2813 748 2863 lacteum
791 2827 958 2879 perm.
992 2808 1122 2858 XIX
1147 2844 1162 2869 ,

142 2917 166 2949 ι
187 2917 207 2949 ι
223 2939 235 2950 .

225 2980 399 3030 Luteus
423 2971 591 3045 quid?
624 2972 777 3031 LXI,
818 2974 945 3034 194.
972 3000 1049 3007 -—-
1075 2984 1162 3016 co·

134 3059 222 3110 lor
253 3056 443 3110 laetitioe
470 3050 654 3116 index,
678 3050 834 3114 LXI,
866 3065 951 3100 10.

227 3137 442 3207 Lympha
480 3144 532 3184 et
560 3131 788 3200 Nympha
820 3146 985 3198 perm.
1014 3127 1163 3189 LXI,

142 3237 240 3286 29·

614 3360 702 3420 M.

230 3534 441 3586 Maculae
468 3528 626 3580 animi
664 3526 718 3578 in
752 3526 857 3575 vita
886 3534 1165 3574 contractae

142 3628 273 3688 post
293 3624 517 3664 mortem
535 3624 748 3678 quoque
763 3601 1164 3673 conspiciendae,

142 3695 336 3758 LVII,
371 3690 421 3741 3.

230 3770 479 3824 Maenades
504 3785 602 3837 pro
627 3764 786 3817 Gallis
804 3802 818 3827 ,
846 3764 1049 3827 LXIII,
1077 3762 1163 3812 23.

230 3854 378 3921 Magi
411 3867 474 3901 ex
509 3844 793 3898 concubitu
830 3844 1011 3896 matris
1046 3861 1165 3892 cum

147 3935 267 3990 filio
291 3924 634 4002 procreandi,
661 3924 755 3977 XC
774 3963 788 3988 ,
815 3929 865 3986 4.

235 4013 470 4081 Magistri
494 4005 757 4065 convivii,
790 4003 1037 4064 XXVII,
1068 4000 1117 4050 3.

241 4091 401 4143 Malia
430 4086 681 4158 lympha,
716 4082 977 4145 LXVIII,
1014 4083 1100 4142 54.

2096 443 2239 539 577

1306 577 1495 628 Malum
1525 590 1731 646 gratum
1769 575 1961 646 puellis
2002 578 2070 628 ab
2105 594 2248 628 ama·

1227 658 1434 710 toribus
1460 656 1836 708 munusculum
1855 693 1870 718 ,
1897 656 2076 718 LXV,
2104 676 2190 724 ¹9·

1303 737 1486 799 Mane,
1525 736 1714 807 imper.
1753 734 1943 787 ultima
1976 750 2248 806 correpta,

1226 818 1309 883 X,
1340 824 1428 879 24.

1309 896 1514 947 Manere
1553 913 1676 947 cum
1713 913 1832 947 casu
1867 895 2058 959 tertio,
2088 897 2251 959 VIII,

1238 975 1323 1029 15.

1311 1054 1532 1107 Manlius
1551 1049 1740 1116 (Aulus
1753 1052 2099 1125 Torquatus),
2114 1055 2257 1120 LXI,

1241 1154 1370 1205 177.

1312 1214 1454 1266 Mare
1484 1232 1585 1283 pro
1616 1211 1940 1267 abundantia
1971 1214 2050 1268 rei
2086 1216 2260 1285 cujus-

1233 1292 1355 1347 dam
1374 1330 1391 1357 ,
1416 1292 1589 1356 CXV,
1622 1312 1671 1344 2.

1318 1370 1704 1426 Marrucinorum
1735 1370 1867 1425 fides
1888 1412 1904 1437 ,
1932 1373 2038 1425 XII
2055 1413 2069 1438 ,
2107 1391 2152 1426 1.

1319 1453 1617 1505 Membranoe
1633 1450 2086 1522 publicandorum
2105 1453 2266 1506 libro-

1239 1552 1360 1586 rum
1389 1532 1729 1602 laevigantur,
1755 1533 1804 1593 l,
1837 1553 1886 1586 α.

1322 1613 1574 1665 Memmius
1598 1605 1686 1677 (C.
1720 1609 2011 1675 Gemellus)
2037 1614 2149 1684 ejus
2181 1632 2268 1665 ue·

1242 1693 1411 1763 quinia
1433 1730 1448 1757 ‚
1475 1692 1558 1755 X,
1599 1710 1619 1743 1
1637 1711 1685 1742 α.

1325 1771 1455 1823 ΜίΙιί
1480 1770 1807 1841 superfluum
1826 1809 1842 1835 ,
1873 1772 2081 1835 XXIV,
2111 1778 2161 1835 4.

1322 1851 1489 1902 Miltia
1523 1850 1719 1912 facere,
1746 1852 1818 1914 V,
1855 1868 1940 1902 ιο.

1325 1932 1545 1982 Μίκωνα
1584 1948 1681 1982 cur
1725 1929 2047 1999 γλαυκῶπιςῗ
2094 1930 2270 1996 XLV,

1245 2031 1300 2080 7.
1325 2042 1404 2051 —
1430 2028 1528 2062 cur
1552 2021 1773 2079 patrona
1799 2008 1988 2080 virgo?
2011 2009 2086 2071 L,
2118 2012 2170 2063 8.
2190 2039 2250 2050 —

1244 2094 1500 2157 πολιοῦχος
1519 2128 1533 2153 ,
1561 2088 1759 2151 LXIV,
1781 2091 1834 2142 8.

1328 2170 1488 2222 Minos
1521 2186 1617 2221 cur
1649 2168 1905 2238 injustus?
1946 2168 2142 2230 LXIV,
2172 2168 2265 2236 75.

1326 2249 1664 2313 Minotaurus,
1715 2248 1770 2300 in
1820 2266 1884 2299 eo
1930 2245 2269 2317 depingendo

1246 2344 1296 2383 et
1332 2326 1685 2381 describendo
1722 2328 1927 2381 variant
1967 2327 2172 2379 nummi
2213 2340 2268 2378 et

1246 2423 1481 2462 auctores
1498 2447 1514 2472 ,
1536 2408 1715 2460 LXIV
1734 2446 1749 2472 ,
1781 2427 1873 2477 79.

1327 2488 1505 2539 Modus
1548 2487 1909 2541 adversarium
1948 2483 2269 2553 invadendi,

1248 2570 1457 2629 CXVI,
1492 2586 1543 2636 7.

1327 2647 1526 2699 Morbus
1552 2666 1651 2718 pro
1677 2650 1831 2711 vitio,
1857 2646 2094 2697 XXXIX
2116 2684 2131 2707 ,
2157 2665 2210 2715 7.

1330 2727 1440 2777 Mos
1467 2740 1703 2779 mortuos
1719 2729 1931 2795 januam
1957 2744 2135 2778 versus
2164 2726 2270 2777 col-

1251 2803 1493 2870 locandi,
1523 2807 1762 2867 LXVII,
1792 2809 1843 2856 6.

1332 2886 1503 2937 Mucus
1533 2898 1588 2936 et
1617 2885 1806 2955 pituita
1847 2883 2119 2956 quomodo
2161 2882 2265 2935 dis-

1252 2966 1450 3030 serant,
1479 2966 1690 3028 XXIII,
1724 2982 1806 3032 17.

1332 3045 1542 3113 filugilcs
1559 3082 1574 3108 ‚
1599 3045 1721 3106 XV,
1753 3062 1772 3095 π
1788 3063 1837 3111 9.

1333 3125 1537 3176 Munera
1620 3123 1985 3174 SaturnaIibus
2066 3122 2236 3174 oblata
2256 3162 2270 3184 ,

1252 3205 1401 3260 XIV,
1436 3212 1485 3266 4.

1334 3285 1491 3334 Musa:
1523 3300 1705 3333 omnes
1735 3280 1842 3332 fere
1872 3280 2106 3331 sobolem
2142 3300 2265 3351 pio-

1254 3362 1483 3426 duxere,
1513 3363 1665 3424 LXI,
1698 3381 1749 3411 π.

1337 3444 1529 3494 Mutare
1571 3454 1621 3491 et
1657 3440 1885 3490 mulctare
1927 3457 2091 3507 perui.
2140 3440 2274 3503 XII,

1335 3604 1527 3670 Myrtus
1554 3600 1710 3664 Asia,
1743 3599 1894 3658 LXI,
1928 3617 2014 3649 υ.

1732 3757 1809 3818 Ν.

1346 3917 1473 3969 Nam
1503 3928 1553 3966 et
1583 3918 1704 3964 enim
1725 3954 1737 3974 ,
1769 3933 1874 3964 non
1908 3910 2186 3964 verisimiie
2219 3930 2278 3961 ca

1268 3996 1427 4049 verba
1454 4005 1745 4066 permutata
1762 4011 1901 4056 esse,
1922 3993 2002 4054 X,
2031 3993 2119 4042 26.

1351 4076 1590 4128 Natorum
1637 4092 1760 4126 cum
1813 4086 1959 4143 patre
2001 4068 2291 4123 similitudo

1847 4176 1938 4271 37
