2986 4935
894 491 1332 560 CARMEN
1393 494 1673 559 LXIV.

2196 494 2345 584 249

327 629 479 696 Non
516 628 808 718 ingrata,
840 640 1060 694 tamen
1104 625 1380 712 frustra,
1418 623 1810 726 munuscula
1844 626 2033 692 Divis

325 734 756 816 promittens,
795 733 995 800 tacito
1035 732 1374 825 suspendit
1414 746 1569 799 vota
1610 729 1863 799 labello.

322 842 498 908 Nam
538 836 716 905 velut
751 839 820 905 in
856 864 1115 907 summo
1153 840 1554 933 quatientem
1593 837 1862 905 brachia
1899 838 2120 904 Tauro

2275 867 2351 903 ns

322 947 703 1034 Quercum‚
741 959 855 1012 aut
893 947 1268 1038 conigeram
1310 944 1573 1013 sudanti
1610 967 1890 1037 corpore
1926 944 2192 1037 pinum,

322 1051 694 1119 Indomitus
732 1051 931 1119 turbo
969 1067 1414 1143 contorquens
1452 1050 1719 1118 flamine
1762 1050 1968 1118 robur

324 1159 518 1225 Eruit
549 1183 565 1223 ε
601 1156 706 1225 illa
745 1155 978 1250 procul
1024 1156 1354 1225 radicibus
1390 1157 1739 1225 exturbata

221 1369 328 1419 tum
337 1366 730 1420 accommodari
746 1368 1243 1438 possint.-Similis

219 1444 308 1498 sed
334 1445 567 1499 vividior
599 1460 771 1498 motus
815 1448 1068 1500 orationis
1096 1446 1241 1518 apud

224 1526 370 1596 Vir-g.
391 1530 514 1578 AEn.
538 1527 617 1589 11,
635 1532 666 1578 6
681 1546 701 1579 1
725 1543 738 1577 τ
763 1540 950 1598 -atque
964 1527 1017 1576 in
1034 1541 1238 1578 utrum·

220 1623 318 1675 que
337 1618 553 1676 paratus
566 1644 582 1669 ‚
603 1606 705 1657 Seu
721 1624 926 1658 versare
945 1603 1095 1657 dolos
1110 1645 1124 1667 ,
1149 1624 1238 1657 seu

220 1698 368 1738 certa
404 1687 724 1737 occumbere
754 1686 928 1737 morti.
953 1713 975 1730 υ
1012 1686 1079 1737 Ν.

301 1766 430 1817 103.
465 1765 580 1816 Non
611 1763 838 1833 ingrata,
873 1777 1027 1816 tamen
1045 1766 1238 1830 frustra

221 1856 314 1896 etc.
340 1844 537 1897 Sensus
568 1861 582 1895 :
615 1845 766 1896 tacite
804 1844 1004 1914 optavit
1037 1843 1234 1896 caedem

220 1923 536 1987 Minotauri,
563 1924 877 1994 promittens
904 1924 1018 1975 Diis
1044 1942 1244 1992 manu-7

220 2003 353 2055 scula
369 2041 384 2067 ‚
402 2016 550 2074 grata
571 2002 790 2054 omnino
810 2003 912 2054 illis
931 2016 983 2054 et
1003 2015 1233 2072 accepta.

221 2082 342 2132 Nam
366 2083 506 2134 velut
532 2086 582 2133 in
606 2101 785 2133 summo
818 2095 915 2135 etc.
940 2079 1144 2152 (frustra
1167 2095 1237 2130 ta·

222 2158 344 2224 rnen)
379 2161 488 2233 ipsi
520 2175 693 2214 tamen
729 2162 866 2213 nihil
892 2161 1233 2232 profuerunt,

220 2241 377 2293 immo
432 2261 551 2294 eam
605 2238 951 2293 reddiderunt
1004 2241 1235 2292 miserri-

220 2337 372 2372 mani.

299 2408 419 2463 104.
445 2401 691 2452 Turbam
710 2414 761 2452 et
782 2401 987 2452 variant
1003 2399 1129 2451 libri
1152 2419 1236 2449 ve·

220 2490 362 2533 teres.
403 2480 513 2532 Alii
557 2481 790 2533 offerunt
830 2481 1072 2532 succendit
1088 2522 1102 2542 ,
1144 2480 1234 2532 alii

217 2560 453 2623 succedit,
485 2558 625 2611 unde
659 2563 785 2612 Stat.
829 2574 880 2612 et
903 2561 1056 2611 Voss.
1097 2561 1233 2610 fece-

218 2652 336 2690 runt
369 2642 593 2709 suscepit.
633 2641 877 2692 Nostram
923 2639 1233 2701 lectionem,

218 2735 370 2788 quam
399 2731 465 2771 ut
490 2718 643 2788 longe
672 2719 1037 2790 elegantiorem
1064 2726 1135 2788 τῷ
1159 2738 1236 2768 su-

216 2801 357 2866 scepit
375 2838 391 2860 ,
449 2797 598 2868 quod
655 2798 892 2850 defendit
943 2798 1231 2850 Mitscherl.

219 2878 463 2945 prefero,
482 2889 696 2930 tuentur
713 2877 796 2930 ed.
813 2881 1000 2931 Venet.
1021 2877 1230 2947 Gryph.

217 2955 404 3009 Mutet.
425 2957 908 3029 Cantabrig.Vulp.
928 2990 1007 3002 -—
1023 2958 1231 3027 Suspen-

218 3036 284 3086 dit
301 3076 316 3097 ,
346 3037 521 3088 multo
549 3037 849 3106 exquisitius
869 3050 919 3090 et
949 3037 1233 3108 elegantius

218 3133 371 3184 quam
391 3116 615 3185 vulgare
644 3121 847 3187 suscepit
861 3138 882 3178 ;
904 3117 1062 3169 habet
1089 3118 1229 3167 enim

218 3195 488 3247 notionem
521 3195 728 3249 timoris
755 3210 806 3248 et
838 3194 1232 3267 trepidationis»,

218 3291 316 3343 qua
345 3273 678 3328 dissimulare
717 3274 958 3328 studebat
991 3276 1231 3328 fraternae

219 3352 368 3406 cedis
389 3366 598 3407 votum.
622 3386 702 3397 —
721 3356 980 3426 Suspendit
1007 3368 1124 3407 ‘vota
1159 3356 1232 3405 la-

218 3432 335 3485 bello
351 3475 366 3496 ,
390 3434 484 3486 vix
508 3432 669 3486 audet
691 3436 969 3489 verbulum
984 3473 998 3495 ‚
1025 3454 1091 3486 ne
1115 3435 1234 3504 quis

219 3513 351 3567 forte
375 3511 588 3571 audiat,
618 3513 686 3567 de
716 3515 816 3567 hoc
841 3529 963 3567 voto
994 3533 1233 3585 pronun-

217 3592 376 3658 ciare,
395 3612 468 3644 ne
488 3593 736 3646 lahellum
759 3593 974 3666 quidem
994 3594 1096 3646 hoc
1118 3613 1236 3664 pro·

218 3672 521 3726 nunciando
544 3687 670 3725 voto
698 3688 890 3727 movet.
919 3674 1006 3726 Sic
1032 3693 1117 3743 pes
1152 3692 1233 3723 su-

217 3754 379 3820 spendi
398 3750 624 3816 dicitur,
648 3773 805 3823 quem
835 3766 985 3807 caute
1016 3767 1069 3805 et
1092 3752 1235 3803 solli-

216 3830 313 3884 cite
337 3832 617 3902 ponimus,
641 3852 708 3886 ne
736 3836 846 3904 ejus
867 3833 1113 3904 strepitus
1141 3851 1234 3883 au-

217 3909 408 3964 diatur.
434 3911 729 3982 Suspendeoe
752 3925 871 3963 ‘vota
895 3916 1042 3963 tacito
1063 3911 1234 3962 labello

219 3990 377 4060 igitur
398 3991 662 4060 eleganter
687 4005 739 4044 et
760 3992 1015 4064 exquisite
1038 3989 1234 4043 dicitur

220 4089 313 4139 pro
345 4070 547 4139 vulgari
587 4097 608 4117 ι
634 4072 767 4124 elam
819 4087 870 4125 et
900 4072 1052 4125 tacite
1085 4085 1234 4142 opta·

207 4167 292 4205 se.
312 4174 332 4194 ι
359 4181 442 4191 -
462 4151 720 4203 Ceterum
739 4153 790 4204 in
810 4149 1234 4204 illustrandoVe·

1330 1379 1503 1420 terum
1530 1369 1685 1420 tacite
1705 1380 1823 1420 vota
1845 1368 2177 1438 concipiendi
2198 1387 2345 1421 more

1331 1449 1577 1518 copiosus
1612 1461 1685 1498 est
1722 1448 1988 1518 Vulpius:
2020 1446 2157 1500 adde
2183 1449 2344 1500 Brou-

1330 1528 1488 1580 ckleus.
1517 1527 1586 1579 ad
1617 1528 1815 1579 Tibull.
1854 1527 1952 1580 lib.
1978 1528 2074 1588 IV,
2110 1528 2242 1597 eleg.
2277 1528 2307 1578 3
2329 1566 2345 1592 ,
2399 1561 2404 1566 ·

1336 1624 1396 1658 11
1417 1646 1430 1669 ,
1479 1619 1531 1658 et
1572 1607 1838 1659 Burmann.
1876 1605 1946 1658 ad
1977 1608 2189 1660 Petron.
2225 1627 2339 1677 cap.

1326 1686 1600 1738 LXXXV.
1619 1719 1698 1730 —-
1709 1688 1906 1751 Hacine,
1918 1685 2142 1753 Phedre,
2153 1699 2271 1740 acte
2285 1689 2309 1738 1
2324 1725 2340 1751 ,

1326 1772 1478 1817 scene
1513 1766 1542 1816 3
1571 1789 1583 1817 :
2270 1785 2271 1788 ’

1327 1860 1463 1897 meme
1479 1875 1551 1898 aux
1568 1863 1677 1913 pieds
1690 1864 1757 1900 den
1772 1863 1897 1900 autel·
1912 1876 1987 1913 que
2005 1864 2043 1913 je
2065 1863 2195 1901 suini»
2213 1863 2342 1900 sunnen-

1326 1928 1500 1968 J'otsrnis
1516 1940 1603 1969 tout
1620 1933 1642 1970 a
1666 1946 1708 1970 ce
1722 1933 1819 1970 Die-u
1840 1946 1914 1985 que
1930 1934 1970 1983 je
1992 1932 2137 1970 n'ouis
2150 1945 2340 1970 nominer.

1412 2008 1532 2054 106.
1580 2003 1866 2071 Congestam
1917 2004 2110 2054 sudanti
2151 2023 2345 2072 corpore

1317 2085 1482 2150 pinum
1503 2081 1738 2134 defendit
1752 2083 1970 2133 Vossius
1989 2101 2050 2134 ex
2067 2082 2206 2132 libro
2225 2083 2343 2132 Me-

1324 2159 1613 2214 dionalenS.
1632 2175 1690 2214 ut
1706 2174 1929 2232 congesta
1945 2162 2100 2232 pinus
2112 2160 2176 2213 sit
2193 2197 2208 2221 ‚
2230 2162 2348 2212 den-

1323 2260 1376 2290 sa
1393 2280 1409 2301 ,
1441 2255 1743 2312 compacta,
1770 2241 2013 2303 robusta,
2039 2243 2215 2293 πυκνά.
2240 2241 2344 2293 Sta-

1325 2320 1425 2370 tius
1442 2339 1655 2391 quoque
1679 2323 1733 2372 in
1756 2321 1965 2372 duobus
1978 2319 2128 2372 MSS.
2147 2340 2342 2390 corpore

1321 2418 1375 2450 se
1400 2399 1657 2451 invenisse
1685 2401 1910 2453 affirmat
1926 2438 1943 2465 ,
1963 2400 2017 2451 in
2041 2420 2149 2452 uno
2169 2413 2340 2452 tamen

1321 2485 1519 2540 cortice,
1566 2494 1618 2533 et
1659 2482 1731 2534 sic
1763 2494 1838 2533 est
1867 2482 1923 2533 in
1960 2479 2111 2532 editt.
2138 2481 2330 2532 Venet.

1322 2557 1537 2629 Gryph.
1556 2562 1748 2613 Muret.
1768 2561 2112 2631 Graev.Vulp.
2129 2560 2340 2631 Bipont.

1320 2669 1400 2678 —
1419 2641 1629 2692 Nutanti
1645 2645 1822 2692 vertice
1848 2641 2027 2692 Heins.
2046 2641 2255 2691 volebat
2281 2640 2335 2690 in

1319 2732 1428 2771 not.
1453 2720 1521 2771 ad
1541 2722 1732 2773 Catull.
1755 2735 1805 2772 et
1828 2719 1966 2772 idem
1970 2721 2205 2790 fluitante
2224 2740 2337 2770 ver·

1322 2801 1410 2849 tice
1436 2798 1505 2852 ad
1534 2799 1809 2852 claudian.
1838 2819 1896 2869 p.
1928 2799 2061 2867 93²·
2094 2834 2174 2841 —
2208 2801 2333 2849 Len-

1323 2882 1425 2928 zius
1452 2890 1614 2930 tentat
1635 2884 1869 2948 crinigero
1890 2890 2132 2929 nutantem
2155 2884 2205 2929 in
2226 2899 2339 2928 ver·-

1322 2961 1411 3008 tice
1440 2962 1608 3027 pinum
1631 2980 1644 3019 ς
1686 2963 1735 3009 in
1783 2964 1961 3008 vertice
2011 2976 2080 3009 sc.
2128 2959 2337 3009 montis.

1318 3036 1581 3108 Equidem
1610 3037 1852 3089 lubenter
1880 3036 2147 3107 acquiesco
2176 3038 2231 3088 in
2260 3038 2337 3089 le-

1320 3119 1492 3168 ctione
1522 3130 1699 3170 nostra
1725 3122 1994 3186 conigeram
2016 3117 2209 3168 sudanti
2239 3137 2341 3166 con-

1312 3217 1431 3266 pore
1453 3201 1636 3266 pinum,
1660 3198 1865 3268 egregie
1893 3198 2036 3249 enim
2064 3199 2120 3248 τὸ
2143 3196 2342 3246 sudanti

1320 3276 1565 3329 convenit
1584 3277 1757 3347 pinui,
1784 3295 1899 3346 quae
1924 3275 2080 3328 stillat
2094 3277 2176 3327 vel
2199 3276 2343 3327 sudat

1321 3356 1545 3408 resinam
1576 3394 1591 3419 ,
1645 3354 2095 3427 quemadmodum
2151 3376 2341 3407 nemora

1324 3437 1465 3486 thura
1514 3446 1562 3485 et
1609 3436 1821 3486 balsama
1864 3437 2038 3487 sudare
2084 3435 2340 3487 dicuntur

1320 3513 1461 3584 apud
1479 3515 1646 3568 Tacit.
1667 3514 1733 3567 de
1748 3516 1947 3568 Morib.
1967 3516 2150 3567 Germ·
2174 3535 2218 3568 c.
2240 3516 2308 3576 45
2329 3534 2341 3566 :

1323 3595 1550 3665 epitheta
1575 3595 1792 3665 physica
1813 3608 1987 3646 autem
2008 3595 2092 3645 vel
2115 3596 2343 3646 maxime

1321 3688 1462 3726 amat
1483 3674 1734 3727 Catullus.

1413 3755 1531 3805 108.
1570 3755 1860 3824 Exstirpata
1899 3753 1955 3803 in
1991 3752 2338 3822 quibusdam,

1323 3832 1467 3884 haud
1510 3831 1672 3885 dubie
1718 3854 1778 3885 ex
1825 3833 2008 3903 glossa.
2043 3863 2122 3873 --
2163 3833 2341 3886 Verba

1330 3939 1352 3958 ιι
1386 3912 1474 3965 illa
1526 3914 1711 3982 procul
1760 3911 2027 3966 radicibus
2075 3903 2344 3964 exturbata

1324 3993 1497 4044 Prona
1539 3992 1679 4046 cadit
1702 4020 1721 4039 ι
1769 3992 1917 4044 uncis
1948 3989 2172 4041 includit
2203 4004 2251 4042 et
2289 3992 2342 4042 in

1329 4072 1628 4141 parenthesi
1680 4072 1816 4124 dicta
1864 4070 2055 4140 accipit
2104 4071 2307 4122 Lenzins
2330 4114 2341 4131 ,

1327 4152 1395 4203 ita
1417 4190 1431 4213 ‚
1460 4164 1519 4203 ut
1553 4153 1821 4222 sequentia
1862 4148 1927 4202 ad
1960 4150 2187 4205 turbinem
2216 4152 2350 4203 refe·
