2986 4935
668 432 703 470 2
1385 403 1920 468 PRAEFATIO

661 562 942 654 quadam
983 559 1317 628 alacritate
1360 559 1657 652 implevit
1692 563 2003 627 animum.
2048 561 2185 628 Nec
2215 562 2567 631 retundere
2601 590 2804 633 cona-

663 711 766 763 tus
803 719 983 761 meos
1016 693 1118 759 vel
1156 695 1446 760 animum
1485 692 1842 786 infringere
1873 695 2087 786 potuit
2122 694 2506 763 vociferatio
2536 722 2809 783 eorum,

661 830 772 922 qui
831 826 1108 894 lectione
1154 823 1394 894 Catulli
1436 827 1690 893 animos
1726 826 2044 918 juvenum
2093 830 2431 920 corrumpi
2476 844 2542 897 et
2590 830 2811 899 bonos

663 985 891 1029 eorum
918 984 1136 1026 mores
1169 957 1518 1051 depravari
1548 973 1822 1053 crepant
1850 974 1916 1026 et
1943 957 2319 1042 clamitant3
2350 986 2556 1053 quum
2587 962 2694 1029 vel
2728 990 2810 1032 ea

661 1091 742 1159 ad
790 1104 1168 1182 susceptum
1218 1087 1513 1156 laborem
1559 1089 2003 1158 excusandum
2053 1090 2358 1158 sufficere
2419 1092 2812 1173 videantur,

665 1248 809 1316 quae
852 1238 984 1290 tam
1025 1224 1330 1311 Heraites
1369 1223 1434 1287 in
1465 1220 1716 1313 praefat.
1767 1221 1848 1288 ad
1878 1220 2113 1288 Tibull.
2156 1222 2305 1289 edit.
2339 1225 2568 1315 prim.‚
2605 1251 2812 1319 quam

665 1356 987 1423 Bar-thius
1036 1359 1103 1421 in
1154 1353 1403 1447 praefat.
1456 1353 1540 1420 ad
1588 1355 2001 1447 Propertium
2043 1357 2302 1450 egregie
2347 1357 2447 1425 his
2495 1359 2812 1449 objectio·

662 1489 854 1557 nibus
888 1487 1410 1582 responderunt,
1453 1501 1519 1554 et
1548 1487 1824 1579 juvenes
1865 1513 2179 1556 venerum
2216 1492 2625 1583 poeticarum
2663 1508 2812 1559 stu-

664 1622 883 1688 diosos
928 1620 1012 1687 ad
1054 1644 1167 1688 cos
1210 1643 1471 1712 quoque
1517 1634 1744 1712 poetas
1772 1672 1791 1701 ‚
1836 1622 1946 1712 qui
1993 1622 2058 1687 in
2105 1623 2300 1689 rebus
2348 1621 2702 1692 levioribus
2744 1641 2814 1693 et

667 1755 1000 1822 amatoriis
1063 1755 1398 1847 ingenium
1443 1769 1926 1835 exercuerunt,
1981 1757 2177 1822 animi
2235 1770 2299 1823 et
2348 1755 2812 1828 delectationis

667 1912 864 1957 causa
901 1901 1052 1980 post
1087 1887 1298 1954 studia
1330 1887 1632 1978 graviora
1662 1901 1727 1954 et
1759 1888 2084 1954 severiora
2117 1887 2539 1969 lectitandOS,
2576 1895 2815 1983 quovis

668 2023 1091 2091 incitamento
1160 2017 1522 2086 allexerunt
1594 2034 1659 2087 et
1713 2021 2088 2087 incitarunt.
2149 2024 2456 2108 Quorum
2514 2023 2813 2091 virorum

668 2168 1058 2248 argumenta
1126 2153 1250 2221 nisi
1325 2152 1725 2220 satisfaciant
1790 2151 2224 2245 superciliosis
2295 2154 2691 2247 quibusdam
2749 2172 2816 2225 et

670 2289 1135 2382 superstitiosis
1175 2312 1435 2353 morum
1481 2287 1861 2353 censoribus
1894 2341 1913 2370 ,
1960 2313 2077 2379 per
2124 2312 2230 2353 me
2275 2286 2428 2355 licet
2473 2287 2814 2357 Catullum

674 2436 738 2488 et
772 2435 1045 2490 caeteros
1090 2433 1355 2514 poetaS‚
1397 2444 1563 2512 quos
1605 2433 1844 2487 vocant
1876 2418 2161 2488 lubricos
2184 2474 2201 2504 ‚
2240 2446 2359 2488 ceu
2397 2436 2647 2515 pestem
2689 2422 2817 2490 de-

676 2554 1010 2623 testandos
1052 2568 1117 2621 et
1139 2551 1444 2621 Vulcano
1482 2555 1701 2646 potius
1741 2577 1938 2645 quam
1967 2555 2286 2644 juvenum
2333 2557 2634 2624 manibus
2682 2572 2817 2625 tra·

676 2687 925 2755 ‹lendos
982 2713 1105 2781 pro
1161 2689 1352 2780 genio
1407 2701 1473 2753 et
1528 2711 1722 2753 sensu
1767 2710 1885 2753 suo
1930 2701 2281 2766 censeant;
2337 2714 2501 2780 quos
2546 2704 2822 2776 tamen,

679 2820 999 2915 quidquid
1037 2822 1137 2889 isti
1177 2823 1507 2915 garriant,
1548 2817 1725 2886 salva
1764 2819 2105 2887 honestate
2136 2835 2202 2887 et
2242 2845 2503 2888 morum
2544 2823 2823 2915 integri-

679 2969 855 3041 tate,
889 2955 1203 3049 quamdiu
1251 2954 1466 3022 honor
1508 2978 1663 3021 suus
1709 2954 1915 3020 Musis
1962 2953 2193 3036 stabit,
2238 2968 2303 3019 et
2337 2968 2561 3020 nostra
2607 2969 2671 3022 et
2715 2955 2819 3022 fu-

680 3105 825 3158 tura
883 3102 1071 3157 aetate
1126 3111 1367 3180 magno
1422 3111 1572 3154 cum
1620 3085 1840 3153 fructu
1897 3099 1962 3151 et
2016 3084 2353 3178 voluptate
2411 3085 2695 3154 lecturos
2753 3104 2822 3157 et

680 3221 1257 3293 commendaturos
1295 3246 1433 3287 esse
1471 3244 1700 3287 omnes
1735 3221 2018 3311 antiquae
2052 3198 2390 3311 elegantiae
2423 3234 2488 3286 et
2520 3237 2823 3291 venusta-

683 3356 764 3424 tis
795 3368 1196 3448 spectatores
1225 3350 1443 3418 nullus
1473 3351 1725 3419 dubito.
1753 3353 2072 3419 Versatus
2104 3364 2319 3417 autem
2343 3375 2486 3418 sum
2511 3353 2578 3418 in
2597 3377 2821 3422 recen»

683 3488 887 3557 sendo
917 3502 983 3555 et
1011 3485 1399 3581 explicando
1429 3483 1691 3552 Catullo
1724 3487 1843 3570 ita,
1873 3499 1947 3552 ut
1971 3485 2256 3577 primum
2279 3538 2296 3568 ‚
2325 3501 2647 3577 quantum
2676 3487 2824 3556 fieri

685 3635 937 3716 posset,
993 3634 1242 3687 textum
1299 3617 1526 3685 darem
1582 3616 2216 3697 emendatissimum,
2261 3615 2496 3685 deinde
2551 3644 2824 3689 sensum

684 3755 979 3823 locorum
1022 3753 1457 3820 obscurorum
1498 3750 1784 3817 breviter
1818 3747 2234 3841 explanarem
2259 3801 2277 3833 ‚
2318 3763 2381 3816 et
2412 3764 2544 3817 tam
2578 3757 2824 3847 exqui-

685 3890 938 3957 sitiores
972 3885 1078 3954 vel
1118 3883 1569 3953 insolentiores
1615 3882 1921 3976 loquendi
1959 3881 2205 3951 formas
2239 3897 2573 3970 notarem,
2618 3911 2821 3979 quam

685 4021 764 4087 ad
802 4018 1123 4087 notandas
1157 4014 1441 4110 singulas
1475 4029 1685 4109 poetae
1724 4015 1999 4082 virtutes
2033 4030 2096 4082 et
2130 4014 2482 4108 elegantias
2521 4020 2824 4088 animum
