2986 4935
866 494 1306 562 CARMEN
1362 497 1516 561 CV.
2097 488 2243 568 3833

735 718 1296 806 CARMEN
1379 718 1628 809 CIV.

634 953 740 997 An
796 952 1220 1010 QUI-:MDAM
1277 955 1380 999 DE
1438 956 1750 1003 LESBIA.

204 1141 513 1224 Cantus,
555 1164 661 1207 me
696 1141 986 1233 potuisse
1025 1166 1185 1210 meae
1222 1141 1613 1212 maledicere
1648 1147 1831 1234 vitae,

322 1245 665 1313 Ambobus
707 1246 871 1314 mihi
906 1271 1052 1341 quae
1086 1251 1302 1317 carior
1340 1264 1441 1317 est
1475 1249 1730 1343 oculis?

206 1350 357 1419 Nec
389 1353 610 1444 potui3
645 1377 800 1437 nec,
838 1354 889 1421 si
919 1378 1210 1446 possem,
1242 1370 1378 1423 tam
1414 1358 1668 1450 perdite
1698 1384 2026 1451 amarem;

315 1456 445 1526 Sed
488 1471 560 1526 tu
601 1483 751 1527 curn
785 1462 1104 1553 Tappone
1137 1462 1360 1530 omnia
1390 1480 1686 1532 monstra
1724 1466 1903 1537 facis.

173 1649 322 1700 Aac.
369 1647 526 1700 Notat
562 1648 832 1701 levitatem
865 1648 1134 1703 mendacis
1224 1650 1484 1724 Scaliger-3
1516 1657 1837 1711 mentionem
1881 1662 2071 1716 Valerii
2103 1667 2236 1738 Tap-

95 1725 412 1798 eujusdam,
444 1728 539 1799 qui
565 1727 719 1780 falsos
750 1727 819 1781 de
845 1729 982 1790 rixa,
1015 1750 1133 1800 quae
1215 1736 1356 1799 ponis
1378 1733 1503 1785 facit
1523 1735 1705 1787 Livius
1726 1739 2020 1809 XXXVII,
2041 1749 2113 1807 46
2132 1785 2147 1811 ‚
2184 1743 2233 1807 S.

96 1806 166 1858 sit
195 1806 417 1859 Catullo
445 1826 569 1859 cum
591 1810 704 1878 ejus
730 1809 898 1862 amica
913 1847 929 1873 ,
955 1829 1130 1862 rumo-
1225 1829 1246 1861 1
1263 1831 1284 1863 1
1307 1849 1324 1876 ,
1346 1813 1439 1864 ubi
1464 1813 1568 1865 vid.
1592 1815 1985 1890 Drakenborch..
2003 1855 2083 1866 —-
2111 1827 2234 1878 Cum

93 1903 179 1937 res
196 1888 450 1958 sparsisse
476 1884 709 1939 videtur.
1223 1892 1501 1960 Tapone'in
1534 1895 1733 1947 Zanchi
1762 1903 2041 1972 exemplo;
2069 1908 2119 1956 in
2145 1910 2231 1958 tri-

178 1966 234 2017 3.
261 1966 372 2017 Nec
381 1970 523 2035 potui
541 1966 651 2019 scil.
673 1967 778 2018 hoc
797 1986 827 2018 a
850 1986 935 2020 me
958 1968 1124 2039 impe·
1205 1990 1332 2038 pone
1363 1971 1416 2022 in
1450 1971 1587 2025 Cod.
1620 1975 1903 2043 patavino,
1937 1981 2079 2034 unde
2111 1984 2227 2037 Sta-

98 2056 266 2097 trare.
1212 2050 1315 2101 tius
1345 2049 1626 2118 legendum
1657 2057 1877 2124 putabat
1909 2059 2011 2112 Sed
2042 2074 2092 2112 tu
2124 2084 2227 2116 cum

180 2130 235 2186 4.
264 2123 370 2176 Sed
387 2135 439 2175 tu
460 2144 564 2176 cum
587 2145 798 2195 caupone
816 2125 966 2178 editt.
995 2129 1118 2180 Par·
1211 2133 1340 2198 turpi
1357 2150 1455 2181 ore.
1480 2132 1696 2184 Vossius
1715 2135 1770 2185 in
1793 2140 2061 2193 nonnullis
2078 2143 2227 2195 libris

92 2202 244 2255 then.
299 2204 511 2274 Gryph.
557 2205 752 2258 Muret.
785 2206 1117 2277 Henricpetr.
1208 2209 1284 2260 sic
1316 2209 1573 2281 scriptum
1603 2213 1804 2267 invenit
1834 2217 1936 2268 Sed
1967 2231 2018 2271 tu
2056 2237 2226 2273 cuncta

92 2283 277 2335 (ἔκ-εν.
311 2283 417 2334 hoc
448 2302 625 2349 sensu,
660 2298 747 2350 ut,
777 2286 1012 2356 quisquis
1032 2289 1119 2339 ille
1202 2308 1327 2356 pone
1347 2309 1364 2340 :
1391 2291 1446 2342 in
1477 2290 1623 2355 aliis,
1644 2293 1732 2344 sed
1759 2306 1863 2346 tuta
1887 2317 2013 2366 pone
2031 2320 2050 2351 .·
2080 2301 2224 2354 uude

92 2362 290 2425 fuerit,
314 2363 504 2433 sapius
525 2364 579 2415 in
598 2382 835 2435 caupona
853 2380 1084 2418 versatus
1104 2408 1120 2430 ,
1209 2370 1461 2439 scriptum
1486 2371 1615 2422 olim
1647 2373 1803 2425 fuisse
1838 2380 2096 2448 conjectat
2126 2382 2228 2435 Sed

91 2460 218 2494 cum
261 2442 380 2512 ipso
422 2461 660 2514 caupone
699 2457 1023 2517 perpotasse,
1066 2461 1119 2500 et
1211 2460 1291 2499 tua
1307 2490 1321 2512 ,
1347 2449 1559 2518 Coponi,
1585 2456 1745 2504 omina
1767 2449 1871 2516 (vel
1892 2456 2124 2522 crimina)
2143 2483 2228 2514 ηο-

92 2535 396 2574 monstrosa
424 2541 545 2576 cum
580 2524 671 2576 illo
715 2523 989 2578 mendacia
1020 2526 1121 2578 fin·
1209 2541 1310 2580 stra
1325 2532 1475 2595 sacis.
1508 2530 1681 2583 Vossii
1710 2535 1921 2606 vestigia
1956 2558 2102 2593 more
2128 2562 2223 2595 suo

90 2601 227 2654 xisse
257 2615 312 2654 et
336 2603 579 2672 sparsisse
610 2601 869 2657 videatur.
892 2604 996 2657 Sed
1029 2624 1124 2656 no·
1212 2608 1339 2678 legit
1388 2610 1632 2680 Vulpius.
1687 2639 1764 2653 -·
1821 2617 1944 2668 Cum
1998 2621 2226 2691 Tappone

92 2693 199 2733 stra
224 2681 390 2732 lectio
415 2701 520 2733 cum
542 2684 766 2753 Tappone
781 2696 857 2735 est
876 2684 929 2735 in
953 2686 1123 2735 omni·
1213 2693 1370 2738 omnia
1402 2702 1610 2740 monstra
1629 2693 1761 2756 sacis
1779 2735 1794 2756 ,
1829 2698 2077 2766 quaelibet
2104 2721 2225 2771 pro.

90 2760 191 2811 bus
216 2761 382 2813 MSS.
411 2761 563 2814 Statii
593 2762 722 2814 etin
746 2763 884 2815 libro
904 2764 1085 2816 Maffei
1105 2802 1118 2820 ‚
1211 2766 1411 2837 digiosa
1440 2768 1618 2838 fingis,
1656 2773 1826 2824 πάντα
1855 2786 2187 2849 τερατολογεῖς
2208 2823 2223 2845 ,

90 2852 144 2889 et
203 2839 448 2892 eamdem
496 2853 555 2892 ut
599 2853 827 2893 veterem
886 2841 1123 2895 defendit
1215 2859 1271 2896 ut
1297 2846 1525 2914 Scaliger
1546 2850 1784 2917 explicat.

757 3053 1315 3144 CARMEN
1383 3059 1568 3145 CV.

842 3275 926 3320 IN
986 3276 1495 3323 MENTULAM.

192 3445 566 3541 Maurum
601 3462 880 3515 conatur
912 3449 1293 3544 Pimplaeum
1327 3453 1644 3521 scandere
1682 3475 2013 3547 montem3

306 3551 520 3618 Musae
557 3550 826 3621 furcillis
862 3558 1263 3649 praecipitem
1309 3559 1593 3650 ejiciunt.

170 3742 317 3793 Aac.
350 3742 543 3795 Narrat
575 3742 641 3795 de
671 3744 869 3798 infelici
900 3747 1114 3801 Mentu-
1204 3770 1310 3821 qua
1336 3752 1559 3805 obscena
1575 3755 1956 3825 significatione
1981 3763 2084 3817 hoc
2106 3786 2216 3820 ver·

90 3820 151 3870 la
183 3815 297 3881 (de
321 3840 429 3892 quo
462 3824 528 3875 cf.
574 3842 731 3894 supra
772 3824 839 3877 ad
886 3828 1112 3879 Carmen
1203 3831 1334 3881 bum
1367 3832 1736 3902 accipiendum
1764 3857 1871 3889 esse
1899 3838 2070 3895 docet.

90 3898 315 3967 XCIV)
346 3900 412 3952 ad
443 3902 662 3971 poeticae
702 3904 961 3957 facultatis
1002 3908 1112 3959 lau-
1290 3929 1341 3959 α.
1369 3911 1600 3964 Furciltis
1636 3918 1846 3983 ejiciunt.
1868 3920 1947 3970 De
1973 3921 2071 3974 hac
2095 3944 2222 3997 pro·

92 3976 213 4030 dem
240 3978 599 4033 contendendi
622 3996 835 4037 conatu.
1206 3989 1424 4041 verbiali
1456 3991 1723 4045 locutione
1759 3994 1866 4049 vid.
1899 3999 2117 4058 Lambin.
2145 4004 2221 4060 'ad

182 4076 230 4109 1.
258 4060 486 4110 Scindere
506 4076 707 4113 montem
734 4064 875 4115 solus
898 4065 1114 4117 Vossius
1207 4069 1517 4122 Ciceronem
1536 4070 1591 4122 in
1615 4072 1713 4143 Ep.
1736 4071 1804 4125 ad
1831 4078 1937 4130 Att.
1964 4081 2096 4136 XVI
2112 4127 2127 4152 ‚
2157 4107 2183 4139 2
2200 4127 2214 4151 ,

98 4136 149 4185 in
176 4136 329 4190 libris
356 4140 460 4191 suis
488 4141 718 4204 invenit,
739 4144 831 4211 qui
856 4145 1030 4196 nescio
1061 4146 1112 4196 in
1207 4148 1297 4199 ubi
1325 4161 1402 4200 est
1416 4150 1625 4214 farcina
1652 4155 1862 4206 extrudi.

1774 4265 1869 4337 25
