2986 4935
925 496 1372 564 CARMEN
1429 497 1689 564 XVII.

548 628 729 709 vos,
772 627 954 719 quod
998 626 1198 696 millia
1236 627 1442 698 multa
1484 629 1822 697 basiorum

550 734 871 826 Legisti&
905 734 1077 803 male
1115 761 1220 804 me
1259 760 1507 804 marem
1547 736 1837 829 putatist,

554 839 902 909 Paedicabo
944 866 1069 936 ego
1112 867 1264 930 vos,
1304 858 1369 912 et
1411 841 1780 911 inrumabo.

232 1033 409 1102 quitur
436 1031 635 1082 Noster
662 1032 774 1094 vl.
810 1050 830 1086 1
847 1031 898 1084 3.
926 1033 1014 1087 Cf.
1046 1033 1257 1106 Sciopp.

232 1111 294 1164 ad
319 1113 441 1164 Lus.
471 1111 698 1176 XVIII,
732 1118 784 1174 4.

318 1211 338 1244 ι
356 1211 406 1243 2.
441 1190 567 1253 Vos,
593 1195 679 1261 qui
704 1191 1002 1262 Cantabrig.
1035 1194 1226 1265 Vosque
1246 1236 1259 1256 ‚

233 1271 418 1324 vitiose
448 1271 506 1323 in
538 1270 633 1321 lib.
662 1272 866 1323 Comel.
896 1304 975 1314 —-
999 1273 1162 1337 Quod
1189 1275 1264 1326 le·

233 1351 373 1421 gistis
411 1348 482 1401 de
515 1351 698 1402 multis
726 1351 856 1403 meis
890 1352 1267 1406 basiatiouibus

238 1430 508 1482 versiculis
541 1431 817 1483 celebratis
848 1421 956 1497 (cf.
992 1436 1167 1486 Carm.
1197 1435 1267 1497 V,

235 1525 281 1562 et
299 1512 403 1562 v11
419 1502 464 1576 ),
485 1511 610 1561 male
629 1511 903 1578 mamma'me
910 1516 1097 1581 putatis
1117 1514 1270 1565 cinae-

235 1590 361 1642 dum
381 1629 397 1652 ‚
433 1591 671 1644 mollem.
695 1589 825 1643 vid.
855 1593 975 1645 Nic.
998 1594 1176 1645 Heius,
1198 1592 1265 1644 ad

237 1668 393 1722 Ovid.
449 1671 561 1723 Art.
597 1673 721 1723 Am.
765 1673 816 1735 I,
868 1674 999 1735 524.
1025 1674 1262 1733 —Vos,

241 1750 363 1821 quod
372 1752 697 1820 legistisVos,
711 1751 842 1805 meis
854 1751 1176 1823 quandoque
1193 1753 1267 1804 le-

1353 1034 1450 1087 ctis
1467 1035 1707 1086 versibus
1729 1051 1846 1104 quae
1871 1033 2035 1085 millia
2054 1034 2218 1084 multa
2237 1052 2384 1086 meo-

1353 1133 1473 1166 rum
1491 1115 1762 1166 basiorum
1789 1113 2051 1179 referunt,
2074 1112 2285 1165 creditis
2306 1115 2384 1165 ef·

1352 1194 1690 1255 seminatum,
1713 1206 1763 1244 et
1798 1193 1949 1246 facile
1976 1193 2173 1263 quaevis
2204 1213 2382 1262 passu-

1352 1293 1506 1338 rum3
1532 1287 1584 1326 at
1623 1273 1770 1325 vobis
1801 1273 1933 1324 mihi
1966 1272 2220 1324 masculas
2248 1274 2383 1325 vires

1355 1354 1597 1423 probabo
1631 1353 1890 1405 sufficere.
1927 1355 2041 1422 Ego
2070 1372 2163 1404 vos
2190 1373 2244 1424 p.
2269 1365 2319 1404 et
2344 1354 2381 1406 i.

1358 1432 1572 1503 Duplici
1601 1451 1751 1484 sensu
1783 1434 2005 1503 turpiter
2027 1434 2081 1485 in
2110 1435 2282 1485 verbis
2308 1433 2386 1484 lu-

1356 1512 1467 1576 dit,
1505 1511 1635 1564 dum
1680 1512 1975 1581 significare
2013 1513 2126 1564 vult
2168 1533 2257 1564 eos
2285 1512 2385 1563 sibi

1357 1612 1465 1645 esse
1496 1593 1857 1663 contemptui,
1893 1606 1945 1644 et
1984 1612 2037 1644 se
2076 1592 2349 1644 inferiores
2371 1631 2386 1656 ,

1357 1673 1449 1742 qui
1505 1672 1679 1741 potius
1725 1692 1755 1724 a
1802 1672 2011 1726 Catullo
2060 1673 2250 1723 vulnus
2296 1692 2389 1742 pa·

1359 1754 1555 1806 tiantur
1583 1771 1744 1822 quam
1777 1754 1843 1805 ab
1868 1752 1931 1804 iis
1954 1752 2209 1805 Catullus,
2237 1752 2303 1804 N.

840 1952 1404 2042 CARMEN
1471 1955 1790 2044 XVII.

1006 2184 1110 2227 AD
1169 2183 1629 2229 COLONIAM.

344 2373 407 2438 O
451 2395 766 2440 coLoma
789 2421 808 2453 ‚
840 2396 984 2463 quae
1022 2375 1208 2464 cupis
1242 2387 1441 2465 ponte
1478 2369 1704 2438 ludere
1747 2368 1948 2463 longo
1972 2424 1991 2454 ,

321 2576 456 2626 Aac.
506 2570 781 2624 Acciderat
839 2584 984 2623 aetate
1040 2571 1230 2624 Catulli
1255 2610 1269 2634 ‚

244 2652 386 2723 quod
415 2671 556 2723 saepe
581 2650 820 2704 accidere
850 2653 1010 2714 solet,
1034 2664 1089 2701 ut
1108 2651 1270 2702 homo

248 2733 468 2784 insulsus
491 2745 543 2784 et
576 2746 881 2784 veternosus
907 2734 1130 2800 conjuge
1158 2744 1272 2782 ute·
1315 2798 1316 2801 Ἴ

248 2825 386 2865 retur
435 2812 818 2882 elegantissima
874 2811 1272 2862 formosiszima-

243 2910 359 2961 que.
391 2892 575 2956 Quam
607 2890 824 2960 quidem
858 2889 1126 2959 indiguam
1160 2910 1271 2941 rem

244 2990 408 3041 quum
426 2973 515 3023 vix
537 2970 671 3022 ferre
694 2985 862 3041 posset
879 2971 1171 3040 puellarum
1189 2990 1278 3038 pa·

246 3064 426 3103 nonus
456 3065 504 3102 et
531 3051 740 3120 elegans
758 3050 947 3102 harum
963 3049 1270 3101 deliciarum

245 3143 607 3201 prospectator
642 3132 881 3183 Catullus
909 3169 924 3192 ‚
964 3131 1017 3181 iu
1054 3129 1274 3199 gratiam

245 3212 458 3280 puella,
489 3210 769 3262 Coloniam
800 3209 1085 3280 quamdam
1104 3248 1118 3272 ,
1159 3228 1274 3279 quae

245 3290 357 3343 loca
386 3291 560 3343 lutosa
583 3304 634 3341 et
661 3290 912 3359 palustria
936 3303 1097 3360 ponte
1122 3290 1275 3340 subli-

244 3371 329 3422 cio
347 3374 598 3443 junxerat
615 3408 629 3432 ‚
652 3369 897 3440 precibus
925 3368 1035 3420 adit
1054 3409 1068 3433 ,
1089 3382 1145 3420 ut
1167 3383 1274 3420 stu-

245 3450 436 3520 pidum
490 3449 644 3500 illum
688 3450 957 3501 hominem
1005 3448 1073 3501 de
1116 3462 1275 3518 ponte

243 3532 339 3582 illo
371 3533 428 3583 in
459 3528 832 3582 lividissimum
863 3529 1068 3599 paludis
1099 3530 1273 3580 locum

244 3609 527 3671 deturbet,
567 3609 608 3661 si
652 3610 788 3662 forte
820 3610 921 3661 hoc
955 3606 1114 3661 modo
1156 3607 1268 3659 ficri

245 3692 440 3761 possit,
465 3702 524 3742 ut
552 3688 772 3741 stolidus
799 3692 909 3759 ejus
933 3703 1173 3740 veternus
1202 3707 1279 3738 re-

245 3784 405 3840 pente
434 3769 715 3831 excitetur,
750 3782 800 3820 et
828 3768 1044 3839 supinus
1072 3768 1279 3819 animus

244 3852 300 3902 in
325 3851 475 3919 gravi
506 3868 659 3902 coeno
691 3847 1278 3919 derelinquatur.—Est

244 3931 350 3982 hoc
386 3948 604 3983 carmen
657 3930 1128 3997 elegantissimum,
1171 3929 1277 3979 sive

243 4011 534 4063 verborum
581 4022 824 4060 ornatum
848 4046 863 4071 ,
896 4010 1004 4059 sive
1045 4007 1276 4076 lepidam

244 4090 391 4141 stulti
404 4103 456 4142 ct
475 4088 614 4142 tardi
629 4089 862 4140 hominis
874 4087 1277 4157 descriptionem

244 4182 460 4238 spectes.
486 4171 774 4220 -Versus
805 4182 924 4221 sunt
951 4168 1280 4237 ithyphallici

1359 2589 1421 2622 ex
1448 2571 1674 2622 heroicis
1703 2570 1862 2622 efficti
1882 2609 1897 2633 ,
1920 2568 2008 2621 sed
2038 2571 2222 2622 molles
2248 2592 2391 2623 ener-

1361 2651 1807 2720 vatique.-—·Quis
1822 2652 1969 2702 locus
1987 2652 2138 2703 fuerit
2162 2652 2385 2712 Colonia,

1357 2749 1464 2781 non
1498 2745 1640 2781 certo
1668 2732 1919 2782 affirmari
1944 2745 2125 2801 potest.
2151 2732 2391 2782 Muretus

1359 2811 1651 2880 suspicatur
1678 2810 1832 2860 fuisse
1864 2810 2186 2879 oppidulum
2219 2830 2387 2882 prope

1362 2891 1658 2951 Veronam,
1703 2888 1848 2959 quod
1889 2888 2155 2958 hodieque
2191 2910 2385 2941 nomon

1360 2983 1543 3021 servet.
1560 2972 1627 3021 At
1646 2970 1873 3037 Scaliger
1888 2983 1937 3021 et
1953 2969 2169 3019 Vossius
2194 2969 2393 3021 malunt

1362 3049 1650 3119 intelligere·
1671 3050 1855 3100 Novum
1880 3050 2074 3099 Comum
2090 3090 2104 3110 ,
2124 3050 2386 3100 coloniam

1361 3129 1542 3197 paullo
1574 3142 1694 3180 ante
1726 3148 1757 3179 a
1776 3129 1977 3181 Caesare
2006 3127 2305 3180 deductam.

1450 3227 1497 3259 1.
1536 3210 1688 3276 Quem
1722 3212 1851 3278 cupis
1877 3221 2022 3277 ponte
2056 3208 2215 3258 ludere
2243 3209 2388 3275 longo

1362 3288 1414 3338 in
1444 3289 1688 3358 plurimis
1713 3286 1859 3340 editt.
1882 3303 2005 3341 vett.
2030 3286 2153 3339 Ald.
2175 3288 2385 3358 Gryph.

1362 3368 1555 3420 Muret.
1588 3388 1686 3438 pro
1723 3369 1866 3435 longo
1903 3367 2050 3420 dedit
2073 3369 2293 3419 Vossius
2328 3369 2387 3418 li-

1360 3468 1508 3517 gneo,
1543 3468 1649 3499 non
1694 3449 1860 3510 malo,
1902 3450 2024 3518 quia
2067 3446 2209 3499 idem
2255 3466 2391 3516 pons

1364 3547 1487 3579 mox
1522 3528 1826 3597 ponticulus
1860 3528 2077 3581 dicitur.
2098 3561 2176 3569 —-
2200 3527 2390 3579 Sensus

1365 3621 1437 3659 est
1468 3606 1553 3658 :O
1582 3608 1834 3670 Colonia,
1861 3627 1977 3678 quae
2013 3622 2116 3659 tam
2148 3608 2390 3659 lubenter

1364 3688 1491 3739 velis
1522 3687 1674 3739 ludos
1705 3689 1874 3745 facere
1915 3689 1967 3739 in
2002 3700 2162 3758 ponte
2193 3689 2350 3754 longo
2371 3728 2384 3748 ‚

1363 3768 1454 3820 ubi
1488 3769 1539 3819 in
1571 3782 1822 3839 promptu
1855 3768 1946 3820 tibi
1973 3782 2047 3819 est
2075 3765 2292 3818 saliendi
2318 3768 2388 3817 fa·

1364 3847 1557 3911 cultas,
1578 3847 1666 3899 sed
1691 3842 1921 3919 (inepta)
1952 3849 2138 3899 frustra
2161 3860 2208 3897 ct
2232 3846 2390 3896 nimis

1364 3929 1517 3979 auxia
1553 3929 1703 3980 times
1732 3929 1895 3980 fulcra
1927 3929 2097 3997 lignea
2130 3926 2385 3995 ponticuli

1365 4010 1634 4059 trementis
1656 4024 1703 4060 et
1722 4007 2052 4068 adsultantis,
2072 4026 2135 4057 uc
2157 4023 2387 4075 praeccps·

1368 4088 1456 4138 ille
1495 4087 1644 4140 cadat
1677 4102 1725 4139 ct
1758 4088 1809 4138 in
1842 4089 2005 4139 lutosa
2051 4084 2244 4156 palude
2272 4104 2388 4137 cor-

1370 4181 1483 4218 ruat
1518 4207 1532 4229 ,
1585 4167 1726 4219 unde
1780 4170 1829 4218 iu
1882 4166 2157 4236 pristinum
2202 4179 2387 4215 statum
