2986 4935
814 443 1257 550 csRMEN
1313 444 1551 508 xxv.

2152 469 2246 538 97

339 576 645 669 Idemque
690 572 955 661 Thalle,
994 570 1252 641 turbida
1287 573 1589 666 rapacior
1621 570 1938 665 procella,

341 684 557 771 Quum
592 680 678 749 de
713 680 822 748 via
856 678 1090 748 mulier
1125 703 1277 746 aves
1315 678 1600 746 ostendit
1631 680 2015 764 oscitantes;
2235 703 2256 740 5

295 881 300 888 ,
342 790 620 857 Remitte
663 785 935 882 pallium
974 785 1132 854 mihi
1171 810 1425 871 meum,
1455 784 1634 877 quod
1678 782 2019 868 involasti,

177 1024 383 1056 «mmmm
404 1002 623 1069 dicitur,
647 1001 742 1054 ubi
760 998 870 1054 vid.
896 1001 1153 1053 Burman·

175 1103 252 1136 nus
267 1082 530 1137 SectmdnS.

243 1170 293 1228 4,
321 1165 365 1217 5.
400 1164 575 1216 Locus
599 1158 758 1213 valde
782 1158 1072 1231 impeditus
1101 1172 1153 1211 et

178 1242 292 1295 vario
325 1242 470 1296 modo
529 1254 754 1293 tentatus
769 1277 785 1304 ,
834 1241 983 1311 cujus
1020 1238 1152 1290 inte-

177 1322 372 1391 gritatem
410 1342 473 1375 ne
511 1319 589 1373 sie
632 1318 886 1391 quidem,
923 1331 984 1370 ut
1009 1336 1154 1370 nune

178 1418 228 1451 ex
256 1400 597 1454 emendatione
621 1399 866 1469 scaligeri
908 1397 1155 1450 omnibus

175 1480 262 1532 fere
297 1482 497 1550 probata
540 1480 748 1550 legitur,
790 1490 1033 1549 praestare
1065 1495 1154 1528 ve-

177 1558 265 1610 lim.
304 1560 563 1623 Quantum
619 1559 734 1610 fieri
778 1558 999 1628 poterit,
1042 1575 1154 1607 rem

176 1637 564 1709 interpretatione
590 1637 818 1689 emolliri
838 1635 1153 1689 studeamus.

175 1717 477 1788 comparatur
522 1717 708 1770 Thalli
754 1717 1006 1786 rapacitas
1054 1728 1155 1767 tut·-

175 1795 277 1848 hida
319 1811 363 1849 et
413 1796 598 1850 omnia
653 1814 827 1848 secum
878 1794 1159 1865 abripienti

170 1877 356 1944 procelloe
372 1916 388 1942 ‚
425 1875 601 1948 qualis
640 1877 749 1928 fere
788 1875 943 1928 instat
958 1912 974 1938 ‚
1016 1893 1156 1945 quum

176 1955 223 2005 de
257 1960 328 2008 via
359 1958 522 2009 mulier
557 1950 793 2026 (quaevis
830 1972 975 2023 saga,
1011 1956 1041 2010 ἡ
1072 1973 1157 2006 τυ·

174 2032 342 2102 χοῦσι)
380 2036 593 2089 attendit
619 2033 697 2098 (se
732 2035 1025 2085 observasse
1064 2030 1157 2096 ait)

176 2116 287 2166 alites
304 2121 569 2180 oscitantes,
586 2132 779 2184 magno
798 2113 1028 2165 clamore
1051 2107 1157 2173 (hi-

172 2194 259 2246 anti
277 2192 378 2258 ore)
395 2206 758 2268 tempestatem
780 2192 1154 2262 praesagientes

176 2274 266 2336 vel,
289 2293 438 2344 quum
483 2271 750 2327 monetde
791 2271 999 2323 alitibus
1025 2273 1157 2324 osci-

177 2354 387 2405 tantibus.
416 2353 686 2407 Ostendet-e
715 2366 791 2403 est
820 2351 1038 2402 verbum
1070 2371 1157 2402 au·

173 2434 338 2501 gurale.
379 2434 462 2488 Ad
499 2452 616 2486 aves
658 2434 908 2484 oscitantes
946 2431 1157 2483 fortasse

173 2512 330 2565 referri
359 2527 582 2585 possunt
610 2512 825 2577 fulices,
862 2510 928 2564 de
967 2512 1159 2580 quibus

170 2591 331 2644 Cicero
360 2593 426 2646 de
453 2595 582 2646 Div.
611 2594 637 2644 1
655 2632 669 2651 ,
696 2596 750 2655 8,
786 2598 870 2654 14,
902 2608 963 2641 ex
995 2591 1158 2642 veteri

172 2685 334 2739 poeta:
357 2700 377 2719 ι
399 2673 544 2726 Cana
578 2671 711 2724 fulix
751 2669 929 2722 itidem
959 2669 1161 2740 fugiens

171 2767 196 2800 e
211 2751 396 2821 gurgite
418 2754 577 2823 ponti
594 2790 610 2815 ,
639 2750 859 2802 Nuntiat
877 2748 1162 2800 horribiles

168 2828 370 2882 clamans
411 2833 614 2885 instare
657 2828 946 2900 procellae,
1005 2826 1161 2881 Haud

171 2907 381 2961 modicos
396 2911 632 2964 tremulo
657 2907 882 2961 fundens
906 2927 934 2958 e
956 2921 1164 2977 gutture

168 3002 340 3042 cantus.
353 3017 374 3036 ι
398 2991 505 3043 Pro
525 2993 785 3042 oscitantes
803 2988 933 3038 mihi
949 2987 1003 3037 in
1026 3007 1165 3038 men·

171 3078 260 3118 tem
279 3070 514 3123 veniebat
538 3073 805 3122 ominantes
823 3107 838 3129 ,
865 3067 975 3118 scil.
999 3067 1156 3117 turbi-

166 3142 270 3198 dam
288 3150 601 3219 procellam.
621 3146 723 3200 Sed
739 3147 911 3199 nescio
928 3145 1057 3216 quid
1073 3144 1159 3197 du·

168 3225 207 3275 ri
235 3240 279 3278 et
310 3229 486 3300 frigidi
523 3231 581 3281 in
622 3241 732 3280 toto
762 3227 862 3277 hoc
901 3245 1048 3275 versu
1081 3245 1164 3277 re·-

169 3321 345 3371 manet,
374 3310 466 3379 qui
495 3311 716 3361 fortasse
747 3323 950 3376 pannus
972 3318 1167 3356 assutus

165 3385 291 3437 scioli
313 3387 596 3460 cujusdam
619 3399 711 3438 est.

237 3465 283 3516 5.
314 3467 517 3519 Mirum
547 3468 608 3518 in
639 3462 857 3517 modum
887 3462 1170 3515 turbantin

164 3542 413 3599 hocversu
433 3548 573 3600 libb.
587 3558 712 3597 vett.
731 3546 791 3595 In
808 3543 1046 3614 plurimis
1065 3537 1163 3594 e'st:

168 3624 310 3691 Quum
339 3627 452 3677 diva
491 3627 670 3676 mulier
701 3643 807 3674 aves
843 3615 967 3692 (pro
992 3640 1097 3692 quo
1119 3621 1171 3671 in

162 3703 460 3773 quibusdam
499 3706 643 3757 alites
676 3704 756 3753 vel
787 3693 942 3767 alios)
972 3700 1174 3752 ostendit

163 3789 417 3837 oscitantes.
447 3787 516 3836 Iu
547 3783 746 3835 Mureti
769 3780 894 3834 edit.
924 3782 948 3831 1
967 3821 982 3846 ,
1015 3782 1173 3847 Quum

163 3862 261 3914 ἄρα
290 3878 449 3916 mater
476 3867 627 3915 alites
661 3862 864 3913 ostendit
900 3866 1175 3912 occinentes.

161 3942 254 3996 Pro
278 3951 550 3997 minantes
574 3942 735 3994 offert
753 3941 877 3993 Stat.
906 3945 1176 3991 oscinentes.

163 4021 344 4076 Notata
376 4024 550 4094 digna
592 4035 643 4073 et
677 4021 875 4072 nemini
913 4022 1181 4072 observata

160 4115 226 4154 est
267 4104 423 4157 lectio
441 4143 458 4168 ‚
516 4119 686 4172 quam
733 4099 905 4169 reperi
953 4100 1003 4150 in
1054 4096 1178 4150 edit.

1238 999 1449 1070 Gryph.
1477 1000 1545 1052 ab
1576 1019 1715 1052 anno
1760 1001 1929 1072 1537,
1971 1002 2131 1072 Quum
2147 1006 2257 1057 dira

1239 1083 1383 1131 maris
1412 1081 1573 1153 hyems
1602 1100 1710 1132 aves
1740 1082 1947 1134 ostendit
1979 1088 2251 1149 oscitantes,

1236 1177 1354 1229 quta
1383 1158 1599 1229 quidem
1629 1159 1810 1225 leode,
1839 1160 1999 1214 modo
2030 1178 2257 1220 metrum

1239 1251 1453 1303 constet,
1495 1257 1698 1290 sensum
1749 1241 1972 1294 maxime
2019 1261 2257 1299 commo-

1239 1316 1368 1392 dum
1408 1317 1585 1369 fundit
1626 1319 1798 1370 hunc:
1847 1320 2077 1385 Quando
2114 1344 2258 1379 mare

1241 1397 1452 1449 saeviens
1475 1397 1532 1448 in
1565 1412 1901 1468 conspectum
1931 1403 2112 1455 venire
2140 1404 2260 1458 sinit

1241 1495 1360 1528 aves
1388 1478 1687 1539 oscitantes,
1722 1478 1773 1530 h.
1815 1497 1858 1531 e.
1903 1478 2120 1534 diducto
2165 1505 2259 1538 ore

1242 1555 1579 1607 clamitantes.
1626 1557 1850 1628 Intelligi
1884 1559 2127 1629 inprimis
2164 1562 2260 1616 de-

1241 1636 1366 1687 bent
1393 1634 1677 1706 halcyones
1701 1638 1782 1688 vel
1811 1638 2000 1691 fulicae.
2045 1642 2262 1696 Vossius

1243 1734 1304 1767 ex
1345 1715 1547 1783 optimo
1587 1718 1904 1787 exemplari,
1946 1718 2094 1789 quod
2129 1723 2258 1776 olim

1243 1795 1344 1846 suit
1368 1793 1612 1847 Palatina·
1638 1795 2000 1863 Bibliothecae,
2025 1803 2255 1870 profert,

1247 1875 1407 1943 Quum
1426 1873 1538 1925 diva
1561 1875 1723 1926 Malia
1746 1896 1887 1927 naves
1908 1881 2115 1930 ostendit
2138 1887 2260 1934 osci·

1246 1965 1398 2004 tantos
1415 1993 1429 2014 ,
1459 1950 1600 2004 unde
1623 1954 1823 2024 effingit
1850 1974 1862 2007 ε
1899 1960 2057 2026 Quum
2095 1963 2259 2014 elit-ias

1245 2033 1410 2085 Malea
1442 2053 1549 2083 aves
1574 2034 1777 2084 ostendit
1801 2041 2066 2091 oscitantes.
2095 2040 2259 2092 Hein-

1242 2113 1347 2163 sius
1385 2130 1630 2180 campum
1665 2113 1754 2163 hic
1784 2128 1994 2178 nactus,
2038 2119 2126 2170 ubi
2169 2139 2259 2171 ex·

1243 2192 1456 2242 sultaret
1472 2191 1740 2260 ingenium
1765 2211 1916 2244 suum
1937 2234 1950 2257 ‚
1973 2196 2256 2265 legendum

1245 2290 1351 2322 esse
1388 2271 1705 2338 pronunciat
1736 2272 1790 2322 in
1822 2272 1942 2326 Not.
1973 2274 2039 2326 ad
2070 2278 2258 2329 Catull.

1248 2352 1407 2417 (hmm
1421 2349 1601 2401 Clivias
1621 2351 1784 2401 Μαίεα
1803 2371 1909 2403 aves
1929 2357 2135 2409 ostendit
2150 2378 2260 2409 arce

1245 2443 1443 2491 nantes‚·
1470 2431 1547 2481 vel
1566 2469 1581 2497 ‚
1612 2431 1769 2499 Quum
1792 2431 1949 2485 devias
1971 2455 2099 2487 mare
2123 2438 2261 2491 alites

1245 2509 1803 2563 ostenditobnatantes.N
1804 2526 1940 2566 ostra
1957 2536 2080 2567 vero
2090 2518 2265 2583 lectio,

1250 2592 1407 2656 Ouum
1435 2590 1495 2640 de
1532 2594 1618 2641 via
1655 2592 1833 2652 mulier,
1867 2591 2089 2648 debetur
2118 2598 2262 2668 inge-

1247 2670 1337 2720 nio
1367 2669 1631 2739 Scaligeri.
1659 2703 1737 2712 -—-
1769 2670 1870 2722 Sed
1899 2693 2081 2726 omnes
2106 2678 2259 2731 MSS.

1248 2746 1372 2800 dant
1396 2754 1506 2799 aiva
1521 2789 1535 2811 ,
1564 2769 1670 2800 non
1698 2751 1756 2800 cle
1781 2756 1881 2802 vim
1910 2752 2147 2805 Handius
2173 2776 2262 2808 ex·

1249 2827 1588 2899 pungendum
1609 2844 1780 2881 censet
1800 2843 1964 2881 totum
1988 2833 2130 2885 hunc
2153 2855 2264 2887 ver-

1251 2926 1364 2959 sum
1394 2921 1639 2977 tanquam
1666 2928 2120 2978 supervacaneum,
2154 2934 2262 2965 sen-

1251 3006 1336 3037 sus
1376 3001 1639 3056 expertem
1659 3026 1672 3051 ‚
1700 3001 1749 3038 et
1778 2989 2145 3058 interpolatum
2166 3032 2180 3056 ,
2207 3008 2264 3045 ut

1252 3079 1374 3136 pote
1385 3067 1471 3136 qui
1492 3067 1715 3117 nonalia
1737 3066 1894 3118 modo
1914 3069 2153 3122 exsistere
2175 3091 2268 3140 po·

1253 3147 1428 3208 tuerit,
1455 3164 1613 3214 quam
1646 3148 1874 3197 consutis
1895 3149 2050 3199 variis
2074 3152 2266 3218 verbis,

1253 3243 1369 3293 quae
1394 3226 1697 3295 glossatores
1727 3226 1779 3275 in
1812 3229 2045 3296 margine
2077 3229 2271 3282 adscri-

1251 3305 1463 3373 pserint.
1491 3305 1556 3354 N.

1335 3391 1386 3435 6.
1421 3385 1623 3434 Remitte
1644 3386 1865 3453 pallium,
1889 3386 2032 3456 quod
2058 3388 2269 3442 fortasse

1260 3462 1315 3513 in
1345 3463 1546 3514 balneis
1568 3464 1772 3515 Catullo
1794 3465 1926 3516 clam
1956 3466 2272 3522 subduxerat

1259 3542 1492 3594 Thallus.
1526 3543 1822 3594 Utebautur
1856 3546 2009 3597 etiam
2049 3549 2274 3601 Romani

1261 3622 1422 3689 pallio
1451 3622 1504 3672 in
1539 3623 1714 3673 coenis.
1750 3622 1874 3674 Vid.
1910 3624 2060 3678 Fulv.
2093 3628 2271 3680 Ursin.

1260 3702 1314 3751 in
1358 3700 1663 3771 Appendice
1703 3702 1768 3753 ad
1807 3705 2018 3755 Petrum
2062 3707 2277 3759 Ciacco-

1265 3781 1411 3832 nium
1435 3779 1502 3830 de
1514 3781 1775 3834 Triclinio
1792 3824 1806 3846 ‚
1826 3804 1875 3854 p.
1900 3786 2026 3836 238.
2049 3788 2196 3851 Quod
2210 3792 2281 3837 in-

1269 3860 1472 3912 volastc':
1511 3861 1770 3929 eleganter
1801 3863 2046 3914 dicuutur
2080 3868 2280 3919 involat-i

1269 3958 1365 4002 res,
1394 3940 1588 4009 quibus
1613 3960 1818 3992 summo
1849 3962 1967 3993 cum
2000 3944 2200 4014 impetu
2231 3961 2283 3997 ct

1269 4018 1528 4069 celeritate
1575 4038 1759 4071 manns
1797 4022 2045 4091 injicitur.
2080 4054 2158 4064 —-
2197 4025 2281 4076 Cf.

1270 4098 1554 4168 quaeVulp.
1568 4097 1635 4149 de
1652 4101 1810 4169 pallio
1826 4100 2049 4169 plurima
2064 4118 2286 4157 enarrat.

1936 4234 1970 4265 ‘¹1'

1940 4270 1959 4300 l
