2986 4935
685 460 833 546 234

1208 465 1282 528 C.
1319 464 1751 530 VALERII
1811 466 2271 532 CATULLI

786 596 1129 662 Emersere
1166 592 1284 659 feri
1319 593 1622 661 candenti
1667 620 1701 661 e
1744 597 2002 687 gurgite.
2042 594 2259 664 vultus

784 701 1127 793 AEquoreae
1166 714 1533 767 monstrum
1571 700 1885 768 Nereides
1920 701 2351 782 admirantes3
2751 733 2787 768 ιε

680 955 874 990 errore.
905 934 1034 988 Vid.
1072 935 1457 986 Draclwnborck.
1495 933 1562 985 ad
1602 935 1694 987 Sil.

690 1017 802 1069 Ital.
833 1017 966 1074 VII,
1000 1022 1063 1076 41
1080 1035 1106 1067 ι
1130 1054 1144 1079 ,
1171 1027 1221 1066 et
1247 1033 1379 1084 quos
1402 1014 1472 1064 ibi
1503 1012 1695 1065 laudat.

684 1129 762 1137 -—
783 1096 1005 1146 Incaeeuit
1031 1097 1081 1146 in
1119 1093 1270 1145 MSS.
1302 1106 1351 1145 et
1384 1092 1695 1163 quibusdam

686 1174 833 1226 editt.
859 1187 1011 1236 vett„
1037 1173 1183 1242 quod
1207 1186 1310 1224 tam
1336 1174 1406 1224 ob
1433 1172 1607 1223 statim
1629 1191 1699 1222 se·

687 1273 851 1324 quens
902 1254 1148 1313 condenti,
1195 1272 1351 1322 quam
1396 1253 1465 1303 ob
1507 1271 1555 1303 v,
1597 1255 1662 1305 18
1682 1292 1693 1312 ‚

690 1334 776 1384 ubi
813 1344 889 1383 est
919 1352 1038 1382 cano
1059 1352 1272 1401 oequore,
1303 1352 1409 1382 non
1443 1332 1579 1382 male
1608 1331 1698 1382 de·

685 1409 829 1462 feudi
854 1431 998 1480 posse
1021 1409 1243 1461 videtur.
1263 1442 1336 1451 —-
1366 1413 1604 1480 Tortaque
1631 1432 1697 1460 re-

690 1496 804 1559 mig.
826 1510 975 1560 spum.
1009 1494 1098 1541 inc.
1132 1491 1288 1549 unda,
1317 1489 1571 1558 exquisite
1603 1510 1700 1560 pro

689 1570 889 1639 vulgari
925 1596 944 1616 ιι
968 1570 1187 1638 remigio
1214 1571 1404 1640 agitata
1431 1569 1580 1620 fuit.»
1619 1571 1701 1620 In-

685 1651 902 1709 ‹tundui!,
949 1650 1246 1702 ἐλευκαίνετο
1278 1649 1470 1707 πόντος.
1501 1649 1703 1699 Lenzius

690 1732 740 1780 in
764 1730 865 1782 litt.
882 1740 1152 1797 comparat
1175 1728 1280 1791 Qu.
1300 1727 1512 1796 Smyrn.
1535 1729 1601 1784 V,
1628 1731 1698 1781 86

689 1828 800 1879 sqq.
825 1808 1000 1877 Apoll.
1031 1806 1202 1858 Rhod.
1224 1810 1249 1858 1
1269 1847 1282 1870 ,
1323 1827 1341 1858 1
1359 1807 1488 1875 3²7·

776 1895 840 1950 ¹4
863 1916 882 1923 -
914 1889 1002 1939 15.
1053 1887 1115 1937 In
1162 1884 1569 1956 interpretandis
1623 1887 1704 1937 his

687 1966 895 2018 duobus
922 1966 1155 2018 versibus
1193 1966 1346 2018 valde
1383 1964 1703 2018 fluctuarunt

689 2049 1019 2117 interpretes,
1044 2059 1094 2097 et
1114 2065 1288 2097 sensus
1306 2046 1702 2115 ambiguitatem

689 2126 1003 2197 conjecturis
1021 2126 1212 2176 tollere
1230 2124 1561 2177 studuerunt.
1594 2125 1706 2175 Mit-

687 2208 985 2256 scherlicleius
1016 2204 1228 2275 quidem
1255 2205 1306 2256 in
1341 2207 1484 2256 Lect.
1520 2205 1571 2255 iu
1605 2205 1705 2254 Ca-

690 2286 801 2337 tull.
860 2304 971 2355 pag.
1033 2291 1097 2347 16
1120 2323 1134 2347 ,
1177 2286 1258 2335 vel
1309 2281 1702 2336 rescribendum

697 2392 716 2410 ·
749 2367 1020 2416 Emersere
1053 2382 1208 2415 rum-1
1239 2362 1482 2416 candenti
1523 2381 1704 2431 egur-

688 2445 794 2514 gite
813 2445 987 2495 vultus
1006 2445 1254 2513 AEquorei
1276 2464 1289 2508 ;
1319 2470 1338 2488 ι-
1364 2443 1445 2494 vel
1460 2443 1701 2512 copulam

690 2539 736 2573 ct
781 2538 896 2593 post
947 2542 1174 2592 oeqeeorece.
1221 2521 1470 2573 excidisse
1517 2534 1665 2592 putat
1688 2558 1703 2581 ‚

691 2624 806 2673 quae
852 2601 1114 2673 posterior
1147 2602 1280 2651 ratio
1327 2602 1544 2671 probata
1580 2621 1705 2671 quo·

688 2702 793 2751 que
820 2684 917 2732 fuit
947 2681 1154 2750 Hernio.
1179 2683 1243 2731 At
1270 2684 1490 2743 Lenzius,
1513 2684 1562 2732 in
1594 2692 1701 2731 not.

688 2761 752 2812 ad
784 2763 834 2812 1ι.
867 2763 899 2811 Ι.
928 2779 980 2830 p.
1012 2762 1081 2826 95
1104 2799 1118 2822 ‚
1148 2760 1555 2830 ingeniosissime
1579 2779 1704 2811 con-

692 2841 895 2907 jiciebat
919 2841 1217 2891 «Enim-sere
1231 2859 1384 2892 rums
1410 2838 1651 2890 candenti
1676 2859 1703 2890 e

687 2921 891 2990 gurgite
916 2939 1095 2971 1³quAE
1127 2924 1393 2990 ,Equoreae
1413 2931 1701 2970 monstrum

689 2999 942 3051 Nereides
981 2999 1322 3064 admirantes3
1349 3026 1368 3044 ι-
1405 3000 1489 3051 cui
1534 2999 1704 3049 favere

689 3080 965 3132 videbatur
999 3080 1199 3131 Moscli.
1235 3081 1432 3148 Europ.
1481 3098 1499 3129 1
1522 3084 1586 3139 14
1627 3097 1701 3148 sq.

687 3157 919 3231 Νηρεΐδες
969 3156 1020 3211 δ’
1054 3155 1294 3211 ἀνέδυσαν
1342 3160 1427 3208 ὑπ’
1470 3158 1520 3219 ἐξ
1564 3159 1699 3217 ἁλὸς,

686 3243 736 3292 αἱ
779 3237 830 3291 δ”
876 3240 971 3309 ἄρα.
1009 3241 1168 3289 πᾶσαι
1220 3239 1440 3296 Kranioi:
1483 3238 1703 3289 νώτοισιν

685 3320 918 3387 ἑφῆμεναι
938 3354 952 3379 ,
982 3330 1032 3368 et
1059 3316 1246 3371 Claud.
1269 3319 1316 3367 X
1337 3356 1350 3379 ,
1392 3336 1410 3367 ι
1427 3318 1496 3385 59
1519 3337 1532 3379 ;
1564 3314 1700 3367 idem

692 3410 864 3448 tamen
913 3398 1088 3466 paullo
1138 3408 1254 3465 post
1293 3394 1359 3447 de
1404 3395 1703 3465 integritate

690 3476 792 3527 loci
833 3495 939 3527 non
982 3475 1206 3543 amplius
1235 3472 1443 3526 dubitat
1462 3515 1476 3539 ‚
1504 3473 1570 3526 de
1602 3492 1702 3544 qua

689 3575 784 3607 nec
817 3555 966 3606 nobis
988 3552 1346 3624 ampliandum
1375 3553 1600 3606 videtur.
1627 3586 1702 3595 —-

691 3637 935 3686 Emer-sere
962 3637 1089 3701 seri,
1132 3646 1228 3685 etc.
1267 3636 1457 3685 Sensus
1497 3646 1568 3685 est
1596 3650 1608 3684 :
1634 3634 1700 3683 si-

692 3718 860 3767 mulac
885 3715 1031 3767 navis
1061 3714 1159 3765 iter
1191 3732 1342 3765 suum
1366 3714 1420 3765 in
1455 3713 1587 3764 mari
1621 3712 1700 3763 in·

686 3814 855 3866 gressa
878 3807 983 3860 est,
1008 3793 1269 3863 Nymphae
1285 3793 1501 3844 marinae
1516 3829 1531 3852 ‚
1550 3792 1697 3843 vultu

683 3888 864 3939 torvo,
892 3888 945 3927 et
974 3872 1041 3925 ad
1069 3885 1334 3942 stuporem
1357 3873 1426 3923 ob
1456 3871 1531 3921 rei
1551 3872 1698 3922 novi·

684 3966 840 4007 tatem
875 3966 927 4005 et
957 3953 1232 4005 hominum
1254 3948 1523 4001 audaciam
1551 3968 1694 4001 com·

689 4035 858 4102 posito
873 4072 887 4096 ,
904 4045 1120 4103 repente
1142 4050 1171 4082 e
1194 4028 1360 4082 fundo
1388 4028 1547 4081 maris
1570 4048 1693 4098 pro·

684 4113 950 4182 spiciunt,
998 4125 1050 4163 et
1092 4128 1292 4162 summa
1346 4106 1693 4160 admiratione

1787 950 2131 988 monstrosam
2153 938 2298 988 navis
2322 937 2547 1006 figuram
2575 937 2793 989 animad-

1786 1028 2013 1068 vertunt.
2040 1018 2157 1069 Fer-i
2178 1018 2341 1067 vultus
2369 1028 2445 1067 est
2462 1035 2612 1068 casus
2630 1035 2794 1069 secun·

1784 1094 1883 1146 dus
1900 1133 1913 1157 ,
1932 1108 1982 1146 et
2004 1093 2202 1166 pendet
2220 1116 2248 1147 a
2262 1096 2491 1148 Nereides
2507 1095 2563 1146 b.
2593 1115 2639 1147 e.
2667 1097 2792 1148 «Ne-

1786 1172 1956 1225 reides
1983 1177 2095 1227 fero
2123 1175 2275 1228 vultu
2305 1178 2409 1245 jam
2446 1173 2684 1245 praeditae
2719 1175 2790 1226 vel

1787 1252 2000 1306 indutae.
2018 1286 2093 1295 —
2112 1256 2264 1307 Ferus
2279 1256 2444 1306 vultus
2463 1267 2642 1306 autem
2667 1269 2793 1307 recte

1788 1345 1839 1384 et
1857 1334 2119 1403 eleganter
2146 1332 2213 1385 de
2236 1335 2385 1386 vultu
2409 1347 2592 1396 torvo,
2614 1335 2794 1386 severi-

1789 1425 1941 1464 tatem
1986 1427 2318 1484 stuporemve
2359 1432 2468 1483 prae
2513 1431 2569 1464 se
2609 1413 2795 1465 ferente

1789 1491 1998 1544 dicitur.
2026 1493 2276 1545 Horatius
2300 1494 2463 1563 Epist.
2492 1494 2550 1556 1,
2570 1508 2638 1559 19
2655 1531 2671 1556 ‚
2702 1509 2793 1544 ηε

1797 1597 1817 1616 ι
1841 1572 2024 1636 Quid?
2053 1573 2094 1623 si
2122 1572 2239 1643 quis
2258 1573 2407 1625 vultu
2432 1585 2586 1625 torvo
2611 1571 2749 1623 ferus
2767 1595 2787 1616 ο

1791 1664 1888 1702 etc.
1916 1684 1994 1693 --
2020 1653 2179 1703 Plane
2206 1652 2275 1703 ita
2302 1671 2398 1702 nos
2424 1650 2653 1704 dicimus
2675 1655 2796 1702 einen

1794 1730 1964 1782 wilde-n
1981 1732 2136 1782 Blick.
2148 1764 2224 1771 —
2239 1731 2513 1782 Haeserunt
2533 1731 2591 1780 in
2610 1728 2714 1782 hoc
2731 1731 2800 1782 lo·

1792 1829 1856 1860 co
1883 1824 1932 1862 et
1954 1809 2105 1862 valde
2129 1812 2182 1862 in
2210 1829 2274 1862 eo
2297 1807 2631 1861 emendando
2659 1810 2796 1860 labo·

1789 1902 1973 1940 rarunt
2006 1890 2197 1942 Me‘tsclr.
2229 1902 2277 1941 et
2301 1890 2540 1951 Lenzae'm,·
2569 1887 2660 1939 sed
2689 1907 2801 1960 pro-

1792 1968 1925 2019 fecto
1956 1970 2187 2039 qualibet
2213 1969 2540 2020 correctione
2569 1980 2681 2019 tota
2706 1968 2797 2019 bu-

1787 2048 1871 2117 jus
1928 2048 2029 2100 loci
2091 2048 2291 2100 tollitur
2349 2047 2603 2118 elegantia
2625 2087 2640 2110 ,
2702 2064 2798 2118 qua

1794 2127 2162 2198 Nympharum
2176 2166 2190 2188 ‚
2211 2126 2485 2179 audaciam
2508 2128 2798 2198 primorum

1791 2219 2064 2258 nautarum
2092 2205 2308 2277 indigne
2331 2206 2641 2268 ferentium,
2667 2224 2802 2275 egre·

1791 2285 1874 2354 gie
1901 2287 2057 2355 plane
2087 2285 2430 2337 adumbratur
2460 2287 2656 2354 imago.
2688 2284 2799 2336 Huc

1792 2363 2016 2428 accedit,
2052 2363 2194 2435 quod
2223 2366 2402 2416 tetrica
2438 2363 2689 2435 quaedam
2716 2382 2802 2415 au·

1791 2444 1988 2497 steritas
2001 2448 2105 2515 jam
2130 2445 2255 2497 olim
2280 2445 2347 2496 ab
2367 2443 2495 2515 ipsis
2513 2443 2804 2497 artificibus

1791 2524 1983 2575 tributa
2003 2539 2075 2576 est
2096 2523 2384 2576 Nereidum
2404 2525 2658 2576 vultibus.
2682 2522 2799 2574 vid.

1792 2604 2005 2672 Lippa-rei
2031 2605 2330 2674 Dactjysioth.
2362 2604 2496 2656 Mill.
2526 2605 2554 2654 Ῑ
2572 2643 2587 2669 ‚
2615 2610 2712 2671 74.
2733 2635 2804 2644 —

1793 2683 1937 2734 Nihil
1959 2696 2151 2735 temere
2168 2684 2221 2734 in
2238 2683 2472 2735 hocloco
2491 2681 2801 2734 mutandum

1791 2780 1900 2812 esse
1928 2763 2081 2814 sensit
2104 2781 2314 2833 quoque
2334 2763 2435 2813 Vir
2465 2764 2668 2814 Doctus
2685 2800 2699 2824 ‚
2720 2761 2805 2830 qui

1791 2843 2046 2893 recensuit
2082 2843 2252 2892 Lenzii
2307 2842 2541 2893 libellum
2592 2841 2646 2891 in
2697 2844 2803 2891 Act.

1792 2920 2197 2973 Litter.Jenens.
2224 2914 2396 2989 (scid.
2430 2922 2560 2985 XX,
2590 2912 2806 2989 1787l3

1791 3018 1946 3068 quem
1994 3013 2165 3051 tamen
2183 3039 2197 3062 ,
2238 3000 2533 3067 acutissime
2574 2999 2708 3050 alias
2746 2997 2809 3050 de

1791 3080 2021 3130 carmine
2068 3093 2247 3130 nostro
2283 3077 2647 3150 judicantem,
2676 3079 2807 3129 Vos·

1790 3158 1984 3209 sianam
2008 3159 2261 3210 rationem
2279 3197 2293 3222 ‚
2317 3173 2419 3230 qua
2429 3158 2532 3223 seri
2554 3158 2727 3208 vultus
2743 3156 2811 3208 ad

1791 3250 2043 3287 monstrum
2075 3238 2327 3302 trahitur,
2358 3237 2671 3307 amplexum
2706 3254 2813 3289 esse

1792 3316 1971 3368 miror.
2003 3318 2137 3368 Nam
2170 3319 2314 3368 locus
2348 3317 2598 3386 Apollon.
2629 3314 2810 3367 Rhod.

1793 3396 1892 3453 lv,
1920 3397 2053 3458 316,
2073 3415 2229 3466 quem
2253 3397 2455 3466 egregie
2480 3414 2604 3448 cum
2626 3408 2812 3446 nostro

1791 3488 2080 3544 comparat,
2101 3473 2168 3525 ad
2190 3475 2328 3527 hanc
2351 3474 2613 3527 rationem
2633 3472 2813 3526 defen·

1792 3552 2021 3606 dendnm
2052 3554 2184 3605 nihil
2215 3555 2367 3606 valet.
2398 3586 2475 3597 -—
2511 3554 2689 3606 Miror
2718 3571 2814 3606 cm·

1792 3633 1890 3684 viri
1919 3632 2057 3685 docti
2088 3644 2283 3685 tantam
2308 3632 2566 3685 exsudent
2588 3650 2810 3703 operam

1790 3712 1843 3763 in
1879 3712 1995 3764 loco
2013 3750 2028 3778 ,
2061 3713 2185 3782 qui,
2213 3714 2312 3764 nisi
2345 3712 2533 3774 fallor,
2564 3725 2644 3764 est
2674 3712 2813 3763 inte·

1788 3810 1910 3860 ger,
1948 3789 2295 3843 emendando.
2337 3792 2581 3861 Namque
2618 3792 2660 3843 si
2691 3789 2817 3841 due

1788 3888 1942 3922 voces
1977 3873 2069 3933 ser-i
2092 3872 2257 3921 vultus
2283 3883 2425 3922 recto
2452 3888 2576 3921 (κω
2606 3871 2661 3922 in
2689 3870 2814 3940 plu-

1788 3950 1884 4002 rali
1907 3968 2130 4001 numero
2153 3951 2404 4002 restituta
2426 3948 2645 4013 fuerint,
2664 3949 2819 4000 exin-

1785 4029 1853 4081 de
1877 4048 1969 4099 per
1990 4030 2291 4099 appositum
2317 4047 2550 4099 oeqoeoreoe
2576 4029 2813 4080 Nereides

1786 4122 2065 4177 sequentur
2085 4146 2099 4169 ,
2124 4121 2174 4161 et
2203 4109 2276 4161 sic
2305 4106 2513 4177 liquido
2538 4119 2647 4159 tota
2672 4106 2813 4159 fluet
