2986 4935
692 499 841 569 :266

1218 505 1759 570 C.VALER11
1819 505 2278 571 CATULLI

794 631 1197 726 Multiplices
1238 634 1459 701 animo
1507 632 1812 701 volvebat
1857 637 2077 702 saucia
2122 659 2329 706 curas,

898 744 984 806 At
1028 754 1214 832 parte
1254 765 1334 806 ex
1377 738 1501 807 alia
1549 739 1789 807 florens
1827 738 2145 808 volitabat
2183 740 2506 820 Iacchus,

793 849 966 914 Cum
1003 845 1246 913 Thiaso
1283 847 1704 939 Satyrorum,
1742 860 1808 913 et
1844 845 2190 940 Nysigenis
2223 845 2497 931 Silenis,

696 1036 979 1106 apparebat
1023 1036 1076 1085 in
1110 1050 1248 1086 veste
1295 1037 1520 1105 stragula
1550 1076 1564 1099 ‚
1600 1055 1707 1106 quo

695 1128 870 1166 moesta
920 1112 1191 1166 cedentem
1237 1115 1426 1166 Thesei
1474 1116 1704 1168 carinam

693 1195 857 1246 oculis
883 1213 1195 1264 persequens
1217 1195 1439 1264 graviter
1463 1196 1711 1246 aestuabat

695 1288 746 1326 et
774 1274 914 1325 curis
942 1274 1247 1342 agitabatur.
1275 1303 1352 1313 —
1391 1276 1511 1326 Tum
1529 1313 1542 1333 ,
1577 1276 1634 1325 h.
1657 1296 1705 1324 e.

697 1373 759 1402 eo
804 1366 1072 1422 tempore,
1105 1371 1211 1422 quo
1240 1353 1474 1404 Theseus
1499 1355 1710 1422 aufuge-

696 1446 792 1483 rat.
835 1463 912 1472 -—
951 1433 1200 1484 Libenter
1239 1445 1392 1483 tamen
1428 1434 1709 1497 retineam,

698 1531 813 1581 quae
862 1513 1113 1580 particula
1157 1513 1429 1564 transitum
1478 1511 1544 1563 ad
1587 1513 1712 1564 alias

699 1611 809 1654 res,
843 1592 972 1642 sicut
1003 1590 1144 1661 apud
1178 1593 1390 1644 Graecos
1421 1592 1612 1660 αὐτὰρ,
1646 1593 1711 1642 si-

697 1671 909 1740 gnificet
926 1710 940 1733 ,
964 1685 1012 1721 et
1041 1672 1215 1722 minus
1239 1670 1446 1722 tardum
1471 1673 1536 1722 ab
1561 1673 1712 1723 initio

700 1768 905 1801 versum
936 1750 1103 1801 faciat.
1141 1750 1209 1802 N.

782 1831 910 1880 251.
954 1829 1130 1880 Saucia
1150 1872 1164 1894 ,
1202 1850 1440 1901 percussa
1483 1829 1668 1881 dolore
1699 1848 1710 1879 :

700 1910 794 1960 nisi
814 1909 932 1979 quis
944 1914 1102 1959 auimo
1118 1924 1221 1962 tam
1239 1909 1304 1961 ad
1321 1910 1541 1961 volvebat
1553 1929 1714 1979 quain

698 1988 764 2041 ad
807 1993 970 2039 saucia
1016 1990 1210 2042 referre
1250 1990 1413 2042 malit.
1463 1990 1714 2060 Exempla

701 2070 841 2120 enim
864 2108 876 2132 ,
920 2070 1007 2121 ubi
1053 2088 1215 2121 unum
1243 2089 1433 2121 nomen
1465 2068 1531 2120 ad
1564 2069 1714 2139 plura

701 2148 1014 2201 trahendum
1045 2164 1137 2213 est,
1154 2148 1300 2201 haud
1333 2168 1444 2200 rara
1474 2161 1613 2200 sunt.
1640 2181 1714 2188 -—-

702 2229 934 2280 Observa
970 2248 1073 2298 qua
1108 2229 1316 2280 solertia
1355 2230 1644 2280 orationem
1688 2247 1715 2278 a

703 2309 876 2377 primo
903 2322 1210 2377 argumento
1234 2307 1489 2360 deflexam
1512 2306 1578 2359 ad
1607 2309 1717 2358 Ari-

704 2387 863 2439 adnes
889 2389 1113 2456 effigiem
1144 2386 1375 2439 reducat.
1400 2390 1464 2440 N.

789 2467 914 2519 252.
948 2470 1022 2517 A!
1042 2482 1185 2535 pate-r
1210 2490 1267 2517 ea:
1293 2467 1391 2517 alia
1423 2469 1634 2518 Venett.
1668 2480 1718 2518 et

702 2548 853 2598 statii
886 2548 1033 2597 MSS.
1067 2551 1280 2605 omn‘es,
1309 2546 1452 2616 quod
1482 2545 1718 2597 defendit

709 2626 947 2689 vossium
981 2624 1069 2677 sed
1101 2639 1331 2676 nostram
1371 2641 1513 2678 recte
1542 2624 1715 2676 vindi·

702 2718 783 2758 cat
809 2707 1023 2756 Dor-ville
1056 2704 1120 2756 ad
1142 2705 1341 2757 Charit.
1364 2725 1416 2775 p.
1451 2707 1561 2772 359
1584 2744 1596 2767 ‚
1627 2706 1717 2756 ubi

704 2788 1023 2838 locutionem
1053 2807 1111 2834 ar
1141 2786 1238 2835 alla
1258 2798 1401 2855 parte
1434 2785 1609 2836 multis
1631 2803 1717 2835 ex-

707 2867 892 2936 emplis
932 2867 1224 2917 coufirmat.
1258 2898 1337 2907 -—
1377 2866 1451 2916 At
1484 2876 1625 2933 parte
1660 2886 1719 2914 ca:

703 2951 822 3006 alia,
844 2948 1095 2997 nimirum
1115 2946 1164 2995 in
1184 2958 1323 2996 veste
1343 2946 1583 3015 stragula.
1607 2945 1721 2994 Flo-

707 3047 809 3077 reus
823 3067 836 3086 ,
861 3028 930 3076 ob
951 3025 1325 3095 sempiternam
1341 3063 1355 3087 ,
1376 3044 1491 3095 quae
1514 3024 1719 3075 Baccho

706 3106 955 3157 tribuitur
975 3143 989 3166 ,
1007 3109 1331 3174 juventutem
1351 3144 1365 3167 ‚
1398 3118 1454 3156 ut
1483 3124 1545 3155 ex
1569 3104 1718 3154 fabu-

705 3186 766 3235 lis
797 3198 848 3235 et
873 3187 1126 3236 Veterum
1164 3186 1317 3253 signis
1354 3185 1471 3235 satis
1507 3195 1715 3235 notum.

707 3265 788 3314 (tf.
810 3263 1008 3314 Tibull.
1036 3265 1089 3326 Ι,
1119 3270 1148 3325 4
1171 3303 1184 3326 ,
1214 3264 1305 3332 37,
1329 3276 1379 3313 et
1405 3264 1475 3314 ibi
1502 3263 1720 3313 Brouck·

705 3347 806 3394 hus.
847 3372 925 3382 —-
968 3344 1233 3393 Mitscherl.
1276 3344 1450 3405 slot-ens
1500 3343 1719 3412 explicat

713 3434 1002 3492 ..quatenus
1025 3419 1218 3473 hedera
1244 3436 1293 3472 et
1323 3422 1584 3492 pampinis
1609 3421 1720 3472 cin-

705 3516 845 3568 ctus,
866 3527 885 3545 .
918 3500 1035 3564 (nec
1060 3499 1362 3552 dubitamus
1385 3499 1452 3551 de
1476 3520 1564 3565 re;
1597 3520 1716 3551 nain

704 3580 961 3653 ejusmodi
992 3600 1186 3632 corona
1210 3580 1455 3632 redimita
1479 3580 1721 3631 visuntur

703 3678 941 3734 tempora
962 3661 1152 3712 Bacchi
1167 3661 1221 3711 in
1243 3679 1465 3712 nummo
1484 3658 1722 3713 Wildia·

704 3765 772 3796 no
797 3741 939 3814 apud
965 3741 1263 3792 Brouckleus.
1289 3739 1356 3791 ad
1383 3740 1582 3791 Tibull.
1604 3740 1715 3800 ΙΙΙ,

708 3829 740 3875 6
761 3865 775 3888 ‚
801 3821 875 3885 α.)
898 3855 977 3863 —
996 3823 1175 3872 Lenzio
1203 3821 1568 3889 autemflorens
1600 3838 1721 3870 uve-

704 3916 830 3955 stem
860 3919 1184 3971 purpuream
1209 3913 1261 3951 et
1282 3898 1522 3950 florentia
1550 3912 1714 3950 serta.

703 3981 993 4051 significare
1009 3978 1245 4043 videtum
1267 3977 1357 4030 sed
1378 3978 1611 4048 primum
1634 3977 1722 4029 ad-

703 4059 915 4117 dubito.
948 4080 1010 4111 an
1026 4062 1213 4128 florens
1240 4058 1477 4111 absolute
1508 4060 1721 4127 proflo-

702 4141 829 4191 riIms
863 4140 941 4190 vel
978 4140 1151 4189 hedera
1192 4143 1372 4190 cinctus
1405 4156 1638 4207 unquam
1668 4137 1722 4188 in

1794 1036 1951 1088 latina
1983 1036 2160 1106 lingua
2193 1034 2401 1089 dictum
2431 1037 2497 1089 sit
2518 1077 2536 1103 ,
2574 1040 2661 1092 vel
2693 1042 2810 1093 bene

1796 1114 1902 1167 dici
1951 1129 2135 1186 queat3
2178 1114 2320 1167 aliud
2363 1115 2513 1168 enim
2552 1132 2632 1170 est
2668 1118 2809 1188 §flag
2893 1171 2896 1182 ,ἵ

1799 1196 1997 1256 ἀνθίσας
2040 1194 2179 1264 apud
2210 1196 2516 1247 Philostrat.
2551 1198 2702 1250 loon.
2735 1201 2777 1251 Π
2798 1240 2811 1262 ,

1807 1293 1823 1325 1
1844 1276 1893 1337 5,
1908 1293 2066 1346 quem
2089 1275 2140 1326 in
2163 1275 2298 1327 hanc
2312 1293 2424 1327 rem
2447 1274 2691 1330 laudavit
2707 1281 2815 1330 La-

1802 1358 1902 1404 zius
1917 1375 1936 1415 ,·
1965 1352 2158 1405 deinde
2186 1356 2354 1406 multo
2383 1355 2563 1424 aptius
2587 1360 2813 1426 profecto

1798 1447 1904 1496 est,
1937 1435 2104 1485 amori
2141 1447 2409 1486 vacantem
2453 1447 2507 1485 et
2550 1435 2658 1488 huc
2702 1438 2817 1488 illuc

1800 1525 2068 1582 vagantem
2123 1513 2394 1565 Bacchum
2416 1551 2433 1574 ‚
2483 1515 2673 1566 animo
2728 1518 2815 1568 sihi

1794 1595 1902 1662 jam
1930 1594 2126 1662 fingere
2147 1631 2160 1651 ,
2196 1593 2408 1661 juvenili
2438 1593 2653 1644 honore
2677 1609 2728 1646 et
2748 1598 2815 1647 vi·

1800 1691 1926 1742 gore
1965 1670 2326 1742 conspicuum.
2358 1704 2438 1715 —
2469 1672 2529 1721 V
2521 1672 2821 1737 ultimas.-

1803 1750 1952 1802 sidue
1981 1752 2154 1820 vagari
2176 1790 2192 1814 ,
2218 1753 2324 1804 huc
2354 1752 2480 1803 illuc
2512 1749 2823 1806 discurrere.

1805 1831 1888 1882 Cf.
1909 1832 2086 1882 Carni.
2111 1832 2322 1895 LXIII,
2349 1834 2438 1883 25.
2455 1832 2825 1903 —Exemph‚

1802 1930 1917 1980 quae
1939 1910 2044 1961 huc
2072 1910 2300 1973 faciunt,
2327 1930 2357 1961 e
2387 1911 2651 1964 Cicerone
2681 1926 2826 1965 nota-

1804 1990 1879 2040 vit
1903 1989 2103 2040 Ernesti
2129 1990 2183 2040 in
2205 1989 2353 2043 Clavi
2376 1990 2491 2044 Cic.
2519 2010 2561 2041 s.
2589 1990 2650 2043 h.
2671 2010 2721 2043 v.
2749 2025 2824 2035 --

1806 2070 1923 2119 Non
1973 2067 2402 2139 praetereundum
2450 2088 2610 2141 quam
2657 2070 2828 2142 lepide

1806 2149 1961 2200 Poeta
2005 2148 2170 2200 luctui
2214 2148 2475 2201 Ariadnes
2527 2151 2828 2202 exsultantis

1806 2228 1994 2279 Bacchi
2021 2228 2284 2279 lasciviam
2301 2241 2540 2300 opponat
2559 2268 2575 2293 ,
2589 2230 2829 2298 legentis·

1806 2326 1907 2378 que
1918 2307 2154 2358 animum
2168 2307 2315 2378 quasi
2334 2327 2398 2360 ex
2418 2307 2694 2378 profunda
2710 2329 2826 2362 me-

1806 2387 1939 2438 stitia
1981 2387 2155 2438 subito
2197 2388 2491 2440 exsuscitet.
2535 2388 2623 2440 Sic
2655 2389 2830 2458 virgi-

1808 2467 1907 2518 lius
1945 2466 2298 2536 discrepantes
2326 2466 2465 2519 inter
2499 2487 2554 2519 se
2588 2469 2833 2538 imagines

1807 2547 2089 2599 committit
2111 2584 2126 2609 ‚
2163 2544 2304 2597 unde
2334 2565 2599 2599 concursu
2636 2548 2833 2600 tamma

1807 2626 2177 2678 sententiarum
2198 2625 2650 2697 exsplendesoent.
2664 2628 2764 2680 Ex.
2785 2646 2833 2697 g.

1809 2710 1924 2757 ]En
1950 2707 2057 2767 IX,
2083 2705 2186 2757 502
2206 2744 2219 2767 ‚
2245 2706 2371 2758 503.
2396 2707 2467 2758 N.

1892 2786 2018 2837 253.
2047 2785 2167 2836 Cum
2196 2786 2361 2838 Thias.
2383 2785 2555 2853 Satrr.
2578 2818 2657 2827 —-
2675 2786 2836 2838 This·

1808 2884 1891 2915 sus
1921 2866 2138 2934 proprie
2169 2863 2235 2916 de
2257 2866 2423 2917 choro
2450 2877 2505 2916 et
2530 2865 2833 2928 saltatione,

1807 2963 1922 3013 quae
1946 2945 2152 2996 Baccho
2175 2945 2566 2997 instituebatur.
2591 2944 2833 3014 Cf.Virg.

1809 3026 1986 3093 Eclog.
2021 3025 2070 3072 V
2089 3062 2104 3087 ‚
2154 3025 2223 3076 30
2244 3063 2257 3084 ,
2301 3038 2352 3075 et
2404 3023 2481 3075 ibi
2530 3025 2717 3077 Cerdo.
2762 3027 2834 3075 De.

1808 3105 1972 3156 choro
1995 3102 2301 3155 Maenadum
2320 3104 2377 3154 in
2398 3104 2560 3155 sacris
2576 3104 2832 3176 Cybeles,

1808 3201 1961 3253 supra
1996 3183 2174 3235 Carm.
2208 3183 2415 3247 LXIII,
2449 3185 2540 3235 28.
2577 3216 2658 3225 -—
2687 3185 2834 3254 Nysi-

1806 3283 1916 3331 ὅση.
1941 3262 2091 3313 Silen.
2126 3262 2260 3313 natis
2280 3262 2333 3312 in
2363 3262 2497 3314 urbe
2526 3263 2693 3315 Indiae
2725 3263 2833 3331 Ny-

1809 3362 1859 3393 sa
1879 3380 1895 3404 ,
1929 3343 2017 3394 ubi
2041 3355 2093 3394 et
2120 3342 2356 3394 Bacchus
2383 3354 2538 3393 natus
2560 3357 2613 3394 et
2640 3341 2833 3395 edum·

1810 3437 1893 3474 tus
1924 3420 2137 3473 dicitur.
2183 3425 2226 3473 A
2261 3421 2469 3485 Sileno,
2503 3422 2699 3475 Bacchi
2737 3440 2834 3472 nu·

1810 3501 1997 3553 tritore
2042 3504 2255 3571 ejusque
2301 3513 2562 3569 perpetuo
2605 3501 2828 3559 comite,

1810 3600 1895 3631 om
1905 3599 1997 3631 nes
2024 3578 2215 3632 deinde
2240 3579 2433 3632 Bacchi
2458 3581 2680 3633 comites
2704 3580 2829 3631 site-

1810 3663 1862 3709 ιη’
1886 3660 2051 3711 vocati
2080 3673 2215 3712 sunt.
2245 3658 2504 3729 Inprimis
2539 3673 2710 3711 autem
2742 3675 2834 3728 per

1811 3739 1868 3791 N
1857 3744 2082 3809 ysigenos
2137 3739 2327 3791 Silenos
2373 3738 2597 3809 intelligi
2650 3738 2834 3789 volunt

1814 3819 1983 3888 mythi
2025 3819 2335 3889 interpretes
2368 3818 2524 3889 Nysoe
2561 3821 2824 3889 optimates,

1811 3899 1904 3968 qui
1944 3897 2114 3949 deleta
2156 3897 2327 3968 patria
2366 3898 2633 3950 Bacchum
2675 3892 2831 3948 secuti

1811 3991 1948 4030 sunt.
1986 4009 2061 4018 —
2087 3978 2353 4030 Ceterum
2382 3977 2564 4047 plures
2595 3977 2648 4027 in
2678 3975 2826 4028 fabu-

1812 4057 1876 4107 lis
1904 4057 2188 4109 memorari
2214 4069 2420 4108 montes
2441 4056 2695 4126 urbesque
2719 4053 2823 4121 Ny·

1811 4157 1879 4187 sce
1924 4136 2141 4189 nomine
2181 4135 2499 4207 insignitas,
2546 4148 2600 4187 et
2643 4129 2821 4185 referri
