<?xml version="1.0" encoding="UTF-8"?>
<!DOCTYPE html PUBLIC "-//W3C//DTD XHTML 1.0 Transitional//EN"
    "http://www.w3.org/TR/xhtml1/DTD/xhtml1-transitional.dtd">
<html xmlns="http://www.w3.org/1999/xhtml" xml:lang="en" lang="en">
 <head>
  <title>
</title>
<meta http-equiv="Content-Type" content="text/html;charset=utf-8" />
  <meta name='ocr-system' content='tesseract 3.04.00' />
  <meta name='ocr-capabilities' content='ocr_page ocr_carea ocr_par ocr_line ocrx_word'/>
</head>
<body>
  <div class='ocr_page' id='page_1' title='image "./cvaleriuscatull00naudgoog_0346.png"; bbox 0 0 2986 4935; ppageno 0'>
   <div class='ocr_carea' id='block_1_1' title="bbox 674 401 825 474">
    <p class='ocr_par' dir='ltr' id='par_1_1' title="bbox 674 401 825 474">
     <span class='ocr_line' id='line_1_1' title="bbox 674 401 825 474; baseline 0 -1"><span class='ocrx_word' id='word_1_1' title='bbox 674 401 825 474; x_wconf 82' lang='lat'><strong>330</strong></span> 
     </span>
    </p>
   </div>
   <div class='ocr_carea' id='block_1_2' title="bbox 1215 401 2288 474">
    <p class='ocr_par' dir='ltr' id='par_1_2' title="bbox 1215 401 2288 474">
     <span class='ocr_line' id='line_1_2' title="bbox 1215 401 2288 474; baseline -0.005 -2"><span class='ocrx_word' id='word_1_2' title='bbox 1215 406 1289 472; x_wconf 89' lang='lat' dir='ltr'><strong>C.</strong></span> <span class='ocrx_word' id='word_1_3' title='bbox 1326 403 1768 474; x_wconf 79' lang='lat' dir='ltr'>VALERII</span> <span class='ocrx_word' id='word_1_4' title='bbox 1823 401 2288 470; x_wconf 86' lang='lat' dir='ltr'><strong>CATULLI</strong></span> 
     </span>
    </p>
   </div>
   <div class='ocr_carea' id='block_1_3' title="bbox 775 530 2515 926">
    <p class='ocr_par' dir='ltr' id='par_1_3' title="bbox 775 530 2477 736">
     <span class='ocr_line' id='line_1_3' title="bbox 775 530 2477 630; baseline -0.003 -27"><span class='ocrx_word' id='word_1_5' title='bbox 775 533 1042 620; x_wconf 89' lang='lat' dir='ltr'><strong>Intulit,</strong></span> <span class='ocrx_word' id='word_1_6' title='bbox 1090 549 1159 603; x_wconf 90' lang='lat' dir='ltr'><strong>et</strong></span> <span class='ocrx_word' id='word_1_7' title='bbox 1201 537 1358 604; x_wconf 88' lang='lat' dir='ltr'><strong>trito</strong></span> <span class='ocrx_word' id='word_1_8' title='bbox 1404 533 1767 630; x_wconf 84' lang='lat' dir='ltr'><strong>fulgentem</strong></span> <span class='ocrx_word' id='word_1_9' title='bbox 1807 535 1875 601; x_wconf 88' lang='lat' dir='ltr'><strong>in</strong></span> <span class='ocrx_word' id='word_1_10' title='bbox 1921 531 2146 601; x_wconf 88' lang='lat' dir='ltr'><strong>limine</strong></span> <span class='ocrx_word' id='word_1_11' title='bbox 2184 530 2477 627; x_wconf 79' lang='lat' dir='ltr'>plantam</span> 
     </span>
     <span class='ocr_line' id='line_1_4' title="bbox 882 637 2108 736; baseline -0.002 -27"><span class='ocrx_word' id='word_1_12' title='bbox 882 643 1147 727; x_wconf 61' lang='lat' dir='ltr'><strong>Iunium,</strong></span> <span class='ocrx_word' id='word_1_13' title='bbox 1190 658 1426 736; x_wconf 86' lang='lat' dir='ltr'><strong>arguta</strong></span> <span class='ocrx_word' id='word_1_14' title='bbox 1468 643 1761 712; x_wconf 88' lang='lat' dir='ltr'><strong>constitit</strong></span> <span class='ocrx_word' id='word_1_15' title='bbox 1795 643 1865 708; x_wconf 90' lang='lat' dir='ltr'><strong>in</strong></span> <span class='ocrx_word' id='word_1_16' title='bbox 1901 637 2108 726; x_wconf 88' lang='lat' dir='ltr'><strong>solea;</strong></span> 
     </span>
    </p>

    <p class='ocr_par' dir='ltr' id='par_1_4' title="bbox 776 746 2515 926">
     <span class='ocr_line' id='line_1_5' title="bbox 776 746 2515 844; baseline -0.002 -28"><span class='ocrx_word' id='word_1_17' title='bbox 776 749 1095 843; x_wconf 85' lang='lat' dir='ltr'><strong>Conjugis</strong></span> <span class='ocrx_word' id='word_1_18' title='bbox 1140 763 1215 817; x_wconf 91' lang='lat' dir='ltr'><strong>ut</strong></span> <span class='ocrx_word' id='word_1_19' title='bbox 1257 749 1593 844; x_wconf 90' lang='lat' dir='ltr'><strong>quondam</strong></span> <span class='ocrx_word' id='word_1_20' title='bbox 1632 749 1919 842; x_wconf 86' lang='lat' dir='ltr'><strong>flagrans</strong></span> <span class='ocrx_word' id='word_1_21' title='bbox 1956 746 2226 815; x_wconf 88' lang='lat' dir='ltr'><strong>advenit</strong></span> <span class='ocrx_word' id='word_1_22' title='bbox 2256 769 2515 830; x_wconf 85' lang='lat' dir='ltr'><strong>amore,</strong></span> 
     </span>
     <span class='ocr_line' id='line_1_6' title="bbox 883 853 2059 926; baseline -0.003 -3"><span class='ocrx_word' id='word_1_23' title='bbox 883 853 1347 925; x_wconf 70' lang='lat' dir='ltr'><strong>Protesilaeam</strong></span> <span class='ocrx_word' id='word_1_24' title='bbox 1388 856 1750 926; x_wconf 82' lang='lat' dir='ltr'>Laodamia</span> <span class='ocrx_word' id='word_1_25' title='bbox 1785 855 2059 923; x_wconf 90' lang='lat' dir='ltr'><strong>domum</strong></span> 
     </span>
    </p>
   </div>
   <div class='ocr_carea' id='block_1_4' title="bbox 664 1032 1687 4137">
    <p class='ocr_par' dir='ltr' id='par_1_5' title="bbox 672 1032 1686 1829">
     <span class='ocr_line' id='line_1_7' title="bbox 675 1032 1684 1113; baseline 0 -19"><span class='ocrx_word' id='word_1_26' title='bbox 675 1043 761 1094; x_wconf 90' lang='lat' dir='ltr'><strong>Sic</strong></span> <span class='ocrx_word' id='word_1_27' title='bbox 781 1042 943 1092; x_wconf 82' lang='lat' dir='ltr'><strong>mollia</strong></span> <span class='ocrx_word' id='word_1_28' title='bbox 963 1042 1159 1092; x_wconf 75' lang='lat' dir='ltr'><strong>brachia</strong></span> <span class='ocrx_word' id='word_1_29' title='bbox 1183 1032 1349 1113; x_wconf 87' lang='lat' dir='ltr'><strong>(apud</strong></span> <span class='ocrx_word' id='word_1_30' title='bbox 1370 1042 1530 1094; x_wconf 80' lang='lat' dir='ltr'><strong>ovid.</strong></span> <span class='ocrx_word' id='word_1_31' title='bbox 1559 1045 1684 1094; x_wconf 86' lang='lat' dir='ltr'><strong>Arte</strong></span> 
     </span>
     <span class='ocr_line' id='line_1_8' title="bbox 674 1118 1679 1188; baseline -0.002 -15"><span class='ocrx_word' id='word_1_32' title='bbox 674 1124 794 1173; x_wconf 79' lang='lat' dir='ltr'><strong>Am.</strong></span> <span class='ocrx_word' id='word_1_33' title='bbox 818 1123 870 1185; x_wconf 94' lang='grc' dir='ltr'><strong>Ι,</strong></span> <span class='ocrx_word' id='word_1_34' title='bbox 899 1118 1040 1188; x_wconf 85' lang='grc'>595)</span> <span class='ocrx_word' id='word_1_35' title='bbox 1066 1121 1119 1172; x_wconf 90' lang='lat' dir='ltr'><strong>in</strong></span> <span class='ocrx_word' id='word_1_36' title='bbox 1146 1141 1205 1173; x_wconf 90' lang='lat' dir='ltr'><strong>re</strong></span> <span class='ocrx_word' id='word_1_37' title='bbox 1225 1123 1482 1175; x_wconf 80' lang='lat' dir='ltr'>saltatoria</span> <span class='ocrx_word' id='word_1_38' title='bbox 1505 1120 1573 1173; x_wconf 90' lang='lat' dir='ltr'><strong>de</strong></span> <span class='ocrx_word' id='word_1_39' title='bbox 1595 1122 1679 1181; x_wconf 82' lang='lat' dir='ltr'><strong>iis,</strong></span> 
     </span>
     <span class='ocr_line' id='line_1_9' title="bbox 674 1201 1682 1271; baseline 0 -19"><span class='ocrx_word' id='word_1_40' title='bbox 674 1221 790 1271; x_wconf 83' lang='lat' dir='ltr'><strong>quae</strong></span> <span class='ocrx_word' id='word_1_41' title='bbox 816 1219 937 1252; x_wconf 92' lang='lat' dir='ltr'><strong>cum</strong></span> <span class='ocrx_word' id='word_1_42' title='bbox 971 1214 1082 1253; x_wconf 89' lang='lat' dir='ltr'><strong>arte</strong></span> <span class='ocrx_word' id='word_1_43' title='bbox 1106 1214 1160 1253; x_wconf 91' lang='lat' dir='ltr'><strong>et</strong></span> <span class='ocrx_word' id='word_1_44' title='bbox 1188 1201 1352 1271; x_wconf 85' lang='lat' dir='ltr'><strong>gratia</strong></span> <span class='ocrx_word' id='word_1_45' title='bbox 1379 1213 1682 1254; x_wconf 83' lang='lat' dir='ltr'><strong>moventur.</strong></span> 
     </span>
     <span class='ocr_line' id='line_1_10' title="bbox 674 1280 1683 1351; baseline 0 -19"><span class='ocrx_word' id='word_1_46' title='bbox 674 1314 752 1322; x_wconf 90' lang='grc'><strong>--</strong></span> <span class='ocrx_word' id='word_1_47' title='bbox 772 1280 991 1332; x_wconf 79' lang='lat' dir='ltr'><em>Molliter</em></span> <span class='ocrx_word' id='word_1_48' title='bbox 1032 1285 1103 1332; x_wconf 81' lang='lat' dir='ltr'><strong>ire</strong></span> <span class='ocrx_word' id='word_1_49' title='bbox 1143 1294 1217 1333; x_wconf 87' lang='lat' dir='ltr'><strong>est</strong></span> <span class='ocrx_word' id='word_1_50' title='bbox 1261 1280 1403 1351; x_wconf 84' lang='lat' dir='ltr'><strong>apud</strong></span> <span class='ocrx_word' id='word_1_51' title='bbox 1443 1284 1683 1351; x_wconf 86' lang='lat' dir='ltr'><strong>Propert.</strong></span> 
     </span>
     <span class='ocr_line' id='line_1_11' title="bbox 674 1360 1685 1431; baseline 0.001 -21"><span class='ocrx_word' id='word_1_52' title='bbox 674 1362 755 1423; x_wconf 91' lang='grc' dir='ltr'><strong>ΙΙ,</strong></span> <span class='ocrx_word' id='word_1_53' title='bbox 795 1378 858 1410; x_wconf 80' lang='lat'><strong>12</strong></span> <span class='ocrx_word' id='word_1_54' title='bbox 882 1397 898 1423; x_wconf 94' lang='lat'>,</span> <span class='ocrx_word' id='word_1_55' title='bbox 941 1366 1040 1425; x_wconf 75' lang='lat'><strong>²4,</strong></span> <span class='ocrx_word' id='word_1_56' title='bbox 1080 1360 1171 1411; x_wconf 89' lang='lat' dir='ltr'><strong>ubi</strong></span> <span class='ocrx_word' id='word_1_57' title='bbox 1203 1360 1400 1431; x_wconf 86' lang='lat' dir='ltr'><strong>Vulpio</strong></span> <span class='ocrx_word' id='word_1_58' title='bbox 1439 1360 1685 1414; x_wconf 85' lang='lat' dir='ltr'><strong>laudatur</strong></span> 
     </span>
     <span class='ocr_line' id='line_1_12' title="bbox 674 1440 1683 1511; baseline 0.002 -22"><span class='ocrx_word' id='word_1_59' title='bbox 674 1440 904 1490; x_wconf 87' lang='lat' dir='ltr'><strong>incertus</strong></span> <span class='ocrx_word' id='word_1_60' title='bbox 928 1454 1080 1511; x_wconf 88' lang='lat' dir='ltr'><strong>poeta</strong></span> <span class='ocrx_word' id='word_1_61' title='bbox 1102 1459 1163 1490; x_wconf 85' lang='lat' dir='ltr'><strong>ex</strong></span> <span class='ocrx_word' id='word_1_62' title='bbox 1184 1441 1400 1493; x_wconf 86' lang='lat' dir='ltr'><strong>Anthol.</strong></span> <span class='ocrx_word' id='word_1_63' title='bbox 1430 1443 1456 1492; x_wconf 93' lang='grc' dir='ltr'>Ι</span> <span class='ocrx_word' id='word_1_64' title='bbox 1472 1480 1486 1505; x_wconf 90' lang='grc'>,</span> <span class='ocrx_word' id='word_1_65' title='bbox 1513 1461 1560 1492; x_wconf 90' lang='lat' dir='ltr'><strong>c.</strong></span> <span class='ocrx_word' id='word_1_66' title='bbox 1580 1444 1650 1509; x_wconf 87' lang='lat'><strong>67</strong></span> <span class='ocrx_word' id='word_1_67' title='bbox 1670 1458 1683 1491; x_wconf 71' lang='grc' dir='ltr'>ε</span> 
     </span>
     <span class='ocr_line' id='line_1_13' title="bbox 680 1515 1686 1590; baseline 0 -19"><span class='ocrx_word' id='word_1_68' title='bbox 680 1544 702 1565; x_wconf 78' lang='grc' dir='ltr'>ι</span> <span class='ocrx_word' id='word_1_69' title='bbox 721 1515 987 1582; x_wconf 64' lang='grc' dir='ltr'><strong>Λεσὲίὸες,</strong></span> <span class='ocrx_word' id='word_1_70' title='bbox 1014 1517 1143 1588; x_wconf 63' lang='grc' dir='ltr'><strong>ἁδρὰ</strong></span> <span class='ocrx_word' id='word_1_71' title='bbox 1164 1516 1335 1572; x_wconf 68' lang='grc' dir='ltr'><strong>πῡὸὢν</strong></span> <span class='ocrx_word' id='word_1_72' title='bbox 1363 1521 1552 1590; x_wconf 70' lang='grc' dir='ltr'>βήματ’</span> <span class='ocrx_word' id='word_1_73' title='bbox 1573 1523 1686 1589; x_wconf 72' lang='grc' dir='ltr'><strong>ἔρει-</strong></span> 
     </span>
     <span class='ocr_line' id='line_1_14' title="bbox 673 1597 1683 1669; baseline 0 -19"><span class='ocrx_word' id='word_1_74' title='bbox 673 1599 906 1668; x_wconf 59' lang='lat' dir='ltr'><strong>cipum.</strong></span> <span class='ocrx_word' id='word_1_75' title='bbox 926 1624 947 1644; x_wconf 74' lang='grc' dir='ltr'>ι</span> <span class='ocrx_word' id='word_1_76' title='bbox 972 1597 1130 1650; x_wconf 78' lang='lat' dir='ltr'><strong>Haud</strong></span> <span class='ocrx_word' id='word_1_77' title='bbox 1148 1600 1328 1669; x_wconf 85' lang='lat' dir='ltr'><strong>exigua</strong></span> <span class='ocrx_word' id='word_1_78' title='bbox 1347 1613 1522 1651; x_wconf 84' lang='lat' dir='ltr'><strong>autem</strong></span> <span class='ocrx_word' id='word_1_79' title='bbox 1541 1597 1683 1669; x_wconf 86' lang='lat' dir='ltr'><strong>apud</strong></span> 
     </span>
     <span class='ocr_line' id='line_1_15' title="bbox 673 1677 1685 1749; baseline 0.002 -21"><span class='ocrx_word' id='word_1_80' title='bbox 673 1679 895 1730; x_wconf 83' lang='lat' dir='ltr'><strong>Veteres</strong></span> <span class='ocrx_word' id='word_1_81' title='bbox 920 1677 1332 1749; x_wconf 85' lang='lat' dir='ltr'><strong>pulchritudinis</strong></span> <span class='ocrx_word' id='word_1_82' title='bbox 1350 1681 1460 1731; x_wconf 88' lang='lat' dir='ltr'><strong>laus</strong></span> <span class='ocrx_word' id='word_1_83' title='bbox 1479 1679 1532 1730; x_wconf 87' lang='lat' dir='ltr'><strong>in</strong></span> <span class='ocrx_word' id='word_1_84' title='bbox 1555 1679 1685 1730; x_wconf 89' lang='lat' dir='ltr'><strong>mol·</strong></span> 
     </span>
     <span class='ocr_line' id='line_1_16' title="bbox 672 1758 1681 1829; baseline 0.003 -20"><span class='ocrx_word' id='word_1_85' title='bbox 672 1758 793 1809; x_wconf 87' lang='lat' dir='ltr'><strong>liori</strong></span> <span class='ocrx_word' id='word_1_86' title='bbox 823 1759 1027 1810; x_wconf 81' lang='lat' dir='ltr'><strong>incessu</strong></span> <span class='ocrx_word' id='word_1_87' title='bbox 1068 1760 1379 1829; x_wconf 82' lang='lat' dir='ltr'><strong>ponebatur.</strong></span> <span class='ocrx_word' id='word_1_88' title='bbox 1410 1759 1495 1811; x_wconf 90' lang='lat' dir='ltr'><strong>Cf.</strong></span> <span class='ocrx_word' id='word_1_89' title='bbox 1518 1760 1681 1829; x_wconf 86' lang='lat' dir='ltr'><strong>Vulp.</strong></span> 
     </span>
    </p>

    <p class='ocr_par' dir='ltr' id='par_1_6' title="bbox 664 1838 1683 2150">
     <span class='ocr_line' id='line_1_17' title="bbox 757 1838 1682 1907; baseline -0.002 -16"><span class='ocrx_word' id='word_1_90' title='bbox 757 1857 849 1907; x_wconf 82' lang='lat'><strong>71.</strong></span> <span class='ocrx_word' id='word_1_91' title='bbox 880 1838 933 1888; x_wconf 90' lang='lat' dir='ltr'><em>F</em></span> <span class='ocrx_word' id='word_1_92' title='bbox 931 1839 1196 1907; x_wconf 75' lang='lat' dir='ltr'><strong>algentem,</strong></span> <span class='ocrx_word' id='word_1_93' title='bbox 1241 1839 1308 1890; x_wconf 84' lang='lat' dir='ltr'><strong>ab</strong></span> <span class='ocrx_word' id='word_1_94' title='bbox 1342 1851 1556 1891; x_wconf 82' lang='lat' dir='ltr'><strong>externo</strong></span> <span class='ocrx_word' id='word_1_95' title='bbox 1594 1860 1682 1890; x_wconf 84' lang='lat' dir='ltr'><strong>or·</strong></span> 
     </span>
     <span class='ocr_line' id='line_1_18' title="bbox 673 1917 1682 1989; baseline 0 -21"><span class='ocrx_word' id='word_1_96' title='bbox 673 1929 832 1983; x_wconf 85' lang='lat' dir='ltr'><strong>natu;</strong></span> <span class='ocrx_word' id='word_1_97' title='bbox 863 1917 1153 1989; x_wconf 87' lang='lat' dir='ltr'><strong>intelligere</strong></span> <span class='ocrx_word' id='word_1_98' title='bbox 1178 1937 1300 1970; x_wconf 85' lang='lat' dir='ltr'><strong>cum</strong></span> <span class='ocrx_word' id='word_1_99' title='bbox 1326 1919 1531 1988; x_wconf 88' lang='lat' dir='ltr'><strong>Vulpio</strong></span> <span class='ocrx_word' id='word_1_100' title='bbox 1562 1938 1682 1989; x_wconf 84' lang='lat' dir='ltr'><strong>pos-</strong></span> 
     </span>
     <span class='ocr_line' id='line_1_19' title="bbox 673 1999 1683 2050; baseline 0.002 -2"><span class='ocrx_word' id='word_1_101' title='bbox 673 2017 853 2050; x_wconf 85' lang='lat' dir='ltr'><strong>sumus</strong></span> <span class='ocrx_word' id='word_1_102' title='bbox 900 2017 1046 2049; x_wconf 82' lang='lat' dir='ltr'><strong>aurea</strong></span> <span class='ocrx_word' id='word_1_103' title='bbox 1093 1999 1307 2050; x_wconf 74' lang='lat' dir='ltr'><strong>vincula.</strong></span> <span class='ocrx_word' id='word_1_104' title='bbox 1337 2032 1414 2040; x_wconf 94' lang='lat'><strong>—</strong></span> <span class='ocrx_word' id='word_1_105' title='bbox 1444 2000 1683 2050; x_wconf 82' lang='lat' dir='ltr'><strong>Aureolos</strong></span> 
     </span>
     <span class='ocr_line' id='line_1_20' title="bbox 664 2078 1491 2150; baseline 0.002 -21"><span class='ocrx_word' id='word_1_106' title='bbox 664 2078 844 2146; x_wconf 78' lang='lat' dir='ltr'><strong>pedes,</strong></span> <span class='ocrx_word' id='word_1_107' title='bbox 871 2078 1048 2131; x_wconf 79' lang='lat' dir='ltr'><strong>Carm.</strong></span> <span class='ocrx_word' id='word_1_108' title='bbox 1078 2079 1232 2144; x_wconf 85' lang='lat' dir='ltr'>LXI,</span> <span class='ocrx_word' id='word_1_109' title='bbox 1269 2081 1392 2150; x_wconf 84' lang='lat'><strong>167.</strong></span> <span class='ocrx_word' id='word_1_110' title='bbox 1424 2080 1491 2131; x_wconf 93' lang='lat' dir='ltr'><strong>N.</strong></span> 
     </span>
    </p>

    <p class='ocr_par' dir='ltr' id='par_1_7' title="bbox 666 2158 1687 4137">
     <span class='ocr_line' id='line_1_21' title="bbox 756 2158 1686 2229; baseline -0.002 -19"><span class='ocrx_word' id='word_1_111' title='bbox 756 2178 849 2229; x_wconf 82' lang='lat'><strong>7²·</strong></span> <span class='ocrx_word' id='word_1_112' title='bbox 883 2160 1148 2212; x_wconf 75' lang='lat' dir='ltr'><strong>Constituit</strong></span> <span class='ocrx_word' id='word_1_113' title='bbox 1166 2160 1296 2210; x_wconf 85' lang='lat' dir='ltr'><strong>solea</strong></span> <span class='ocrx_word' id='word_1_114' title='bbox 1317 2160 1369 2211; x_wconf 87' lang='lat' dir='ltr'><strong>in</strong></span> <span class='ocrx_word' id='word_1_115' title='bbox 1396 2158 1686 2211; x_wconf 86' lang='lat' dir='ltr'><strong>Codicibus</strong></span> 
     </span>
     <span class='ocr_line' id='line_1_22' title="bbox 674 2235 1685 2309; baseline -0.001 -19"><span class='ocrx_word' id='word_1_116' title='bbox 674 2238 783 2290; x_wconf 86' lang='lat' dir='ltr'><strong>fere</strong></span> <span class='ocrx_word' id='word_1_117' title='bbox 802 2240 1052 2291; x_wconf 87' lang='lat' dir='ltr'><strong>omnibus</strong></span> <span class='ocrx_word' id='word_1_118' title='bbox 1071 2253 1121 2291; x_wconf 89' lang='lat' dir='ltr'><strong>et</strong></span> <span class='ocrx_word' id='word_1_119' title='bbox 1139 2238 1287 2291; x_wconf 84' lang='lat' dir='ltr'><strong>editt.</strong></span> <span class='ocrx_word' id='word_1_120' title='bbox 1308 2239 1553 2309; x_wconf 82' lang='lat' dir='ltr'><strong>antiquis.</strong></span> <span class='ocrx_word' id='word_1_121' title='bbox 1582 2235 1685 2291; x_wconf 87' lang='lat' dir='ltr'><strong>Sed</strong></span> 
     </span>
     <span class='ocr_line' id='line_1_23' title="bbox 673 2318 1685 2388; baseline -0.002 -17"><span class='ocrx_word' id='word_1_122' title='bbox 673 2318 886 2388; x_wconf 84' lang='lat' dir='ltr'><strong>dig-nior</strong></span> <span class='ocrx_word' id='word_1_123' title='bbox 916 2318 1123 2370; x_wconf 81' lang='lat' dir='ltr'><strong>Catullo</strong></span> <span class='ocrx_word' id='word_1_124' title='bbox 1162 2332 1237 2370; x_wconf 83' lang='lat' dir='ltr'><strong>est</strong></span> <span class='ocrx_word' id='word_1_125' title='bbox 1277 2332 1456 2370; x_wconf 80' lang='lat' dir='ltr'><strong>nostra</strong></span> <span class='ocrx_word' id='word_1_126' title='bbox 1495 2319 1685 2381; x_wconf 84' lang='lat' dir='ltr'><strong>lectio,</strong></span> 
     </span>
     <span class='ocr_line' id='line_1_24' title="bbox 672 2396 1685 2470; baseline 0 -21"><span class='ocrx_word' id='word_1_127' title='bbox 672 2398 741 2449; x_wconf 85' lang='lat' dir='ltr'><strong>ab</strong></span> <span class='ocrx_word' id='word_1_128' title='bbox 766 2396 904 2448; x_wconf 82' lang='lat' dir='ltr'><strong>Aldo</strong></span> <span class='ocrx_word' id='word_1_129' title='bbox 921 2400 1028 2470; x_wconf 71' lang='lat' dir='ltr'><strong>Jam</strong></span> <span class='ocrx_word' id='word_1_130' title='bbox 1049 2412 1287 2450; x_wconf 81' lang='lat' dir='ltr'><strong>revocata</strong></span> <span class='ocrx_word' id='word_1_131' title='bbox 1310 2410 1360 2449; x_wconf 89' lang='lat' dir='ltr'><strong>et</strong></span> <span class='ocrx_word' id='word_1_132' title='bbox 1380 2399 1685 2450; x_wconf 87' lang='lat' dir='ltr'><strong>auctoritate.</strong></span> 
     </span>
     <span class='ocr_line' id='line_1_25' title="bbox 671 2478 1682 2548; baseline 0.002 -20"><span class='ocrx_word' id='word_1_133' title='bbox 671 2478 875 2548; x_wconf 84' lang='lat' dir='ltr'><strong>aliquot</strong></span> <span class='ocrx_word' id='word_1_134' title='bbox 917 2479 1461 2548; x_wconf 84' lang='lat' dir='ltr'><strong>praestantissimorum</strong></span> <span class='ocrx_word' id='word_1_135' title='bbox 1510 2478 1682 2530; x_wconf 86' lang='lat' dir='ltr'><strong>codd.</strong></span> 
     </span>
     <span class='ocr_line' id='line_1_26' title="bbox 674 2556 1685 2628; baseline -0.001 -19"><span class='ocrx_word' id='word_1_136' title='bbox 674 2556 818 2628; x_wconf 83' lang='lat' dir='ltr'><strong>apud</strong></span> <span class='ocrx_word' id='word_1_137' title='bbox 855 2557 1163 2609; x_wconf 86' lang='lat' dir='ltr'><strong>Santenium</strong></span> <span class='ocrx_word' id='word_1_138' title='bbox 1213 2558 1451 2627; x_wconf 79' lang='lat' dir='ltr'><strong>probata.</strong></span> <span class='ocrx_word' id='word_1_139' title='bbox 1479 2590 1556 2602; x_wconf 91' lang='lat'><strong>—-</strong></span> <span class='ocrx_word' id='word_1_140' title='bbox 1580 2559 1685 2611; x_wconf 88' lang='lat' dir='ltr'><strong>Pro</strong></span> 
     </span>
     <span class='ocr_line' id='line_1_27' title="bbox 675 2636 1684 2708; baseline 0.004 -22"><span class='ocrx_word' id='word_1_141' title='bbox 675 2648 854 2705; x_wconf 76' lang='lat' dir='ltr'><strong>arguta</strong></span> <span class='ocrx_word' id='word_1_142' title='bbox 886 2638 1094 2708; x_wconf 84' lang='lat' dir='ltr'><strong>Lipsius</strong></span> <span class='ocrx_word' id='word_1_143' title='bbox 1122 2637 1176 2688; x_wconf 89' lang='lat' dir='ltr'><strong>in</strong></span> <span class='ocrx_word' id='word_1_144' title='bbox 1209 2636 1342 2690; x_wconf 88' lang='lat' dir='ltr'><strong>Cod.</strong></span> <span class='ocrx_word' id='word_1_145' title='bbox 1385 2638 1566 2708; x_wconf 86' lang='lat' dir='ltr'><strong>aliquo</strong></span> <span class='ocrx_word' id='word_1_146' title='bbox 1592 2637 1684 2690; x_wconf 89' lang='lat' dir='ltr'><strong>de·</strong></span> 
     </span>
     <span class='ocr_line' id='line_1_28' title="bbox 674 2714 1683 2786; baseline 0.001 -18"><span class='ocrx_word' id='word_1_147' title='bbox 674 2714 960 2786; x_wconf 82' lang='lat' dir='ltr'><strong>prehendit</strong></span> <span class='ocrx_word' id='word_1_148' title='bbox 981 2729 1206 2785; x_wconf 73' lang='lat' dir='ltr'><strong>angusta.</strong></span> <span class='ocrx_word' id='word_1_149' title='bbox 1223 2719 1499 2769; x_wconf 59' lang='lat' dir='ltr'><strong>—Imulrm</strong></span> <span class='ocrx_word' id='word_1_150' title='bbox 1529 2718 1683 2770; x_wconf 88' lang='lat' dir='ltr'><strong>Simi-</strong></span> 
     </span>
     <span class='ocr_line' id='line_1_29' title="bbox 674 2797 1683 2868; baseline 0.002 -21"><span class='ocrx_word' id='word_1_151' title='bbox 674 2797 737 2848; x_wconf 87' lang='lat' dir='ltr'><strong>lis</strong></span> <span class='ocrx_word' id='word_1_152' title='bbox 768 2810 870 2857; x_wconf 85' lang='lat' dir='ltr'><strong>est,</strong></span> <span class='ocrx_word' id='word_1_153' title='bbox 897 2816 1055 2868; x_wconf 90' lang='lat' dir='ltr'><strong>quem</strong></span> <span class='ocrx_word' id='word_1_154' title='bbox 1087 2798 1343 2860; x_wconf 87' lang='lat' dir='ltr'><strong>laudant,</strong></span> <span class='ocrx_word' id='word_1_155' title='bbox 1374 2798 1521 2849; x_wconf 86' lang='lat' dir='ltr'><strong>locus</strong></span> <span class='ocrx_word' id='word_1_156' title='bbox 1553 2799 1683 2849; x_wconf 88' lang='lat' dir='ltr'><strong>Pro-</strong></span> 
     </span>
     <span class='ocr_line' id='line_1_30' title="bbox 674 2877 1682 2946; baseline 0.001 -19"><span class='ocrx_word' id='word_1_157' title='bbox 674 2877 831 2946; x_wconf 86' lang='lat' dir='ltr'><strong>pertii</strong></span> <span class='ocrx_word' id='word_1_158' title='bbox 859 2878 938 2938; x_wconf 91' lang='grc' dir='ltr'><strong>ΙΙ,</strong></span> <span class='ocrx_word' id='word_1_159' title='bbox 981 2896 1045 2927; x_wconf 78' lang='lat'><strong>22</strong></span> <span class='ocrx_word' id='word_1_160' title='bbox 1069 2916 1083 2941; x_wconf 88' lang='lat'>,</span> <span class='ocrx_word' id='word_1_161' title='bbox 1116 2885 1145 2941; x_wconf 75' lang='grc' dir='ltr'><em>ά</em></span> <span class='ocrx_word' id='word_1_162' title='bbox 1176 2896 1188 2928; x_wconf 91' lang='lat'><strong>:</strong></span> <span class='ocrx_word' id='word_1_163' title='bbox 1220 2905 1242 2922; x_wconf 73' lang='grc' dir='ltr'><strong><em>ο</em></strong></span> <span class='ocrx_word' id='word_1_164' title='bbox 1260 2877 1472 2929; x_wconf 75' lang='lat' dir='ltr'><strong>Prosilit</strong></span> <span class='ocrx_word' id='word_1_165' title='bbox 1496 2878 1549 2928; x_wconf 90' lang='lat' dir='ltr'><strong>in</strong></span> <span class='ocrx_word' id='word_1_166' title='bbox 1569 2879 1682 2928; x_wconf 81' lang='lat' dir='ltr'><strong>laxa</strong></span> 
     </span>
     <span class='ocr_line' id='line_1_31' title="bbox 674 2955 1681 3026; baseline 0.002 -19"><span class='ocrx_word' id='word_1_167' title='bbox 674 2956 790 3007; x_wconf 87' lang='lat' dir='ltr'><strong>nixa</strong></span> <span class='ocrx_word' id='word_1_168' title='bbox 807 2956 997 3026; x_wconf 89' lang='lat' dir='ltr'><strong>pedem</strong></span> <span class='ocrx_word' id='word_1_169' title='bbox 1011 2958 1166 3009; x_wconf 81' lang='lat' dir='ltr'><strong>solea.</strong></span> <span class='ocrx_word' id='word_1_170' title='bbox 1181 2985 1200 3006; x_wconf 76' lang='grc' dir='ltr'>ι</span> <span class='ocrx_word' id='word_1_171' title='bbox 1219 2958 1299 3010; x_wconf 90' lang='lat' dir='ltr'><strong>Cf.</strong></span> <span class='ocrx_word' id='word_1_172' title='bbox 1318 2955 1479 3009; x_wconf 86' lang='lat' dir='ltr'><strong>Ovid.</strong></span> <span class='ocrx_word' id='word_1_173' title='bbox 1500 2959 1681 3010; x_wconf 83' lang='lat' dir='ltr'><strong>Amor.</strong></span> 
     </span>
     <span class='ocr_line' id='line_1_32' title="bbox 674 3037 1680 3101; baseline 0.002 -15"><span class='ocrx_word' id='word_1_174' title='bbox 674 3037 785 3100; x_wconf 89' lang='lat' dir='ltr'>III,</span> <span class='ocrx_word' id='word_1_175' title='bbox 818 3053 839 3089; x_wconf 87' lang='lat'>1</span> <span class='ocrx_word' id='word_1_176' title='bbox 858 3076 874 3101; x_wconf 87' lang='lat'>,</span> <span class='ocrx_word' id='word_1_177' title='bbox 906 3045 968 3090; x_wconf 85' lang='lat'><strong>31</strong></span> <span class='ocrx_word' id='word_1_178' title='bbox 993 3075 1008 3101; x_wconf 93' lang='lat'>,</span> <span class='ocrx_word' id='word_1_179' title='bbox 1039 3051 1089 3089; x_wconf 89' lang='lat' dir='ltr'><strong>et</strong></span> <span class='ocrx_word' id='word_1_180' title='bbox 1121 3039 1195 3090; x_wconf 87' lang='lat' dir='ltr'><strong>ibi</strong></span> <span class='ocrx_word' id='word_1_181' title='bbox 1232 3039 1578 3090; x_wconf 77' lang='lat' dir='ltr'><strong>Bur-mannum.</strong></span> <span class='ocrx_word' id='word_1_182' title='bbox 1604 3071 1680 3078; x_wconf 94' lang='lat'><strong>——</strong></span> 
     </span>
     <span class='ocr_line' id='line_1_33' title="bbox 675 3116 1683 3189; baseline 0.003 -23"><span class='ocrx_word' id='word_1_183' title='bbox 675 3118 906 3184; x_wconf 76' lang='lat' dir='ltr'><strong>Arguta,</strong></span> <span class='ocrx_word' id='word_1_184' title='bbox 943 3116 997 3167; x_wconf 89' lang='lat' dir='ltr'><strong>h.</strong></span> <span class='ocrx_word' id='word_1_185' title='bbox 1040 3135 1084 3168; x_wconf 89' lang='lat' dir='ltr'><strong>e.</strong></span> <span class='ocrx_word' id='word_1_186' title='bbox 1115 3118 1298 3189; x_wconf 84' lang='lat' dir='ltr'><strong>exigua</strong></span> <span class='ocrx_word' id='word_1_187' title='bbox 1336 3133 1387 3170; x_wconf 90' lang='lat' dir='ltr'><strong>et</strong></span> <span class='ocrx_word' id='word_1_188' title='bbox 1423 3117 1683 3169; x_wconf 84' lang='lat' dir='ltr'><strong>concinna</strong></span> 
     </span>
     <span class='ocr_line' id='line_1_34' title="bbox 674 3187 1687 3263; baseline 0.001 -17"><span class='ocrx_word' id='word_1_189' title='bbox 674 3193 836 3257; x_wconf 75' lang='lat' dir='ltr'><strong>(nect,</strong></span> <span class='ocrx_word' id='word_1_190' title='bbox 873 3187 1114 3263; x_wconf 79' lang='lat' dir='ltr'><strong>niedlich).</strong></span> <span class='ocrx_word' id='word_1_191' title='bbox 1147 3196 1443 3250; x_wconf 85' lang='lat' dir='ltr'><strong>Commode</strong></span> <span class='ocrx_word' id='word_1_192' title='bbox 1472 3197 1526 3248; x_wconf 89' lang='lat' dir='ltr'><strong>in</strong></span> <span class='ocrx_word' id='word_1_193' title='bbox 1551 3197 1687 3248; x_wconf 88' lang='lat' dir='ltr'><strong>hanc</strong></span> 
     </span>
     <span class='ocr_line' id='line_1_35' title="bbox 673 3274 1682 3347; baseline 0.003 -21"><span class='ocrx_word' id='word_1_194' title='bbox 673 3294 784 3326; x_wconf 87' lang='lat' dir='ltr'><strong>rem</strong></span> <span class='ocrx_word' id='word_1_195' title='bbox 818 3274 998 3327; x_wconf 81' lang='lat' dir='ltr'><strong>laudat</strong></span> <span class='ocrx_word' id='word_1_196' title='bbox 1021 3277 1247 3347; x_wconf 87' lang='lat' dir='ltr'><strong>Vulpius</strong></span> <span class='ocrx_word' id='word_1_197' title='bbox 1275 3275 1460 3347; x_wconf 80' lang='lat' dir='ltr'><strong>(Virg.</strong></span> <span class='ocrx_word' id='word_1_198' title='bbox 1487 3278 1682 3347; x_wconf 83' lang='lat' dir='ltr'><strong>Georg.</strong></span> 
     </span>
     <span class='ocr_line' id='line_1_36' title="bbox 673 3353 1681 3427; baseline 0.005 -22"><span class='ocrx_word' id='word_1_199' title='bbox 673 3356 787 3419; x_wconf 89' lang='grc' dir='ltr'>ΙΙΙ,</span> <span class='ocrx_word' id='word_1_200' title='bbox 819 3353 909 3419; x_wconf 86' lang='grc'><strong>80)</strong></span> <span class='ocrx_word' id='word_1_201' title='bbox 934 3369 1156 3425; x_wconf 76' lang='lat' dir='ltr'><strong>argutum</strong></span> <span class='ocrx_word' id='word_1_202' title='bbox 1191 3359 1315 3427; x_wconf 88' lang='lat' dir='ltr'><strong>equi</strong></span> <span class='ocrx_word' id='word_1_203' title='bbox 1346 3369 1517 3426; x_wconf 80' lang='lat' dir='ltr'><strong>caput,</strong></span> <span class='ocrx_word' id='word_1_204' title='bbox 1549 3357 1599 3407; x_wconf 82' lang='lat' dir='ltr'><strong>h.</strong></span> <span class='ocrx_word' id='word_1_205' title='bbox 1636 3377 1681 3410; x_wconf 91' lang='lat' dir='ltr'><strong>e.</strong></span> 
     </span>
     <span class='ocr_line' id='line_1_37' title="bbox 672 3435 1684 3505; baseline 0 -19"><span class='ocrx_word' id='word_1_206' title='bbox 672 3435 921 3505; x_wconf 77' lang='lat' dir='ltr'><strong>exiguum</strong></span> <span class='ocrx_word' id='word_1_207' title='bbox 948 3448 998 3487; x_wconf 88' lang='lat' dir='ltr'><strong>et</strong></span> <span class='ocrx_word' id='word_1_208' title='bbox 1024 3449 1322 3488; x_wconf 84' lang='lat' dir='ltr'><strong>venustum.</strong></span> <span class='ocrx_word' id='word_1_209' title='bbox 1352 3469 1433 3479; x_wconf 91' lang='lat'>—</span> <span class='ocrx_word' id='word_1_210' title='bbox 1464 3437 1568 3486; x_wconf 86' lang='lat' dir='ltr'><strong>Alii</strong></span> <span class='ocrx_word' id='word_1_211' title='bbox 1602 3457 1684 3486; x_wconf 82' lang='lat' dir='ltr'><strong>ar-</strong></span> 
     </span>
     <span class='ocr_line' id='line_1_38' title="bbox 666 3514 1682 3587; baseline 0.003 -22"><span class='ocrx_word' id='word_1_212' title='bbox 666 3531 836 3583; x_wconf 74' lang='lat' dir='ltr'><strong>gutam</strong></span> <span class='ocrx_word' id='word_1_213' title='bbox 858 3517 1034 3567; x_wconf 75' lang='lat' dir='ltr'><strong>soleam</strong></span> <span class='ocrx_word' id='word_1_214' title='bbox 1066 3517 1329 3587; x_wconf 84' lang='lat' dir='ltr'><strong>explicant</strong></span> <span class='ocrx_word' id='word_1_215' title='bbox 1354 3515 1421 3569; x_wconf 88' lang='lat' dir='ltr'><strong>de</strong></span> <span class='ocrx_word' id='word_1_216' title='bbox 1446 3514 1682 3581; x_wconf 84' lang='lat' dir='ltr'><strong>stridula,</strong></span> 
     </span>
     <span class='ocr_line' id='line_1_39' title="bbox 669 3594 1680 3666; baseline 0 -18"><span class='ocrx_word' id='word_1_217' title='bbox 669 3596 930 3666; x_wconf 84' lang='lat' dir='ltr'><strong>crepitum</strong></span> <span class='ocrx_word' id='word_1_218' title='bbox 955 3609 1006 3648; x_wconf 88' lang='lat' dir='ltr'><strong>et</strong></span> <span class='ocrx_word' id='word_1_219' title='bbox 1029 3594 1305 3648; x_wconf 87' lang='lat' dir='ltr'><strong>stridorem</strong></span> <span class='ocrx_word' id='word_1_220' title='bbox 1337 3595 1473 3647; x_wconf 87' lang='lat' dir='ltr'><strong>inter</strong></span> <span class='ocrx_word' id='word_1_221' title='bbox 1495 3597 1680 3648; x_wconf 89' lang='lat' dir='ltr'><strong>ambu-</strong></span> 
     </span>
     <span class='ocr_line' id='line_1_40' title="bbox 670 3674 1682 3746; baseline 0.002 -20"><span class='ocrx_word' id='word_1_222' title='bbox 670 3674 890 3728; x_wconf 87' lang='lat' dir='ltr'><strong>landum</strong></span> <span class='ocrx_word' id='word_1_223' title='bbox 933 3674 1153 3739; x_wconf 86' lang='lat' dir='ltr'><strong>edente;</strong></span> <span class='ocrx_word' id='word_1_224' title='bbox 1188 3674 1277 3727; x_wconf 88' lang='lat' dir='ltr'><strong>sed</strong></span> <span class='ocrx_word' id='word_1_225' title='bbox 1309 3674 1551 3746; x_wconf 87' lang='lat' dir='ltr'><strong>displicet</strong></span> <span class='ocrx_word' id='word_1_226' title='bbox 1576 3678 1682 3745; x_wconf 84' lang='lat' dir='ltr'><strong>jam</strong></span> 
     </span>
     <span class='ocr_line' id='line_1_41' title="bbox 669 3755 1683 3827; baseline 0.001 -21"><span class='ocrx_word' id='word_1_227' title='bbox 669 3755 782 3808; x_wconf 81' lang='lat' dir='ltr'><strong>haec</strong></span> <span class='ocrx_word' id='word_1_228' title='bbox 814 3757 1045 3827; x_wconf 80' lang='lat' dir='ltr'><strong>subjecta</strong></span> <span class='ocrx_word' id='word_1_229' title='bbox 1073 3756 1223 3807; x_wconf 89' lang='lat' dir='ltr'><strong>notio</strong></span> <span class='ocrx_word' id='word_1_230' title='bbox 1245 3792 1260 3819; x_wconf 84' lang='lat'>‚</span> <span class='ocrx_word' id='word_1_231' title='bbox 1278 3774 1376 3807; x_wconf 87' lang='lat' dir='ltr'><strong>nec</strong></span> <span class='ocrx_word' id='word_1_232' title='bbox 1402 3755 1545 3826; x_wconf 85' lang='lat' dir='ltr'><strong>apud</strong></span> <span class='ocrx_word' id='word_1_233' title='bbox 1577 3757 1683 3807; x_wconf 83' lang='lat' dir='ltr'><strong>Ve-</strong></span> 
     </span>
     <span class='ocr_line' id='line_1_42' title="bbox 671 3833 1683 3889; baseline 0.001 -3"><span class='ocrx_word' id='word_1_234' title='bbox 671 3850 803 3887; x_wconf 81' lang='lat' dir='ltr'><strong>teres</strong></span> <span class='ocrx_word' id='word_1_235' title='bbox 814 3838 1071 3889; x_wconf 84' lang='lat' dir='ltr'><strong>solearum</strong></span> <span class='ocrx_word' id='word_1_236' title='bbox 1087 3833 1279 3887; x_wconf 88' lang='lat' dir='ltr'><strong>stridor</strong></span> <span class='ocrx_word' id='word_1_237' title='bbox 1289 3834 1356 3888; x_wconf 85' lang='lat' dir='ltr'><strong>ad</strong></span> <span class='ocrx_word' id='word_1_238' title='bbox 1371 3834 1683 3888; x_wconf 78' lang='lat' dir='ltr'><strong>deliciarum</strong></span> 
     </span>
     <span class='ocr_line' id='line_1_43' title="bbox 671 3915 1681 3987; baseline -0.001 -21"><span class='ocrx_word' id='word_1_239' title='bbox 671 3935 833 3984; x_wconf 79' lang='lat' dir='ltr'><strong>genus</strong></span> <span class='ocrx_word' id='word_1_240' title='bbox 846 3917 1154 3987; x_wconf 82' lang='lat' dir='ltr'><strong>pertinuisse</strong></span> <span class='ocrx_word' id='word_1_241' title='bbox 1168 3915 1396 3968; x_wconf 82' lang='lat' dir='ltr'><strong>videtur.</strong></span> <span class='ocrx_word' id='word_1_242' title='bbox 1418 3917 1575 3968; x_wconf 84' lang='lat' dir='ltr'><strong>Solece</strong></span> <span class='ocrx_word' id='word_1_243' title='bbox 1594 3935 1681 3967; x_wconf 88' lang='lat' dir='ltr'><strong>au·</strong></span> 
     </span>
     <span class='ocr_line' id='line_1_44' title="bbox 671 3995 1677 4049; baseline 0 -3"><span class='ocrx_word' id='word_1_244' title='bbox 671 4010 773 4046; x_wconf 83' lang='lat' dir='ltr'><strong>tem</strong></span> <span class='ocrx_word' id='word_1_245' title='bbox 796 3997 1081 4049; x_wconf 86' lang='lat' dir='ltr'><strong>mulierum</strong></span> <span class='ocrx_word' id='word_1_246' title='bbox 1104 4009 1155 4048; x_wconf 89' lang='lat' dir='ltr'><strong>et</strong></span> <span class='ocrx_word' id='word_1_247' title='bbox 1181 3996 1456 4048; x_wconf 81' lang='lat' dir='ltr'><strong>hominum</strong></span> <span class='ocrx_word' id='word_1_248' title='bbox 1483 3995 1677 4048; x_wconf 84' lang='lat' dir='ltr'><strong>delica-</strong></span> 
     </span>
     <span class='ocr_line' id='line_1_45' title="bbox 667 4075 1678 4137; baseline 0 -10"><span class='ocrx_word' id='word_1_249' title='bbox 667 4088 840 4127; x_wconf 79' lang='lat' dir='ltr'><strong>torum</strong></span> <span class='ocrx_word' id='word_1_250' title='bbox 872 4090 991 4130; x_wconf 81' lang='lat' dir='ltr'><strong>sunt</strong></span> <span class='ocrx_word' id='word_1_251' title='bbox 1028 4077 1204 4137; x_wconf 77' lang='lat' dir='ltr'><strong>calcei,</strong></span> <span class='ocrx_word' id='word_1_252' title='bbox 1241 4075 1379 4128; x_wconf 86' lang='lat' dir='ltr'><strong>unde</strong></span> <span class='ocrx_word' id='word_1_253' title='bbox 1407 4077 1548 4126; x_wconf 77' lang='lat' dir='ltr'><strong>solea·</strong></span> <span class='ocrx_word' id='word_1_254' title='bbox 1581 4097 1678 4127; x_wconf 83' lang='lat' dir='ltr'><strong>mu·</strong></span> 
     </span>
    </p>
   </div>
   <div class='ocr_carea' id='block_1_5' title="bbox 1790 1034 2823 3827">
    <p class='ocr_par' dir='ltr' id='par_1_8' title="bbox 1792 1034 2823 1987">
     <span class='ocr_line' id='line_1_46' title="bbox 1798 1034 2812 1111; baseline -0.003 -20"><span class='ocrx_word' id='word_1_255' title='bbox 1798 1041 1961 1092; x_wconf 83' lang='lat' dir='ltr'><strong>liebres</strong></span> <span class='ocrx_word' id='word_1_256' title='bbox 1999 1037 2144 1111; x_wconf 84' lang='lat' dir='ltr'><strong>apud</strong></span> <span class='ocrx_word' id='word_1_257' title='bbox 2176 1037 2490 1090; x_wconf 87' lang='lat' dir='ltr'><strong>Ciceronem</strong></span> <span class='ocrx_word' id='word_1_258' title='bbox 2524 1034 2720 1090; x_wconf 86' lang='lat' dir='ltr'><strong>Clodio</strong></span> <span class='ocrx_word' id='word_1_259' title='bbox 2761 1049 2812 1088; x_wconf 84' lang='lat' dir='ltr'><strong>et</strong></span> 
     </span>
     <span class='ocr_line' id='line_1_47' title="bbox 1798 1117 2811 1189; baseline -0.002 -20"><span class='ocrx_word' id='word_1_260' title='bbox 1798 1120 1957 1172; x_wconf 87' lang='lat' dir='ltr'><strong>Verri</strong></span> <span class='ocrx_word' id='word_1_261' title='bbox 1993 1118 2337 1189; x_wconf 87' lang='lat' dir='ltr'><strong>objiciuntur.</strong></span> <span class='ocrx_word' id='word_1_262' title='bbox 2365 1117 2493 1168; x_wconf 80' lang='lat' dir='ltr'><strong>Har.</strong></span> <span class='ocrx_word' id='word_1_263' title='bbox 2526 1117 2690 1187; x_wconf 86' lang='lat' dir='ltr'><strong>Resp.</strong></span> <span class='ocrx_word' id='word_1_264' title='bbox 2724 1135 2811 1167; x_wconf 72' lang='grc' dir='ltr'><strong>ιι.</strong></span> 
     </span>
     <span class='ocr_line' id='line_1_48' title="bbox 1795 1194 2814 1266; baseline -0.001 -19"><span class='ocrx_word' id='word_1_265' title='bbox 1795 1196 1954 1251; x_wconf 90' lang='lat' dir='ltr'><strong>Plura</strong></span> <span class='ocrx_word' id='word_1_266' title='bbox 1974 1198 2042 1251; x_wconf 85' lang='lat' dir='ltr'><strong>de</strong></span> <span class='ocrx_word' id='word_1_267' title='bbox 2059 1199 2198 1249; x_wconf 78' lang='lat' dir='ltr'><strong>soleis</strong></span> <span class='ocrx_word' id='word_1_268' title='bbox 2216 1195 2327 1249; x_wconf 79' lang='lat' dir='ltr'><strong>vid.</strong></span> <span class='ocrx_word' id='word_1_269' title='bbox 2349 1194 2494 1266; x_wconf 77' lang='lat' dir='ltr'><strong>apud</strong></span> <span class='ocrx_word' id='word_1_270' title='bbox 2515 1196 2814 1248; x_wconf 77' lang='lat' dir='ltr'><strong>Baldeu‘num</strong></span> 
     </span>
     <span class='ocr_line' id='line_1_49' title="bbox 1794 1277 2812 1348; baseline -0.003 -17"><span class='ocrx_word' id='word_1_271' title='bbox 1794 1281 1853 1331; x_wconf 83' lang='lat' dir='ltr'><strong>de</strong></span> <span class='ocrx_word' id='word_1_272' title='bbox 1884 1281 2041 1331; x_wconf 79' lang='lat' dir='ltr'><strong>calceo</strong></span> <span class='ocrx_word' id='word_1_273' title='bbox 2082 1282 2280 1348; x_wconf 78' lang='lat' dir='ltr'><strong>antiquo</strong></span> <span class='ocrx_word' id='word_1_274' title='bbox 2309 1295 2355 1329; x_wconf 87' lang='lat' dir='ltr'><strong>c.</strong></span> <span class='ocrx_word' id='word_1_275' title='bbox 2397 1277 2497 1329; x_wconf 81' lang='lat' dir='ltr'><strong>XI.</strong></span> <span class='ocrx_word' id='word_1_276' title='bbox 2515 1308 2598 1318; x_wconf 91' lang='grc'><strong>--</strong></span> <span class='ocrx_word' id='word_1_277' title='bbox 2622 1277 2812 1329; x_wconf 84' lang='lat' dir='ltr'><strong>Nonne</strong></span> 
     </span>
     <span class='ocr_line' id='line_1_50' title="bbox 1794 1356 2816 1429; baseline -0.004 -19"><span class='ocrx_word' id='word_1_278' title='bbox 1794 1360 1891 1411; x_wconf 88' lang='lat' dir='ltr'><strong>hos</strong></span> <span class='ocrx_word' id='word_1_279' title='bbox 1909 1378 2088 1410; x_wconf 84' lang='lat' dir='ltr'><strong>versus</strong></span> <span class='ocrx_word' id='word_1_280' title='bbox 2106 1357 2337 1429; x_wconf 87' lang='lat' dir='ltr'><strong>optimus</strong></span> <span class='ocrx_word' id='word_1_281' title='bbox 2356 1356 2560 1408; x_wconf 89' lang='lat' dir='ltr'><strong>Rhetor</strong></span> <span class='ocrx_word' id='word_1_282' title='bbox 2578 1356 2816 1409; x_wconf 82' lang='lat' dir='ltr'><strong>Gallicus</strong></span> 
     </span>
     <span class='ocr_line' id='line_1_51' title="bbox 1794 1436 2816 1505; baseline -0.001 -16"><span class='ocrx_word' id='word_1_283' title='bbox 1794 1440 1849 1490; x_wconf 89' lang='lat' dir='ltr'><strong>in</strong></span> <span class='ocrx_word' id='word_1_284' title='bbox 1876 1452 2106 1491; x_wconf 87' lang='lat' dir='ltr'><strong>mentem</strong></span> <span class='ocrx_word' id='word_1_285' title='bbox 2146 1436 2460 1498; x_wconf 77' lang='lat' dir='ltr'><strong>revocabat,</strong></span> <span class='ocrx_word' id='word_1_286' title='bbox 2498 1454 2670 1505; x_wconf 89' lang='lat' dir='ltr'><strong>quum</strong></span> <span class='ocrx_word' id='word_1_287' title='bbox 2703 1436 2816 1488; x_wconf 61' lang='lat' dir='ltr'><strong>hac</strong></span> 
     </span>
     <span class='ocr_line' id='line_1_52' title="bbox 1792 1515 2822 1586; baseline -0.002 -17"><span class='ocrx_word' id='word_1_288' title='bbox 1792 1519 2042 1570; x_wconf 83' lang='lat' dir='ltr'><strong>scriberet</strong></span> <span class='ocrx_word' id='word_1_289' title='bbox 2062 1536 2075 1570; x_wconf 90' lang='lat'>:</span> <span class='ocrx_word' id='word_1_290' title='bbox 2107 1544 2126 1563; x_wconf 70' lang='lat' dir='ltr'>a</span> <span class='ocrx_word' id='word_1_291' title='bbox 2147 1516 2299 1570; x_wconf 89' lang='lat' dir='ltr'><strong>Celui</strong></span> <span class='ocrx_word' id='word_1_292' title='bbox 2322 1515 2415 1586; x_wconf 89' lang='lat' dir='ltr'><strong>qui</strong></span> <span class='ocrx_word' id='word_1_293' title='bbox 2436 1533 2638 1586; x_wconf 76' lang='lat' dir='ltr'><strong>pourra</strong></span> <span class='ocrx_word' id='word_1_294' title='bbox 2660 1516 2822 1586; x_wconf 84' lang='lat' dir='ltr'><strong>expli·</strong></span> 
     </span>
     <span class='ocr_line' id='line_1_53' title="bbox 1800 1593 2820 1670; baseline -0.002 -20"><span class='ocrx_word' id='word_1_295' title='bbox 1800 1625 1821 1644; x_wconf 75' lang='grc' dir='ltr'>ι</span> <span class='ocrx_word' id='word_1_296' title='bbox 1840 1598 2029 1670; x_wconf 86' lang='lat' dir='ltr'><strong>querle</strong></span> <span class='ocrx_word' id='word_1_297' title='bbox 2043 1598 2257 1650; x_wconf 87' lang='lat' dir='ltr'><strong>charme</strong></span> <span class='ocrx_word' id='word_1_298' title='bbox 2268 1594 2361 1648; x_wconf 88' lang='lat' dir='ltr'><strong>des</strong></span> <span class='ocrx_word' id='word_1_299' title='bbox 2372 1593 2694 1666; x_wconf 73' lang='lat' dir='ltr'><strong>regards,du</strong></span> <span class='ocrx_word' id='word_1_300' title='bbox 2711 1614 2820 1648; x_wconf 72' lang='lat' dir='ltr'><strong>sou·</strong></span> 
     </span>
     <span class='ocr_line' id='line_1_54' title="bbox 1801 1673 2823 1737; baseline -0.003 -7"><span class='ocrx_word' id='word_1_301' title='bbox 1801 1705 1822 1723; x_wconf 73' lang='grc' dir='ltr'>ι</span> <span class='ocrx_word' id='word_1_302' title='bbox 1842 1679 1969 1737; x_wconf 84' lang='lat' dir='ltr'><strong>rire,</strong></span> <span class='ocrx_word' id='word_1_303' title='bbox 1991 1675 2059 1728; x_wconf 91' lang='lat' dir='ltr'><strong>de</strong></span> <span class='ocrx_word' id='word_1_304' title='bbox 2077 1679 2125 1729; x_wconf 85' lang='lat' dir='ltr'><strong>la</strong></span> <span class='ocrx_word' id='word_1_305' title='bbox 2144 1675 2427 1729; x_wconf 74' lang='lat' dir='ltr'><strong>demarche</strong></span> <span class='ocrx_word' id='word_1_306' title='bbox 2443 1673 2611 1727; x_wconf 86' lang='lat' dir='ltr'><strong>d’une</strong></span> <span class='ocrx_word' id='word_1_307' title='bbox 2629 1676 2823 1728; x_wconf 79' lang='lat' dir='ltr'><strong>femme</strong></span> 
     </span>
     <span class='ocr_line' id='line_1_55' title="bbox 1800 1755 2820 1826; baseline 0.003 -22"><span class='ocrx_word' id='word_1_308' title='bbox 1800 1785 1820 1804; x_wconf 66' lang='grc' dir='ltr'>ι</span> <span class='ocrx_word' id='word_1_309' title='bbox 1841 1758 2091 1822; x_wconf 84' lang='lat' dir='ltr'><strong>aimable,</strong></span> <span class='ocrx_word' id='word_1_310' title='bbox 2104 1757 2316 1809; x_wconf 73' lang='lat' dir='ltr'><strong>celui-la</strong></span> <span class='ocrx_word' id='word_1_311' title='bbox 2332 1772 2532 1826; x_wconf 74' lang='lat' dir='ltr'><strong>pourra</strong></span> <span class='ocrx_word' id='word_1_312' title='bbox 2543 1755 2820 1826; x_wconf 77' lang='lat' dir='ltr'><strong>expliquer</strong></span> 
     </span>
     <span class='ocr_line' id='line_1_56' title="bbox 1800 1829 2819 1901; baseline -0.006 -9"><span class='ocrx_word' id='word_1_313' title='bbox 1800 1863 1820 1881; x_wconf 83' lang='lat'>-</span> <span class='ocrx_word' id='word_1_314' title='bbox 1838 1837 2114 1892; x_wconf 89' lang='lat' dir='ltr'><strong>lecharme</strong></span> <span class='ocrx_word' id='word_1_315' title='bbox 2124 1836 2216 1889; x_wconf 85' lang='lat' dir='ltr'><strong>des</strong></span> <span class='ocrx_word' id='word_1_316' title='bbox 2225 1855 2341 1889; x_wconf 83' lang='lat' dir='ltr'><strong>vers</strong></span> <span class='ocrx_word' id='word_1_317' title='bbox 2351 1829 2819 1901; x_wconf 47' lang='lat' dir='ltr'><strong>decantandam</strong></span> 
     </span>
     <span class='ocr_line' id='line_1_57' title="bbox 1803 1908 2817 1987; baseline -0.003 -17"><span class='ocrx_word' id='word_1_318' title='bbox 1803 1945 1821 1963; x_wconf 72' lang='grc' dir='ltr'>ι</span> <span class='ocrx_word' id='word_1_319' title='bbox 1839 1920 1899 1971; x_wconf 85' lang='lat' dir='ltr'><strong>de</strong></span> <span class='ocrx_word' id='word_1_320' title='bbox 1914 1922 2006 1972; x_wconf 82' lang='lat' dir='ltr'><strong>litt.</strong></span> <span class='ocrx_word' id='word_1_321' title='bbox 2021 1918 2080 1969; x_wconf 80' lang='lat' dir='ltr'><strong>de</strong></span> <span class='ocrx_word' id='word_1_322' title='bbox 2092 1918 2304 1986; x_wconf 73' lang='lat' dir='ltr'><strong>Labor-p.</strong></span> <span class='ocrx_word' id='word_1_323' title='bbox 2320 1928 2354 1970; x_wconf 84' lang='lat' dir='ltr'><strong>t.</strong></span> <span class='ocrx_word' id='word_1_324' title='bbox 2373 1918 2519 1987; x_wconf 87' lang='lat' dir='ltr'><strong>11,p.</strong></span> <span class='ocrx_word' id='word_1_325' title='bbox 2537 1933 2558 1968; x_wconf 76' lang='grc' dir='ltr'>ι</span> <span class='ocrx_word' id='word_1_326' title='bbox 2573 1908 2696 1986; x_wconf 81' lang='grc'><strong>89).</strong></span> <span class='ocrx_word' id='word_1_327' title='bbox 2709 1942 2730 1962; x_wconf 73' lang='grc' dir='ltr'>ι</span> <span class='ocrx_word' id='word_1_328' title='bbox 2752 1917 2817 1967; x_wconf 89' lang='lat' dir='ltr'><strong>N.</strong></span> 
     </span>
    </p>

    <p class='ocr_par' dir='ltr' id='par_1_9' title="bbox 1794 1994 2815 2131">
     <span class='ocr_line' id='line_1_58' title="bbox 1875 1994 2815 2070; baseline -0.001 -20"><span class='ocrx_word' id='word_1_329' title='bbox 1875 2020 1905 2070; x_wconf 89' lang='lat'>7</span> <span class='ocrx_word' id='word_1_330' title='bbox 1917 1999 1946 2050; x_wconf 86' lang='lat'>3</span> <span class='ocrx_word' id='word_1_331' title='bbox 1959 2040 1970 2051; x_wconf 92' lang='lat'><strong>.</strong></span> <span class='ocrx_word' id='word_1_332' title='bbox 1985 1998 2212 2050; x_wconf 80' lang='lat' dir='ltr'><strong>Amorem</strong></span> <span class='ocrx_word' id='word_1_333' title='bbox 2228 1997 2367 2050; x_wconf 78' lang='lat' dir='ltr'><strong>male</strong></span> <span class='ocrx_word' id='word_1_334' title='bbox 2384 1997 2439 2049; x_wconf 82' lang='lat' dir='ltr'><strong>in</strong></span> <span class='ocrx_word' id='word_1_335' title='bbox 2454 1994 2644 2050; x_wconf 78' lang='lat' dir='ltr'><strong>decem</strong></span> <span class='ocrx_word' id='word_1_336' title='bbox 2661 1996 2815 2049; x_wconf 80' lang='lat' dir='ltr'><strong>MSS.</strong></span> 
     </span>
     <span class='ocr_line' id='line_1_59' title="bbox 1794 2079 2046 2131; baseline -0.004 -1"><span class='ocrx_word' id='word_1_337' title='bbox 1794 2079 2046 2131; x_wconf 83' lang='lat' dir='ltr'><strong>Santenii.</strong></span> 
     </span>
    </p>

    <p class='ocr_par' dir='ltr' id='par_1_10' title="bbox 1790 2157 2817 3827">
     <span class='ocr_line' id='line_1_60' title="bbox 1877 2157 2812 2228; baseline -0.003 -17"><span class='ocrx_word' id='word_1_338' title='bbox 1877 2166 1968 2228; x_wconf 72' lang='lat'><strong>74.</strong></span> <span class='ocrx_word' id='word_1_339' title='bbox 2002 2159 2285 2210; x_wconf 78' lang='lat' dir='ltr'><strong>Laodamia.</strong></span> <span class='ocrx_word' id='word_1_340' title='bbox 2325 2184 2347 2205; x_wconf 74' lang='grc' dir='ltr'>ι</span> <span class='ocrx_word' id='word_1_341' title='bbox 2365 2158 2440 2209; x_wconf 77' lang='lat' dir='ltr'><strong>Ea</strong></span> <span class='ocrx_word' id='word_1_342' title='bbox 2470 2175 2610 2210; x_wconf 86' lang='lat' dir='ltr'><strong>uxor</strong></span> <span class='ocrx_word' id='word_1_343' title='bbox 2636 2157 2812 2209; x_wconf 84' lang='lat' dir='ltr'><strong>Prote·</strong></span> 
     </span>
     <span class='ocr_line' id='line_1_61' title="bbox 1795 2237 2810 2309; baseline -0.002 -20"><span class='ocrx_word' id='word_1_344' title='bbox 1795 2239 1908 2290; x_wconf 86' lang='lat' dir='ltr'><strong>silai</strong></span> <span class='ocrx_word' id='word_1_345' title='bbox 1924 2239 2021 2290; x_wconf 85' lang='lat' dir='ltr'><strong>fuit</strong></span> <span class='ocrx_word' id='word_1_346' title='bbox 2036 2273 2052 2300; x_wconf 88' lang='lat'><strong>‚</strong></span> <span class='ocrx_word' id='word_1_347' title='bbox 2075 2257 2192 2309; x_wconf 71' lang='lat' dir='ltr'><strong>quae</strong></span> <span class='ocrx_word' id='word_1_348' title='bbox 2205 2256 2371 2309; x_wconf 89' lang='lat' dir='ltr'><strong>quum</strong></span> <span class='ocrx_word' id='word_1_349' title='bbox 2387 2237 2646 2290; x_wconf 81' lang='lat' dir='ltr'><strong>maritum</strong></span> <span class='ocrx_word' id='word_1_350' title='bbox 2661 2253 2810 2288; x_wconf 86' lang='lat' dir='ltr'><strong>suum</strong></span> 
     </span>
     <span class='ocr_line' id='line_1_62' title="bbox 1793 2317 2817 2389; baseline -0.002 -19"><span class='ocrx_word' id='word_1_351' title='bbox 1793 2318 2027 2389; x_wconf 82' lang='lat' dir='ltr'><strong>primum</strong></span> <span class='ocrx_word' id='word_1_352' title='bbox 2049 2338 2112 2370; x_wconf 84' lang='lat' dir='ltr'><strong>ex</strong></span> <span class='ocrx_word' id='word_1_353' title='bbox 2135 2318 2391 2370; x_wconf 84' lang='lat' dir='ltr'><strong>omnibus</strong></span> <span class='ocrx_word' id='word_1_354' title='bbox 2409 2317 2618 2370; x_wconf 78' lang='lat' dir='ltr'><strong>Graecis</strong></span> <span class='ocrx_word' id='word_1_355' title='bbox 2634 2318 2691 2369; x_wconf 84' lang='lat' dir='ltr'><strong>in</strong></span> <span class='ocrx_word' id='word_1_356' title='bbox 2713 2317 2817 2368; x_wconf 84' lang='lat' dir='ltr'><strong>bel-</strong></span> 
     </span>
     <span class='ocr_line' id='line_1_63' title="bbox 1796 2388 2814 2470; baseline -0.001 -21"><span class='ocrx_word' id='word_1_357' title='bbox 1796 2400 1847 2449; x_wconf 92' lang='lat' dir='ltr'><strong>lo</strong></span> <span class='ocrx_word' id='word_1_358' title='bbox 1866 2388 2099 2470; x_wconf 81' lang='lat' dir='ltr'><strong>Trojano</strong></span> <span class='ocrx_word' id='word_1_359' title='bbox 2123 2400 2189 2450; x_wconf 91' lang='lat' dir='ltr'><strong>ab</strong></span> <span class='ocrx_word' id='word_1_360' title='bbox 2214 2398 2445 2449; x_wconf 87' lang='lat' dir='ltr'><strong>Hectore</strong></span> <span class='ocrx_word' id='word_1_361' title='bbox 2471 2397 2814 2450; x_wconf 76' lang='lat' dir='ltr'><strong>interfectum</strong></span> 
     </span>
     <span class='ocr_line' id='line_1_64' title="bbox 1795 2475 2812 2544; baseline 0.001 -15"><span class='ocrx_word' id='word_1_362' title='bbox 1795 2497 1901 2530; x_wconf 85' lang='lat' dir='ltr'><strong>esse</strong></span> <span class='ocrx_word' id='word_1_363' title='bbox 1931 2478 2159 2531; x_wconf 85' lang='lat' dir='ltr'><strong>audisset</strong></span> <span class='ocrx_word' id='word_1_364' title='bbox 2178 2519 2192 2544; x_wconf 93' lang='lat'>‚</span> <span class='ocrx_word' id='word_1_365' title='bbox 2224 2478 2394 2530; x_wconf 90' lang='lat' dir='ltr'><strong>nimio</strong></span> <span class='ocrx_word' id='word_1_366' title='bbox 2431 2479 2579 2530; x_wconf 80' lang='lat' dir='ltr'><strong>illius</strong></span> <span class='ocrx_word' id='word_1_367' title='bbox 2609 2475 2812 2531; x_wconf 74' lang='lat' dir='ltr'><strong>deside·</strong></span> 
     </span>
     <span class='ocr_line' id='line_1_65' title="bbox 1795 2558 2811 2629; baseline -0.001 -18"><span class='ocrx_word' id='word_1_368' title='bbox 1795 2560 1874 2611; x_wconf 89' lang='lat' dir='ltr'><strong>rio</strong></span> <span class='ocrx_word' id='word_1_369' title='bbox 1915 2560 2205 2611; x_wconf 84' lang='lat' dir='ltr'><strong>contabuit.</strong></span> <span class='ocrx_word' id='word_1_370' title='bbox 2247 2558 2381 2610; x_wconf 87' lang='lat' dir='ltr'><strong>Sunt</strong></span> <span class='ocrx_word' id='word_1_371' title='bbox 2401 2597 2416 2622; x_wconf 89' lang='lat'><strong>,</strong></span> <span class='ocrx_word' id='word_1_372' title='bbox 2462 2559 2559 2629; x_wconf 78' lang='lat' dir='ltr'><strong>qui</strong></span> <span class='ocrx_word' id='word_1_373' title='bbox 2596 2558 2777 2613; x_wconf 81' lang='lat' dir='ltr'><strong>dicant</strong></span> <span class='ocrx_word' id='word_1_374' title='bbox 2796 2599 2811 2622; x_wconf 91' lang='lat'>‚</span> 
     </span>
     <span class='ocr_line' id='line_1_66' title="bbox 1794 2638 2808 2692; baseline 0.002 -4"><span class='ocrx_word' id='word_1_375' title='bbox 1794 2639 1895 2689; x_wconf 82' lang='lat' dir='ltr'><strong>viri</strong></span> <span class='ocrx_word' id='word_1_376' title='bbox 1922 2640 2165 2691; x_wconf 85' lang='lat' dir='ltr'><strong>umbram</strong></span> <span class='ocrx_word' id='word_1_377' title='bbox 2191 2640 2239 2690; x_wconf 89' lang='lat' dir='ltr'><strong>ei</strong></span> <span class='ocrx_word' id='word_1_378' title='bbox 2267 2657 2321 2690; x_wconf 86' lang='lat' dir='ltr'><strong>se</strong></span> <span class='ocrx_word' id='word_1_379' title='bbox 2345 2638 2401 2689; x_wconf 92' lang='lat' dir='ltr'><strong>in</strong></span> <span class='ocrx_word' id='word_1_380' title='bbox 2427 2639 2635 2691; x_wconf 81' lang='lat' dir='ltr'><strong>somnis</strong></span> <span class='ocrx_word' id='word_1_381' title='bbox 2658 2640 2808 2692; x_wconf 83' lang='lat' dir='ltr'><strong>obtu-</strong></span> 
     </span>
     <span class='ocr_line' id='line_1_67' title="bbox 1794 2718 2810 2790; baseline 0 -22"><span class='ocrx_word' id='word_1_382' title='bbox 1794 2719 1910 2770; x_wconf 79' lang='lat' dir='ltr'><strong>lisse</strong></span> <span class='ocrx_word' id='word_1_383' title='bbox 1943 2758 1959 2784; x_wconf 94' lang='lat'>,</span> <span class='ocrx_word' id='word_1_384' title='bbox 2023 2720 2186 2790; x_wconf 88' lang='lat' dir='ltr'><strong>inque</strong></span> <span class='ocrx_word' id='word_1_385' title='bbox 2245 2718 2386 2770; x_wconf 88' lang='lat' dir='ltr'><strong>illius</strong></span> <span class='ocrx_word' id='word_1_386' title='bbox 2442 2719 2810 2790; x_wconf 79' lang='lat' dir='ltr'><strong>complexibus</strong></span> 
     </span>
     <span class='ocr_line' id='line_1_68' title="bbox 1792 2797 2813 2867; baseline 0.001 -19"><span class='ocrx_word' id='word_1_387' title='bbox 1792 2800 1958 2867; x_wconf 86' lang='lat' dir='ltr'><strong>ipsam</strong></span> <span class='ocrx_word' id='word_1_388' title='bbox 1991 2812 2308 2851; x_wconf 86' lang='lat' dir='ltr'><strong>emortuam.</strong></span> <span class='ocrx_word' id='word_1_389' title='bbox 2341 2797 2447 2849; x_wconf 77' lang='lat' dir='ltr'><strong>Alii</strong></span> <span class='ocrx_word' id='word_1_390' title='bbox 2471 2838 2487 2863; x_wconf 83' lang='lat'>,</span> <span class='ocrx_word' id='word_1_391' title='bbox 2525 2799 2813 2851; x_wconf 78' lang='lat' dir='ltr'><strong>obtinuisse</strong></span> 
     </span>
     <span class='ocr_line' id='line_1_69' title="bbox 1793 2877 2808 2944; baseline 0.001 -16"><span class='ocrx_word' id='word_1_392' title='bbox 1793 2878 2136 2930; x_wconf 81' lang='lat' dir='ltr'><strong>Protesilaum</strong></span> <span class='ocrx_word' id='word_1_393' title='bbox 2156 2879 2332 2942; x_wconf 86' lang='lat' dir='ltr'><strong>aiunt,</strong></span> <span class='ocrx_word' id='word_1_394' title='bbox 2351 2890 2414 2930; x_wconf 84' lang='lat' dir='ltr'><strong>ut</strong></span> <span class='ocrx_word' id='word_1_395' title='bbox 2431 2896 2495 2930; x_wconf 80' lang='lat' dir='ltr'><strong>ex</strong></span> <span class='ocrx_word' id='word_1_396' title='bbox 2515 2879 2701 2931; x_wconf 79' lang='lat' dir='ltr'><strong>inferis</strong></span> <span class='ocrx_word' id='word_1_397' title='bbox 2715 2917 2731 2944; x_wconf 88' lang='lat'>‚</span> <span class='ocrx_word' id='word_1_398' title='bbox 2748 2877 2808 2930; x_wconf 77' lang='lat' dir='ltr'><strong>ad</strong></span> 
     </span>
     <span class='ocr_line' id='line_1_70' title="bbox 1798 2957 2810 3021; baseline 0.002 -12"><span class='ocrx_word' id='word_1_399' title='bbox 1798 2957 2067 3011; x_wconf 80' lang='lat' dir='ltr'><strong>visendam</strong></span> <span class='ocrx_word' id='word_1_400' title='bbox 2112 2975 2328 3011; x_wconf 80' lang='lat' dir='ltr'><strong>uxorem</strong></span> <span class='ocrx_word' id='word_1_401' title='bbox 2350 2996 2364 3015; x_wconf 87' lang='lat'>,</span> <span class='ocrx_word' id='word_1_402' title='bbox 2412 2971 2773 3011; x_wconf 79' lang='lat' dir='ltr'><strong>reverteretur</strong></span> <span class='ocrx_word' id='word_1_403' title='bbox 2794 2979 2810 3021; x_wconf 87' lang='grc'><strong>;</strong></span> 
     </span>
     <span class='ocr_line' id='line_1_71' title="bbox 1790 3036 2807 3108; baseline 0.002 -19"><span class='ocrx_word' id='word_1_404' title='bbox 1790 3057 1861 3108; x_wconf 90' lang='lat' dir='ltr'><strong>qu</strong></span> <span class='ocrx_word' id='word_1_405' title='bbox 1870 3056 2067 3108; x_wconf 89' lang='lat' dir='ltr'><strong>umque</strong></span> <span class='ocrx_word' id='word_1_406' title='bbox 2076 3057 2190 3090; x_wconf 85' lang='lat' dir='ltr'><strong>eam</strong></span> <span class='ocrx_word' id='word_1_407' title='bbox 2203 3037 2475 3108; x_wconf 85' lang='lat' dir='ltr'><strong>reperisset</strong></span> <span class='ocrx_word' id='word_1_408' title='bbox 2486 3036 2807 3108; x_wconf 73' lang='lat' dir='ltr'><strong>adjacentem</strong></span> 
     </span>
     <span class='ocr_line' id='line_1_72' title="bbox 1791 3117 2810 3189; baseline 0.002 -20"><span class='ocrx_word' id='word_1_409' title='bbox 1791 3118 2137 3188; x_wconf 72' lang='lat' dir='ltr'><strong>imagunculae</strong></span> <span class='ocrx_word' id='word_1_410' title='bbox 2155 3158 2170 3182; x_wconf 90' lang='lat'>,</span> <span class='ocrx_word' id='word_1_411' title='bbox 2199 3136 2305 3189; x_wconf 82' lang='lat' dir='ltr'><strong>qua</strong></span> <span class='ocrx_word' id='word_1_412' title='bbox 2337 3117 2439 3168; x_wconf 79' lang='lat' dir='ltr'><strong>viri</strong></span> <span class='ocrx_word' id='word_1_413' title='bbox 2468 3119 2672 3187; x_wconf 80' lang='lat' dir='ltr'><strong>mortui</strong></span> <span class='ocrx_word' id='word_1_414' title='bbox 2698 3120 2810 3170; x_wconf 77' lang='lat' dir='ltr'><strong>vul·</strong></span> 
     </span>
     <span class='ocr_line' id='line_1_73' title="bbox 1794 3196 2810 3269; baseline -0.001 -19"><span class='ocrx_word' id='word_1_415' title='bbox 1794 3211 1906 3251; x_wconf 90' lang='lat' dir='ltr'><strong>tum</strong></span> <span class='ocrx_word' id='word_1_416' title='bbox 1938 3196 2345 3268; x_wconf 83' lang='lat' dir='ltr'><strong>exprimendum</strong></span> <span class='ocrx_word' id='word_1_417' title='bbox 2376 3210 2686 3258; x_wconf 75' lang='lat' dir='ltr'><strong>curaverat,</strong></span> <span class='ocrx_word' id='word_1_418' title='bbox 2719 3218 2810 3269; x_wconf 80' lang='lat' dir='ltr'><strong>pe·</strong></span> 
     </span>
     <span class='ocr_line' id='line_1_74' title="bbox 1792 3276 2809 3348; baseline -0.001 -19"><span class='ocrx_word' id='word_1_419' title='bbox 1792 3278 1929 3330; x_wconf 85' lang='lat' dir='ltr'><strong>tiisse</strong></span> <span class='ocrx_word' id='word_1_420' title='bbox 1945 3317 1960 3341; x_wconf 91' lang='lat'><strong><em>‚</em></strong></span> <span class='ocrx_word' id='word_1_421' title='bbox 1985 3290 2042 3328; x_wconf 90' lang='lat' dir='ltr'><strong>ut</strong></span> <span class='ocrx_word' id='word_1_422' title='bbox 2074 3297 2141 3329; x_wconf 90' lang='lat' dir='ltr'><strong>ne</strong></span> <span class='ocrx_word' id='word_1_423' title='bbox 2164 3278 2265 3329; x_wconf 88' lang='lat' dir='ltr'><strong>sibi</strong></span> <span class='ocrx_word' id='word_1_424' title='bbox 2292 3276 2520 3347; x_wconf 74' lang='lat' dir='ltr'><strong>amplius</strong></span> <span class='ocrx_word' id='word_1_425' title='bbox 2550 3291 2809 3348; x_wconf 68' lang='lat' dir='ltr'><strong>superstes</strong></span> 
     </span>
     <span class='ocr_line' id='line_1_75' title="bbox 1793 3357 2807 3428; baseline 0.002 -21"><span class='ocrx_word' id='word_1_426' title='bbox 1793 3377 1898 3409; x_wconf 85' lang='lat' dir='ltr'><strong>esse</strong></span> <span class='ocrx_word' id='word_1_427' title='bbox 1941 3358 2128 3422; x_wconf 79' lang='lat' dir='ltr'><strong>vellet;</strong></span> <span class='ocrx_word' id='word_1_428' title='bbox 2171 3370 2283 3409; x_wconf 90' lang='lat' dir='ltr'><strong>tum</strong></span> <span class='ocrx_word' id='word_1_429' title='bbox 2326 3357 2492 3426; x_wconf 83' lang='lat' dir='ltr'><strong>ipsam</strong></span> <span class='ocrx_word' id='word_1_430' title='bbox 2510 3394 2528 3420; x_wconf 87' lang='lat'>,</span> <span class='ocrx_word' id='word_1_431' title='bbox 2563 3369 2679 3410; x_wconf 75' lang='lat' dir='ltr'><strong>acta</strong></span> <span class='ocrx_word' id='word_1_432' title='bbox 2714 3377 2807 3428; x_wconf 80' lang='lat' dir='ltr'><strong>per</strong></span> 
     </span>
     <span class='ocr_line' id='line_1_76' title="bbox 1791 3437 2798 3506; baseline -0.001 -17"><span class='ocrx_word' id='word_1_433' title='bbox 1791 3451 1974 3506; x_wconf 85' lang='lat' dir='ltr'><strong>pectus</strong></span> <span class='ocrx_word' id='word_1_434' title='bbox 1993 3438 2140 3490; x_wconf 83' lang='lat' dir='ltr'><strong>hasta</strong></span> <span class='ocrx_word' id='word_1_435' title='bbox 2155 3476 2169 3499; x_wconf 87' lang='lat'>,</span> <span class='ocrx_word' id='word_1_436' title='bbox 2192 3437 2290 3489; x_wconf 84' lang='lat' dir='ltr'><strong>sibi</strong></span> <span class='ocrx_word' id='word_1_437' title='bbox 2308 3450 2534 3490; x_wconf 85' lang='lat' dir='ltr'><strong>mortem</strong></span> <span class='ocrx_word' id='word_1_438' title='bbox 2552 3437 2798 3489; x_wconf 71' lang='lat' dir='ltr'><strong>attulisse.</strong></span> 
     </span>
     <span class='ocr_line' id='line_1_77' title="bbox 1791 3515 2804 3587; baseline 0 -19"><span class='ocrx_word' id='word_1_439' title='bbox 1791 3515 1954 3580; x_wconf 88' lang='lat' dir='ltr'><strong>Quod</strong></span> <span class='ocrx_word' id='word_1_440' title='bbox 1996 3530 2167 3570; x_wconf 91' lang='lat' dir='ltr'><strong>autem</strong></span> <span class='ocrx_word' id='word_1_441' title='bbox 2211 3528 2316 3568; x_wconf 84' lang='lat' dir='ltr'><strong>tam</strong></span> <span class='ocrx_word' id='word_1_442' title='bbox 2343 3515 2497 3568; x_wconf 84' lang='lat' dir='ltr'><strong>brevi</strong></span> <span class='ocrx_word' id='word_1_443' title='bbox 2532 3529 2774 3587; x_wconf 82' lang='lat' dir='ltr'><strong>tempore</strong></span> <span class='ocrx_word' id='word_1_444' title='bbox 2789 3557 2804 3581; x_wconf 91' lang='lat'>,</span> 
     </span>
     <span class='ocr_line' id='line_1_78' title="bbox 1791 3595 2807 3667; baseline 0.001 -19"><span class='ocrx_word' id='word_1_445' title='bbox 1791 3598 1982 3648; x_wconf 85' lang='lat' dir='ltr'><strong>marito</strong></span> <span class='ocrx_word' id='word_1_446' title='bbox 2019 3616 2114 3649; x_wconf 89' lang='lat' dir='ltr'><strong>suo</strong></span> <span class='ocrx_word' id='word_1_447' title='bbox 2149 3595 2256 3648; x_wconf 75' lang='lat' dir='ltr'><strong>frui</strong></span> <span class='ocrx_word' id='word_1_448' title='bbox 2285 3596 2387 3667; x_wconf 84' lang='lat' dir='ltr'><strong>ipsi</strong></span> <span class='ocrx_word' id='word_1_449' title='bbox 2423 3597 2666 3660; x_wconf 81' lang='lat' dir='ltr'><strong>licuerit,</strong></span> <span class='ocrx_word' id='word_1_450' title='bbox 2704 3598 2807 3649; x_wconf 76' lang='lat' dir='ltr'><strong>Ca·</strong></span> 
     </span>
     <span class='ocr_line' id='line_1_79' title="bbox 1793 3676 2810 3729; baseline 0 -2"><span class='ocrx_word' id='word_1_451' title='bbox 1793 3677 1951 3728; x_wconf 87' lang='lat' dir='ltr'><strong>tullus</strong></span> <span class='ocrx_word' id='word_1_452' title='bbox 1965 3679 2198 3729; x_wconf 85' lang='lat' dir='ltr'><strong>Deorum</strong></span> <span class='ocrx_word' id='word_1_453' title='bbox 2225 3676 2359 3728; x_wconf 80' lang='lat' dir='ltr'><strong>iram</strong></span> <span class='ocrx_word' id='word_1_454' title='bbox 2385 3676 2441 3727; x_wconf 88' lang='lat' dir='ltr'><strong>in</strong></span> <span class='ocrx_word' id='word_1_455' title='bbox 2469 3694 2622 3729; x_wconf 71' lang='lat' dir='ltr'><strong>musa</strong></span> <span class='ocrx_word' id='word_1_456' title='bbox 2647 3676 2810 3728; x_wconf 76' lang='lat' dir='ltr'><strong>fuisse</strong></span> 
     </span>
     <span class='ocr_line' id='line_1_80' title="bbox 1790 3756 2812 3827; baseline 0.002 -20"><span class='ocrx_word' id='word_1_457' title='bbox 1790 3756 1918 3808; x_wconf 87' lang='lat' dir='ltr'><strong>dicit</strong></span> <span class='ocrx_word' id='word_1_458' title='bbox 1940 3795 1955 3822; x_wconf 88' lang='lat'>‚</span> <span class='ocrx_word' id='word_1_459' title='bbox 1996 3757 2190 3827; x_wconf 83' lang='lat' dir='ltr'><strong>quibus</strong></span> <span class='ocrx_word' id='word_1_460' title='bbox 2231 3768 2354 3808; x_wconf 84' lang='lat' dir='ltr'><strong>ante</strong></span> <span class='ocrx_word' id='word_1_461' title='bbox 2401 3756 2613 3826; x_wconf 77' lang='lat' dir='ltr'><strong>nuptias</strong></span> <span class='ocrx_word' id='word_1_462' title='bbox 2662 3774 2812 3809; x_wconf 72' lang='lat' dir='ltr'><strong>sacra</strong></span> 
     </span>
    </p>
   </div>
   <div class='ocr_carea' id='block_1_6' title="bbox 1790 3836 2812 3908">
    <p class='ocr_par' dir='ltr' id='par_1_11' title="bbox 1790 3836 2812 3908">
     <span class='ocr_line' id='line_1_81' title="bbox 1790 3836 2812 3908; baseline -0.002 -21"><span class='ocrx_word' id='word_1_463' title='bbox 1790 3837 1887 3888; x_wconf 89' lang='lat' dir='ltr'><strong>rite</strong></span> <span class='ocrx_word' id='word_1_464' title='bbox 1905 3849 2206 3908; x_wconf 81' lang='lat' dir='ltr'><strong>perpetrata</strong></span> <span class='ocrx_word' id='word_1_465' title='bbox 2225 3855 2332 3888; x_wconf 89' lang='lat' dir='ltr'><strong>non</strong></span> <span class='ocrx_word' id='word_1_466' title='bbox 2347 3836 2541 3888; x_wconf 80' lang='lat' dir='ltr'><strong>forent.</strong></span> <span class='ocrx_word' id='word_1_467' title='bbox 2562 3861 2584 3882; x_wconf 83' lang='grc' dir='ltr'><strong>ιι</strong></span> <span class='ocrx_word' id='word_1_468' title='bbox 2605 3836 2812 3888; x_wconf 70' lang='lat' dir='ltr'><strong>Muoet.</strong></span> 
     </span>
    </p>
   </div>
   <div class='ocr_carea' id='block_1_7' title="bbox 1786 3915 2815 4129">
    <p class='ocr_par' dir='ltr' id='par_1_12' title="bbox 1786 3915 2815 4129">
     <span class='ocr_line' id='line_1_82' title="bbox 1788 3915 2813 3969; baseline 0.002 -3"><span class='ocrx_word' id='word_1_469' title='bbox 1788 3918 1858 3968; x_wconf 86' lang='lat' dir='ltr'><strong>cf.</strong></span> <span class='ocrx_word' id='word_1_470' title='bbox 1887 3917 2103 3969; x_wconf 86' lang='lat' dir='ltr'><strong>Lucian.</strong></span> <span class='ocrx_word' id='word_1_471' title='bbox 2143 3918 2259 3969; x_wconf 89' lang='lat' dir='ltr'><strong>DD.</strong></span> <span class='ocrx_word' id='word_1_472' title='bbox 2289 3916 2366 3967; x_wconf 88' lang='grc' dir='ltr'><strong>Μ.</strong></span> <span class='ocrx_word' id='word_1_473' title='bbox 2400 3916 2607 3968; x_wconf 83' lang='grc' dir='ltr'>ΧΧΠΙ.</span> <span class='ocrx_word' id='word_1_474' title='bbox 2640 3915 2813 3969; x_wconf 79' lang='lat' dir='ltr'><strong>ovid.</strong></span> 
     </span>
     <span class='ocr_line' id='line_1_83' title="bbox 1786 3996 2815 4129; baseline 0.001 -81"><span class='ocrx_word' id='word_1_475' title='bbox 1786 3997 2118 4129; x_wconf 47' lang='lat' dir='ltr'><strong>⁴{pigtivxlll</strong></span> <span class='ocrx_word' id='word_1_476' title='bbox 2141 4037 2156 4061; x_wconf 90' lang='lat'>,</span> <span class='ocrx_word' id='word_1_477' title='bbox 2188 4009 2238 4049; x_wconf 87' lang='lat' dir='ltr'><strong>et</strong></span> <span class='ocrx_word' id='word_1_478' title='bbox 2269 3996 2464 4066; x_wconf 78' lang='lat' dir='ltr'><strong>Hygin.</strong></span> <span class='ocrx_word' id='word_1_479' title='bbox 2501 3996 2626 4049; x_wconf 76' lang='lat' dir='ltr'><strong>Fab.</strong></span> <span class='ocrx_word' id='word_1_480' title='bbox 2670 3997 2815 4049; x_wconf 77' lang='lat'>(3111</span> 
     </span>
    </p>
   </div>
  </div>
 </body>
</html>
