2986 4935
735 458 879 540 348

1249 459 1325 526 C.
1364 459 1792 525 VALERII
1849 459 2309 525 CA'l'ULLI

943 593 1074 655 Aut
1110 590 1162 655 si
1197 613 1390 680 quem
1431 589 1664 656 merito
1702 587 1885 656 tarda
1930 589 2220 682 podagra
2258 603 2472 672 εει-αις

834 692 1127 761 AEmulus
1160 695 1279 761 iste
1316 709 1502 779 tuuS,
1538 695 1649 787 qui
1687 708 1981 762 vostrum
2021 709 2292 762 exercet
2321 718 2609 762 annon-em
2631 750 2648 777 ‚

938 799 1215 867 Mirifice
1256 814 1354 867 est
1396 824 1435 866 a
1480 816 1544 867 te
1587 815 1816 868 nactus
1862 815 2212 892 utrumque
2256 800 2518 868 malum.

839 909 998 975 Nam
1041 907 1293 997 quoties
1339 906 1567 992 futuit,
1608 907 1797 973 toties
1835 904 2166 974 ulciscitur
2206 906 2473 990 ambos3

937 1010 1123 1078 lllain
1166 1010 1399 1104 affligit
1437 1011 1679 1096 odore,
1717 1013 1853 1104 ipse
1897 1012 2065 1105 perit
2107 1010 2416 1106 podagra.

729 1221 912 1269 alae-um
930 1219 1136 1287 Gryph.
1159 1218 1410 1270 Muretus.
1427 1220 1574 1272 -Si
1594 1225 1708 1290 quoi
1719 1260 1732 1281 ,

736 1299 881 1347 Virro
910 1338 922 1358 ,
967 1298 1126 1347 domos
1160 1318 1295 1348 sacer
1331 1299 1516 1349 alarum
1559 1299 1740 1350 obsidet

732 1379 886 1427 hircus
916 1379 1176 1439 tentabat,
1208 1390 1260 1428 et
1293 1379 1413 1429 satis
1444 1377 1620 1448 lepide
1651 1397 1738 1429 ex-

735 1455 960 1524 plicabat
980 1457 1143 1507 Janus
1169 1457 1442 1525 Meleager.
1473 1490 1551 1498 —
1583 1458 1741 1526 Caper

733 1536 915 1585 alae-um
939 1536 1120 1586 obstitit
1152 1538 1306 1586 hircus
1342 1536 1608 1605 ingeniose
1649 1535 1739 1588 sed

734 1615 844 1664 sine
884 1617 1183 1667 necessitate
1233 1615 1461 1684 conjecit
1496 1615 1741 1666 Heinsius

735 1697 787 1744 in
810 1695 949 1745 notis
973 1694 1039 1745 ad
1059 1696 1173 1748 Cat.
1190 1695 1500 1757 —Sensus‚
1528 1707 1586 1745 ut
1609 1694 1739 1745 mihi

738 1772 976 1835 videtur,
1006 1788 1080 1825 est
1109 1775 1214 1826 fere
1236 1774 1356 1826 hic:
1380 1800 1401 1820 ι
1425 1773 1477 1825 Si
1503 1774 1618 1843 quis
1644 1793 1743 1824 un-

736 1872 919 1922 quam,
935 1852 1297 1917 Virro,h0mo
1321 1851 1579 1923 insipidus
1605 1872 1742 1905 exse-

735 1933 915 1983 crabili
931 1933 1125 1984 alarum
1139 1931 1304 1983 odore
1320 1933 1507 1984 merito
1521 1932 1743 1985 infectus

740 2011 860 2071 fuit,
894 2025 978 2062 aut
998 2012 1141 2081 gravi
1166 2011 1405 2081 podagrae
1433 2010 1616 2063 dolore
1642 2031 1744 2063 me·

739 2091 840 2140 rito
862 2091 1173 2160 corripitur,
1200 2110 1320 2142 sane
1346 2092 1563 2143 aemulus
1593 2103 1740 2154 tuus»,

737 2171 826 2239 qui
859 2170 1094 2222 eamdem
1126 2172 1349 2240 puellam
1384 2183 1555 2221 tecum
1588 2171 1742 2221 suba-

738 2251 888 2318 gitat,
913 2251 1107 2301 mirum
1132 2251 1186 2300 in
1216 2249 1434 2314 modum
1460 2263 1742 2319 utrumque

741 2331 931 2379 malum
979 2330 1164 2380 merito
1209 2347 1237 2379 a
1279 2342 1327 2380 te
1370 2342 1554 2379 nactus
1597 2343 1689 2381 est.
1714 2355 1733 2374 ιι

748 2440 810 2448 -—
836 2409 972 2458 Bono
989 2450 1001 2470 ,
1035 2407 1288 2477 insipido,
1309 2408 1484 2460 stulto.
1511 2408 1594 2460 Sic
1610 2427 1743 2478 saepe

738 2490 881 2538 lamus
908 2489 1135 2545 ironice,
1172 2487 1412 2556 inprimis
1436 2507 1462 2537 a
1488 2487 1742 2551 Cornicis,

742 2566 862 2634 poni
916 2567 1063 2617 solet.
1084 2564 1209 2617 Vid.
1251 2566 1635 2620 Drackenborcle.
1677 2567 1744 2619 ad

738 2646 830 2697 Sil.
870 2645 983 2696 ltal.
1018 2646 1101 2709 11,
1140 2648 1594 2717 24o.—Vulpins
1622 2667 1742 2699 cum

744 2724 926 2774 Vossio
950 2726 1070 2775 bono
1089 2723 1314 2776 ridicule
1345 2727 1502 2777 sumit
1527 2745 1624 2796 pro
1649 2726 1741 2778 ad·

739 2803 947 2866 verbio,
995 2817 1051 2855 ut
1094 2806 1162 2856 sit
1191 2807 1451 2863 commode,
1498 2818 1635 2876 apte.
1663 2840 1743 2847 —

736 2882 908 2943 Sacer,
956 2884 1338 2936 abominandus
1359 2926 1373 2949 ,
1409 2883 1739 2937 detestabilis.

736 2962 818 3013 Cf.
855 2981 1010 3032 supra
1048 2961 1113 3015 ad
1151 2966 1326 3015 Carnu.
1357 2965 1512 3027 XIV,
1553 2982 1633 3016 12.
1665 2997 1741 3006 —-

738 3043 938 3092 Alai-um
963 3044 1118 3094 hircus
1134 3056 1150 3087 ··
1171 3042 1274 3094 vid.
1300 3063 1456 3114 supra
1479 3042 1546 3095 ad
1565 3044 1739 3097 Carm.

737 3123 936 3181 LXIX,
970 3128 1020 3175 ὅ.
1049 3155 1129 3165 —-
1156 3123 1389 3185 Obstitit,
1417 3124 1614 3186 obfuit,
1647 3142 1740 3175 ex·

734 3202 907 3252 citavit
936 3202 1159 3252 aliorum
1193 3222 1449 3254 nauseam.

819 3301 844 3331 2
856 3319 866 3329 .
892 3281 1053 3331 Tarda
1067 3320 1081 3344 ,
1096 3281 1270 3351 lepide
1281 3284 1343 3333 ab
1357 3283 1567 3334 effectu.
1582 3283 1736 3339 Sec-ut,

742 3360 927 3427 pungit
952 3398 964 3418 ,
1001 3361 1259 3425 lancinat;
1292 3362 1529 3431 apposite
1558 3360 1625 3413 de
1653 3381 1746 3431 po-

736 3435 892 3506 dagra

1910 1221 1959 1272 3.
1985 1220 2215 1271 AEmedus
2237 1222 2324 1272 iste
2338 1229 2446 1270 tems
2461 1232 2566 1271 tam
2589 1220 2647 1271 in
2665 1240 2825 1272 amore

1826 1316 1982 1369 quam
2013 1299 2068 1350 iu
2103 1299 2341 1368 corporis
2379 1299 2455 1351 tui
2488 1299 2648 1352 vitiis.
2677 1303 2826 1350 —At

1826 1379 2005 1430 sicum
2030 1379 2219 1430 Vossio
2245 1390 2299 1430 et
2319 1378 2520 1449 Vulpio
2544 1398 2659 1431 uon
2685 1381 2827 1431 ruisse

1828 1458 1880 1507 in
1911 1458 2087 1509 animo
2111 1457 2593 1510 CatulliVirronem
2619 1457 2825 1511 deth-in·

1827 1554 1948 1605 gere
1977 1537 2166 1589 senties
2195 1576 2208 1596 ‚
2236 1536 2478 1588 aemulum
2501 1536 2758 1591 duntaxat
2780 1538 2826 1589 iu

1826 1634 2004 1668 amore
2043 1616 2311 1685 intelliges.
2339 1618 2413 1667 De
2436 1615 2535 1669 hac
2569 1618 2825 1670 locutione

1831 1709 2013 1745 exercet
2077 1715 2281 1746 amorem
2297 1733 2312 1758 ,
2374 1695 2559 1747 confer
2617 1699 2826 1750 carmen

1829 1775 2086 1837 LXVIII,
2123 1777 2214 1843 69.
2247 1774 2314 1825 N.

1912 1860 1960 1916 4.
1978 1852 2187 1922 illie-{fiee
2204 1866 2273 1903 est
2288 1865 2398 1903 actu
2417 1853 2632 1923 Gryph.
2652 1855 2827 1905 Muret-

1828 1931 1957 1985 Stat.
1994 1963 2073 1974 —-·
2110 1931 2320 2001 Hit-fico
2360 1946 2432 1982 ese
2478 1946 2592 1984 astu
2637 1934 2830 1986 volebat

1829 2013 2085 2063 Muretus.
2111 2043 2188 2054 -—-
2214 2010 2419 2080 Mirifice
2448 2023 2522 2061 est
2550 2024 2684 2063 tactu
2706 2013 2826 2063 Tur·

1829 2093 2008 2143 nebus,
2035 2123 2114 2131 ·—
2145 2091 2222 2142 Ac
2269 2103 2320 2141 eu
2351 2091 2599 2154 Vossius,
2639 2091 2723 2143 cui
2748 2089 2829 2142 ad-

1831 2171 1987 2222 haeret
2004 2171 2164 2240 Vulp.
2195 2168 2285 2221 sed
2305 2184 2540 2221 nostram
2566 2170 2831 2223 lectionem

1830 2263 2009 2301 tenent
2024 2249 2360 2310 Parthenius,
2380 2247 2507 2301 Ald.
2521 2261 2576 2300 et
2588 2249 2832 2311 eamdem,

1833 2342 1887 2380 ut
1933 2339 2148 2380 testatur
2188 2326 2360 2380 editor
2411 2329 2665 2380 Cannbr.
2709 2328 2831 2379 offe·

1829 2421 1952 2459 runt
1982 2408 2161 2459 Mafsei
2186 2407 2320 2459 liber
2340 2407 2455 2458 MS.
2486 2418 2539 2458 et
2565 2420 2670 2460 tres
2691 2406 2830 2458 edin.

1830 2488 2103 2558 anitiquiss..
2135 2520 2213 2528 -—
2242 2485 2483 2539 Haudius
2521 2501 2697 2539 censet
2729 2505 2834 2539 cnr·

1829 2566 2107 2637 rigenduui
2150 2566 2342 2635 mirifice
2381 2580 2452 2617 esc
2494 2566 2616 2618 adeo
2639 2604 2655 2625 ‚
2699 2564 2833 2638 quod

1831 2648 1958 2698 mihi
1993 2644 2134 2698 haud
2166 2647 2471 2717 improbum
2510 2645 2737 2698 videtur.
2773 2645 2832 2696 N.

1828 2760 1906 2768 -—-
1928 2724 2131 2793 Mirifice
2154 2766 2170 2787 ,
2219 2726 2349 2776 mira
2392 2724 2622 2796 quadam
2663 2738 2835 2777 couta-

1826 2808 1981 2875 gioue
1998 2843 2014 2869 ,
2041 2805 2233 2856 mirum
2257 2804 2307 2856 iu
2332 2805 2587 2870 modum,
2615 2805 2693 2857 vel
2710 2823 2836 2875 pta·

1829 2899 1907 2937 ter
1944 2882 2180 2937 modum.
2225 2885 2277 2936 A
2317 2895 2390 2946 te,
2437 2885 2494 2937 iu
2535 2898 2630 2937 tuo
2660 2898 2837 2937 contu·

1832 2965 2040 3016 bernio.

1911 3045 1961 3096 5.
2013 3044 2267 3095 Ulciscieur
2308 3042 2360 3094 h.
2417 3043 2453 3095 l.
2507 3056 2587 3094 est
2633 3043 2832 3113 punire.

1827 3122 1936 3175 Cic.
1963 3123 2117 3174 Attio.
2145 3123 2251 3187 lx,
2284 3141 2301 3173 1
2319 3142 2345 3173 2
2370 3140 2384 3173 ε
2415 3148 2439 3169 ι
2457 3121 2553 3175 odi
2574 3122 2836 3175 houn’nem

1827 3216 1880 3253 et
1911 3201 2098 3264 odero;
2144 3203 2342 3253 utinam
2391 3201 2575 3254 ulcisci
2609 3200 2833 3270 posnan!

1829 3281 1934 3333 Sed
1954 3282 2265 3333 ulciscentur
2278 3280 2432 3332 illum
2447 3300 2623 3333 mores
2635 3281 2736 3332 sui·
2749 3308 2767 3326 ·
2779 3280 2841 3331 N,

1918 3364 1969 3413 6.
2000 3361 2106 3430 Ipse
2132 3366 2259 3428 perit
2277 3360 2533 3430 Judagm,
2575 3361 2702 3430 quia
2729 3358 2838 3411 libi·

1836 3439 1977 3492 dinis
2011 3439 2259 3494 exercitio
2289 3439 2394 3495 hoc
2419 3441 2619 3492 malum
2644 3438 2842 3494 eremit.
