2986 4935
710 432 845 504 158

1226 440 1298 505 C.
1343 441 1773 508 VALERII
1834 442 2289 510 CATULLI

1016 570 1306 636 Irascere
1347 573 1581 637 iterum
1619 574 1777 639 meis
1810 572 2038 639 iambis

1013 675 1519 743 linmerentibus
1539 730 1557 760 ‚
1595 679 1787 746 unice
1827 679 2213 770 Imperator.

698 881 941 931 subactus
969 880 1091 942 fuit,
1112 882 1328 931 multam
1357 882 1596 950 peritiam
1620 883 1713 933 sibi

697 959 981 1023 Contraxit,
1002 960 1165 1021 vafer,
1183 973 1402 1024 astutus3
1421 981 1517 1011 nos
1538 963 1591 1012 in
1613 962 1714 1012 vita

697 1039 1003 1100 communi,
1031 1039 1114 1089 ein
1145 1041 1521 1107 ansgefcimter.
1559 1041 1714 1093 Conf.

701 1118 832 1169 Hor.
860 1116 963 1168 Sat,
1000 1118 1081 1180 11,
1119 1120 1179 1180 5,
1212 1121 1306 1178 55,
1345 1121 1434 1171 ubi
1466 1120 1629 1171 scriba
1660 1120 1712 1172 in

698 1195 917 1248 eandem
936 1235 951 1259 ,
977 1210 1105 1266 puto
1123 1235 1139 1259 ,
1170 1200 1476 1251 sententiam
1510 1213 1717 1251 recoctus

700 1274 922 1339 dicitur,
956 1276 1045 1326 ubi
1075 1277 1141 1328 cs.
1172 1279 1389 1329 Tor-rent.
1417 1279 1467 1331 et
1497 1280 1713 1332 Lambin.

697 1354 823 1407 add.
850 1355 962 1406 Nic.
987 1356 1157 1408 Heius.
1188 1356 1253 1408 ad
1277 1358 1393 1409 Val.
1423 1359 1590 1411 Flacc.
1618 1361 1715 1424 VI,

702 1441 833 1496 444.
856 1434 1024 1485 Simili
1048 1434 1209 1486 modo
1229 1435 1368 1506 apud
1391 1437 1597 1490 Phaedr.
1614 1440 1713 1502 lv,

705 1530 725 1563 1
759 1530 772 1564 :
814 1540 834 1558 ι
857 1513 978 1565 Mus
1014 1516 1303 1576 retorridus,
1343 1519 1433 1586 qui
1472 1536 1606 1588 saepe
1640 1519 1714 1568 la-

698 1610 861 1660 queos
880 1606 929 1643 et
949 1595 1236 1664 muscipula
1255 1596 1510 1665 effugerat
1527 1611 1575 1648 et
1597 1617 1715 1667 pro-

697 1672 783 1722 cul
803 1670 1015 1722 iusidias
1034 1673 1195 1725 hostis
1216 1673 1390 1727 callidi
1411 1677 1672 1738 cernebat,
1686 1704 1705 1723 ι

697 1751 830 1802 mihi
848 1751 1186 1821 explicandus
1206 1752 1429 1807 videtur.
1447 1755 1561 1807 Nisi
1581 1756 1715 1808 sorte

1803 903 1943 932 senex
1982 897 2190 934 recoctus
2219 883 2423 937 dicatur
2450 886 2522 951 is,
2562 888 2655 959 qui
2679 908 2809 941 sene·

1804 976 1994 1014 ctutem
2012 962 2234 1015 viridem
2255 977 2309 1017 et
2324 964 2541 1019 crudam
2566 968 2701 1038 agit,
2726 969 2807 1039 qui

1801 1044 2130 1111 juventutem
2197 1062 2525 1114 recuperasse
2581 1047 2808 1111 videtum

1803 1140 1899 1171 nos
1928 1141 1938 1170 :
1975 1125 2217 1191 verjwzgt.
2263 1123 2349 1175 Sic
2385 1138 2524 1177 certe
2554 1146 2677 1178 anus
2706 1131 2811 1178 vino

1805 1213 1988 1251 recocta
2024 1200 2161 1254 dicta
2194 1201 2399 1255 videtur
2427 1204 2572 1273 apud
2603 1207 2810 1259 Petron.

1804 1280 2010 1350 Fragm.
2036 1301 2089 1353 p.
2118 1282 2227 1336 865
2247 1322 2262 1348 ‚
2290 1283 2342 1334 in
2372 1283 2665 1337 Burmanni
2692 1286 2809 1339 edit.

1802 1359 2021 1412 secund.
2045 1362 2338 1432 Respicitur
2358 1362 2499 1415 enim
2526 1365 2742 1418 fortasse
2760 1367 2810 1418 in

1802 1440 1900 1491 hac
1922 1441 2187 1493 locutione
2210 1441 2384 1493 fabula
2408 1443 2617 1496 AEsonis
2633 1484 2650 1509 ,
2670 1446 2702 1497 J
2705 1463 2809 1498 aw-

1801 1520 1884 1571 nis
1909 1521 2097 1590 patriS‚
2122 1539 2153 1572 a
2179 1520 2365 1575 Medea
2393 1523 2530 1574 cocti
2556 1537 2609 1575 et
2633 1526 2810 1595 juven-

1803 1611 1899 1650 tuti
1922 1599 2161 1652 restituti.

1884 1697 1936 1746 7.
1990 1678 2138 1729 Unice
2184 1681 2354 1733 Caesar
2385 1678 2491 1733 vid.
2533 1680 2602 1734 ad
2644 1683 2811 1736 Carm.

1773 1790 1776 1794 ‚
1802 1757 2016 1822 xxix,
2046 1776 2130 1810 η.

1360 1998 1909 2086 CARMEN
1985 2000 2157 2085 LV.

1441 2252 1545 2295 Al)
1614 2249 2079 2295 CAMERIUM.

1013 2462 1356 2539 ORAMUS,
1388 2457 1437 2521 si
1476 2454 1642 2522 forte
1682 2479 1815 2522 non
1849 2452 2198 2522 molestum
2233 2469 2360 2537 est,

782 2664 920 2714 Auo.
946 2663 1146 2724 Quaerit
1171 2682 1233 2713 ex
1260 2662 1504 2715 Camerio
1520 2699 1537 2727 ,
1560 2680 1718 2731 quem

701 2744 888 2794 frustra
927 2741 1122 2810 ubique
1168 2744 1402 2792 locorum
1449 2742 1719 2811 exquirere

701 2835 750 2873 et
791 2821 855 2872 ad
897 2839 1158 2872 summam
1198 2839 1361 2890 usque
1391 2818 1719 2890 defatigatio-

701 2921 818 2952 nem
841 2902 946 2952 huc
963 2902 1090 2952 illuc
1111 2898 1453 2951 discurrendo
1473 2900 1719 2969 indagare

699 2980 969 3033 studuerat
985 3022 999 3043 ,
1027 2998 1133 3052 quo
1155 2978 1363 3031 tandem
1388 2980 1626 3031 locorum
1652 2978 1721 3030 la-

703 3075 803 3114 teat
817 3102 828 3122 ,
847 3079 1015 3132 quave
1040 3062 1213 3132 puella
1232 3059 1552 3119 detineatur,
1577 3076 1721 3110 eum·

697 3161 802 3212 que
819 3141 1069 3194 audacter
1092 3142 1188 3192 sibi
1215 3141 1539 3191 committere
1564 3150 1613 3189 et
1630 3155 1722 3208 pa-

700 3222 801 3273 lam
833 3222 999 3274 facere
1028 3221 1174 3290 jubet
1203 3237 1433 3271 amorem
1455 3259 1471 3283 ‚
1495 3218 1591 3288 qui
1615 3218 1718 3269 uti·

700 3320 803 3371 que
832 3302 1000 3352 amico
1036 3299 1292 3351 'sermonis
1318 3297 1544 3367 gaudeat
1573 3315 1717 3349 com·

700 3380 898 3431 mercio
915 3420 929 3443 ,
956 3379 1053 3430 nisi
1083 3378 1301 3431 tacendo
1326 3392 1375 3429 et
1402 3375 1717 3431 occultando

698 3459 906 3510 sibimet
925 3459 1036 3530 ipse
1055 3461 1165 3527 ejus
1182 3459 1385 3510 smctus
1403 3458 1719 3527 intercipere

698 3538 839 3590 velit.
882 3539 1078 3591 Contra
1115 3538 1251 3607 leges
1290 3536 1716 3609 hendecasyllabi

697 3617 885 3688 saepius
919 3618 972 3668 in
1005 3615 1230 3669 secunda
1258 3615 1383 3669 sede
1415 3617 1573 3686 hujus
1605 3634 1716 3668 car-

696 3698 853 3750 minis
890 3717 989 3769 pro
1037 3695 1247 3767 dactylo
1291 3697 1509 3766 ponitur
1558 3714 1714 3764 spon·

694 3775 868 3841 deus,
909 3797 1016 3848 quo
1058 3775 1275 3848 quidem
1309 3794 1486 3827 versus
1526 3791 1715 3845 genere

695 3870 746 3908 et
783 3859 1014 3911 numeris
1050 3853 1367 3925 tardigrndis
1407 3856 1573 3926 ipsam
1613 3855 1714 3906 Ca-

696 3938 810 3988 tulli
827 3977 842 3998 ,
898 3955 1055 4007 quam
1106 3932 1566 3987 cii-mmcursando
1613 3932 1714 3985 sibi

694 4029 1022 4070 contraxerat
1045 4055 1060 4079 ,
1093 4013 1455 4067 §assumti-aem
1503 4032 1711 4083 expres-

693 4113 800 4147 sam
828 4115 938 4148 esse
965 4115 1072 4147 nu·
1100 4095 1279 4164 inepte
1304 4105 1450 4162 putat
1472 4092 1708 4144 Vossius,

1804 2661 1909 2714 Sed
1936 2679 2102 2731 quum
2127 2659 2213 2711 alii
2239 2659 2393 2711 nimis
2427 2657 2819 2712 offenderentur

1807 2742 1909 2793 hoc
1945 2742 1999 2792 iu
2034 2737 2260 2791 secunda
2296 2737 2419 2790 sede
2456 2739 2634 2809 posito
2669 2758 2820 2811 spon·

1808 2820 1953 2883 doen,
1977 2820 2098 2883 alii,
2126 2832 2186 2870 ut
2217 2818 2467 2883 Vossius,
2502 2819 2558 2869 in
2594 2818 2695 2872 illo
2718 2838 2820 2871 ser-

1807 2898 1978 2951 vando
1999 2912 2050 2950 et
2072 2896 2425 2969 exsculpendo
2444 2898 2601 2950 nimis
2624 2899 2734 2952 sihi
2751 2898 2822 2950 in-

1808 2977 2109 3049 dulgerent,
2135 2977 2266 3030 adeo
2291 2977 2607 3030 criticorum
2636 2995 2824 3030 manus

1806 3059 1861 3110 in
1898 3059 2146 3109 lectiones
2175 3058 2331 3127 hujus
2363 3056 2609 3109 carminis
2642 3057 2823 3118 saviit,

1807 3151 1857 3190 et
1887 3157 1985 3206 pro
2015 3156 2109 3188 suo
2141 3136 2363 3207 quisque
2390 3136 2613 3188 arbitrio
2651 3150 2706 3190 et
2733 3154 2823 3189 au·

1805 3235 1887 3270 res
1911 3215 2245 3268 demulcente
2273 3231 2616 3267 numerorum
2638 3214 2824 3268 modu-

1804 3298 1858 3349 lo
1885 3296 1999 3348 illas
2024 3294 2255 3347 diffluxit
2272 3333 2290 3357 ‚
2321 3291 2452 3355 [vid.
2483 3295 2614 3345 Vat-
2657 3291 2820 3355 Lect.]

1806 3390 1863 3427 ut
1890 3376 2105 3446 antiqua
2132 3388 2183 3427 et
2210 3374 2435 3444 genuina
2453 3372 2615 3444 hujus
2637 3374 2823 3431 carnai·

1804 3457 1886 3508 nis
1927 3455 2093 3506 forma
2125 3454 2210 3505 vix
2246 3471 2394 3505 nunc
2429 3454 2639 3506 restitui
2681 3468 2735 3507 et
2758 3454 2824 3506 ab

1806 3533 2061 3604 adspersis
2081 3533 2304 3586 maculis
2332 3533 2542 3603 purgari
2570 3552 2731 3602 poue
2751 3532 2824 3584 vi·

1803 3613 2006 3666 deatur.

1893 3713 1939 3745 1.
1976 3693 2033 3745 Si
2051 3694 2188 3758 sorte
2221 3711 2315 3743 non
2348 3692 2458 3743 mol.
2489 3704 2574 3743 est.
2604 3693 2822 3745 Urbana

1807 3787 1857 3825 et
1888 3784 2103 3824 venusta
2138 3788 2235 3841 per
2268 3790 2455 3840 preces
2489 3771 2698 3841 aliquid
2728 3773 2825 3823 im·

1801 3851 2044 3924 petundi
2056 3851 2300 3904 formula.
2312 3850 2396 3903 Cf.
2414 3852 2573 3904 Mart.
2588 3852 2759 3922 1,97,
2778 3869 2821 3904 1.

1804 3933 1890 3985 Sic
1910 3932 2079 3986 Graeci
2102 3949 2116 3983 :
2136 3932 2332 4001 εἷτιμή
2348 3933 2508 3983 λυπεῖ.
2527 3962 2609 3973 ——
2626 3934 2759 3995 ΟΜ,
2783 3935 2823 3982 εἰ

1792 4015 1926 4079 ſset-te
1946 4013 2078 4065 Stat.
2097 4011 2446 4064 -noramus
2462 4050 2476 4074 ‚
2490 4009 2590 4063 tihi
2612 4012 2755 4064 forte
2770 4011 2823 4062 ui

1802 4093 2084 4144 molestum
2097 4104 2172 4143 est
2183 4089 2378 4143 -Gm
2394 4089 2462 4143 ad
2475 4091 2731 4153 uwvu,
2744 4086 2800 4142 {3
2810 4129 2822 4141 .
