2986 4935
991 460 1427 530 CARMEN
1484 462 1616 528 IV.

552 594 876 689 Nequisse
913 593 1282 688 praeterire,
1312 593 1449 663 sive
1492 591 1797 687 palmulis

550 702 742 796 Opus
779 699 954 769 foret
990 698 1245 787 volare,
1283 700 1422 769 sive
1458 697 1684 768 linteo.
2355 737 2375 772 s

555 809 643 876 Et
683 807 816 878 hoc
850 821 1053 900 negat
1080 808 1355 876 minacis
1385 807 1703 874 Adriatici

554 915 821 1008 Negare
858 910 1052 999 litus,
1089 911 1419 982 insulasve
1457 910 1815 1007 Cycladas,

556 1019 961 1088 Rhodumve
998 1016 1287 1095 nobilem
1316 1070 1333 1098 ‚
1382 1019 1806 1087 horridamve
1842 1020 2228 1106 Thraciam,

556 1125 994 1221 Propontida,
1027 1141 1369 1195 trucemve
1404 1126 1754 1195 Ponticum
1802 1126 2053 1211 sinum;

557 1232 693 1302 Ubi
721 1234 880 1319 iste,
908 1247 1061 1327 post
1094 1229 1446 1319 Phaselus‚
1489 1247 1684 1301 antea
1725 1230 1849 1300 fuit

231 1416 353 1471 edit.
378 1415 529 1470 δην.
565 1415 705 1469 Hinc
736 1418 850 1488 ipsa
876 1417 1024 1469 navis
1048 1428 1267 1469 vocatur

232 1500 585 1550 πολυπλανίων
632 1497 823 1568 ἀνίμων
888 1497 1063 1566 πτερὸν
1124 1493 1268 1567 apud

231 1575 516 1630 Macedon.
571 1575 628 1628 in
678 1577 908 1629 Analect.
955 1576 1077 1628 Vet.
1120 1576 1264 1627 Poet.

232 1657 407 1711 Grac.
463 1669 598 1708 tom.
638 1657 748 1722 111,
785 1656 952 1727 epigr.
999 1673 1173 1714 xnn,
1211 1674 1264 1726 p.

241 1756 263 1790 1
281 1755 370 1806 17,
398 1733 530 1788 edit.
554 1736 788 1789 Brunck.
818 1736 1016 1790 Contra
1046 1733 1267 1805 eleganti

234 1816 550 1886 metaphora
568 1813 624 1867 id
637 1853 653 1881 ,
674 1814 821 1887 quod
840 1813 909 1867 de
922 1815 1130 1885 navigio
1148 1834 1270 1885 pro·

234 1896 348 1966 prie
366 1894 588 1959 dicitur,
600 1895 912 1948 tmnsfertur
931 1892 1001 1946 ad
1013 1894 1265 1947 volatum.

235 1976 313 2027 Ita
338 1974 610 2045 Virgilius
630 1972 761 2028 dixit
788 1977 1033 2044 remigium
1060 1976 1264 2036 alarum,

236 2053 452 2107 AEneid.
491 2054 548 2118 I,
583 2054 722 2118 301,
763 2068 814 2108 et
841 2055 957 2114 VI,
991 2073 1076 2123 19.
1104 2054 1268 2106 Coete·

234 2152 357 2186 rum
377 2132 775 2185 observandum
794 2147 869 2185 est
886 2174 900 2198 ,
923 2147 1025 2185 tres
1044 2132 1272 2184 diversas

236 2214 578 2284 metaphoras
593 2213 680 2266 hic
694 2214 963 2283 conjungi,
975 2226 1160 2275 natare,
1180 2216 1264 2273 ire,

234 2294 409 2344 volare
436 2304 497 2344 ut
537 2309 661 2344 mox
694 2311 758 2345 ιι
779 2330 794 2353 ,
824 2294 913 2345 ubi
948 2311 1048 2362 pro
1082 2290 1270 2345 fronde

236 2392 403 2431 eom,
436 2390 559 2443 qun
577 2372 707 2444 loqui
733 2386 782 2439 et
804 2372 993 2424 sibilum
1013 2370 1167 2425 edere
1189 2371 1269 2423 di·

236 2453 389 2506 citur.
414 2452 597 2518 Quam
627 2450 844 2524 quidem
872 2466 1041 2524 poetae
1070 2454 1138 2505 ab
1169 2472 1271 2504 una

234 2533 557 2603 metaphora
589 2531 674 2597 >ad
729 2533 885 2585 aliam
943 2532 1273 2586 transilientis

234 2611 519 2666 andaciam
566 2613 789 2682 graviter
838 2627 973 2666 taxat
1016 2614 1268 2664 Muretus,

234 2691 342 2745 Sed
374 2705 522 2745 recte
557 2692 795 2744 observat
835 2694 1037 2744 Ernesti
1076 2694 1128 2745 in
1163 2691 1266 2742 Ini-

236 2774 322 2825 tiis
349 2773 577 2824 Rhetor.
601 2766 651 2831 S.
685 2771 713 2823 3
729 2791 817 2840 19,
838 2792 946 2824 non
971 2774 1126 2824 nimis
1148 2772 1271 2823 huic

236 2852 342 2924 legi
369 2850 777 2921 adstringendos
803 2871 910 2904 esse
928 2865 1132 2922 poetas,
1156 2852 1273 2921 qui-

238 2933 358 2997 hus,
370 2950 545 3003 quum
556 2945 855 2983 exarserunt
874 2931 1065 3004 ingenii
1082 2932 1273 2994 calore,

240 3030 349 3065 non
378 3011 503 3063 licet
539 3011 611 3062 ita
652 3010 950 3080 expendere
981 3011 1156 3063 omnia
1195 3030 1272 3063 se·

239 3109 365 3144 vene
391 3089 461 3144 ad
495 3102 763 3161 procepta
793 3091 1160 3161 magistrorum
1178 3129 1194 3154 ,
1223 3104 1273 3142 et

243 3169 299 3222 id
340 3169 509 3223 modo
552 3168 838 3222 tenendum
871 3189 1010 3235 esse,
1042 3188 1110 3222 ne
1151 3170 1273 3221 sub·

238 3250 412 3322 jecto,
456 3250 815 3321 metaphorice
859 3269 1099 3321 expresso
1123 3288 1138 3313 ‚
1183 3250 1274 3301 tri·

242 3331 505 3394 buamtu,
539 3347 658 3400 quae
694 3330 773 3381 isti
814 3330 1132 3399 metaphorae
1168 3348 1275 3380 non

244 3410 586 3463 conveniant.
626 3409 705 3462 Cf.
745 3409 922 3461 Klotz.
963 3410 1105 3461 Lect.
1139 3410 1274 3460 Vcn.

240 3507 300 3560 p.
339 3496 452 3560 417
485 3507 595 3559 seq.
634 3502 683 3541 et
712 3489 916 3540 Tollius
952 3477 1018 3540 ad
1050 3488 1272 3558 Longin.

248 3570 321 3622 32
336 3607 353 3634 ‚
372 3589 399 3622 2
418 3609 433 3634 ‚
448 3589 506 3641 p.
536 3567 986 3638 173.—-Handius
999 3566 1068 3620 de
1087 3567 1277 3619 Manu·

244 3648 476 3722 scripto,
497 3661 556 3700 ut
584 3649 682 3711 ait,
716 3649 930 3718 optirnae
965 3662 1128 3710 uota,
1167 3666 1275 3717 quo

246 3748 373 3782 usus
427 3740 505 3780 est
560 3727 777 3781 Hieron.
830 3728 1090 3781 Columna
1109 3765 1125 3790 ,
1169 3727 1276 3779 huc

244 3809 492 3862 uanssert
546 3808 701 3861 aliam
754 3807 1032 3860 lectionem
1067 3826 1080 3860 ε
1110 3809 1278 3876 Neque

245 3890 391 3944 ull‘un
415 3889 627 3939 volantis
653 3892 871 3957 impetum
898 3889 1029 3940 alitis
1050 3889 1277 3957 Nequisse

239 3972 507 4040 meatim.

330 4052 382 4103 6.
412 4049 565 4099 Voss.
592 4047 713 4118 quia
739 4048 794 4099 iu
821 4046 1090 4099 nonnullis
1117 4046 1273 4098 MSS.

244 4128 444 4198 legerat
467 4141 673 4194 negant,
702 4127 911 4199 reponit
936 4147 1019 4178 nec
1042 4140 1127 4178 aue
1145 4168 1157 4189 ,
1187 4126 1273 4178 sed

1356 1415 1525 1481 male;
1558 1433 1681 1468 nam
1710 1416 1781 1468 sic
1812 1417 1947 1487 perit
1977 1418 2190 1487 quaesita
2215 1430 2385 1488 poetae

1355 1495 1400 1546 el
1407 1496 1762 1566 egantia.-—E
1765 1508 1784 1545 t
1797 1497 1884 1548 hoc
1899 1509 2046 1565 negat
2061 1516 2256 1567 negare,
2281 1498 2383 1552 hoc

1354 1576 1619 1628 affirmare
1640 1575 1737 1632 ait.
1767 1577 1879 1628 litus
1898 1580 2095 1628 minacis
2117 1577 2379 1630 Adriatici.

1356 1653 1680 1707 Adriaticum
1725 1673 1870 1707 mare
1926 1669 2002 1708 est
2050 1657 2192 1708 sinus
2229 1658 2389 1710 maris

1355 1733 1726 1787 Mediterranei
1755 1734 1891 1787 inter
1921 1735 2127 1789 ltaliam
2170 1749 2223 1789 et
2247 1738 2379 1807 Illy-

1355 1814 1559 1879 ricum;
1605 1816 1795 1877 minax,
1851 1816 2201 1884 procellosum
2219 1854 2234 1881 ,
2280 1816 2380 1868 im·

1354 1906 1654 1965 petuosum.
1705 1894 1938 1963 Cyclades
1991 1895 2178 1946 insulae
2229 1895 2387 1948 maris

1357 1974 1536 2042 AEgaei.
1559 1973 1753 2024 Rhodus
1772 1974 1940 2026 insula
1959 1974 2126 2027 Cilicii
2147 1974 2227 2026 vel
2250 1976 2380 2027 Car-

1355 2052 1521 2122 pathii
1568 2052 1752 2115 maris,
1788 2054 2018 2117 colosso,
2059 2066 2381 2119 mercatura,

1354 2132 1553 2183 artibus
1578 2146 1627 2183 et
1646 2131 1977 2203 philosophia
2006 2133 2221 2197 nobilis,
2239 2134 2376 2184 clara

1355 2224 1573 2263 vocatur
1599 2210 1742 2280 apud
1762 2211 1941 2263 Horat.
1969 2211 2073 2264 Od.
2103 2214 2153 2276 Ι,
2179 2231 2259 2264 vn
2277 2252 2292 2276 ‚
2331 2232 2351 2265 1
2368 2254 2380 2266 .

1366 2292 1606 2353 Thracia,
1643 2291 1783 2361 regio
1819 2291 1953 2343 ultra
1983 2289 2345 2344 Macedoniam
2365 2333 2380 2357 ,

1356 2372 1781 2439 septemtrionem
1829 2389 2027 2437 versus;
2070 2371 2265 2423 horrida
2296 2373 2380 2425 vel

1355 2448 1422 2502 ad
1452 2451 1589 2502 seros
1616 2462 1665 2502 et
1700 2450 1945 2502 barbaros
1973 2471 2145 2504 mores
2171 2452 2382 2505 trahen-

1356 2529 1486 2582 dum
1518 2544 1626 2594 est,
1656 2549 1763 2600 quo
1795 2521 1945 2582 sensu
1980 2531 2240 2586 Germanicz
2269 2533 2381 2584 lior·

1358 2611 1467 2661 ricla
1505 2608 1696 2663 dicitur
1725 2608 1867 2678 apud
1909 2611 2088 2662 Horat.
2134 2611 2237 2664 Od.
2277 2615 2378 2677 IV,

1358 2709 1464 2742 vm
1479 2728 1495 2754 ‚
1522 2711 1547 2741 2
1562 2711 1586 2741 2
1604 2729 1619 2752 ,
1638 2689 1719 2741 vel
1741 2688 1809 2740 ad
1827 2709 2061 2759 asperam
2083 2705 2134 2743 et
2154 2690 2379 2762 gelidam

1357 2772 1641 2840 regionem.
1667 2771 1944 2838 Propontis,
1973 2789 2093 2838 pars
2123 2773 2276 2822 maris
2303 2773 2382 2822 in-

1361 2862 1438 2903 ter
1514 2850 1914 2918 Hellespontum
1975 2862 2024 2899 et
2084 2851 2380 2919 Bosporum

1359 2929 1662 2980 Thracium.
1693 2929 1923 2978 Ponticus
1946 2930 2074 2978 sinus
2106 2948 2247 2981 mare
2274 2932 2382 2981 Eu.

1360 3008 1561 3060 xinum.
1596 3005 2027 3057 Animadvertant
2055 3022 2225 3059 autem
2257 3010 2381 3060 tiro-

1360 3107 1451 3140 nes
1477 3088 1527 3138 in
1557 3088 1660 3140 hoc
1687 3087 1917 3138 carmine
1948 3087 2234 3156 elegantem
2267 3107 2377 3140 me-

1362 3168 1636 3237 taphoram
1671 3167 1737 3217 ab
1781 3167 1969 3218 affectu
2016 3166 2105 3217 irae
2136 3165 2201 3218 ad
2242 3186 2384 3220 mare

1361 3247 1657 3299 translatam
1690 3246 1743 3296 in
1772 3244 1985 3314 adjectis
2013 3259 2123 3296 trux
2141 3287 2155 3309 ,
2189 3250 2377 3308 minus,

1364 3331 1614 3396 impotens,·
1641 3325 1838 3378 confer.
1858 3323 2066 3379 doctiss.
2091 3326 2290 3378 Harles.
2316 3327 2385 3378 ad

1362 3405 1507 3458 hunc
1548 3406 1721 3460 locum
1761 3406 1813 3456 in
1846 3406 2049 3458 Clu-est.
2089 3407 2204 3469 Lat,
2238 3407 2380 3459 Poet.

1361 3500 1544 3538 contra
1568 3487 1641 3538 ira
1655 3487 1842 3551 fi’rvere
1860 3525 1874 3547 ,
1898 3497 2101 3536 oestuare
2116 3527 2127 3546 ,
2137 3487 2384 3553 fluctuare

1363 3578 1458 3618 etc.
1482 3565 1689 3618 dicitur.

1453 3664 1639 3713 10-19.
1687 3644 1810 3708 Ubi,
1859 3645 1911 3695 in
1945 3644 2155 3714 regione
2199 3646 2386 3711 Ponti,

1365 3743 1482 3796 quae
1532 3724 1817 3795 largissimo
1864 3726 2116 3775 arborum
2166 3725 2386 3777 navibus

1361 3804 1621 3856 struendis
1670 3817 1909 3873 aptarum
1947 3817 2206 3874 proventu
2243 3817 2382 3857 nota.

1364 3885 1503 3937 Hinc
1522 3903 1677 3935 naves
1697 3884 1764 3934 ibi
1781 3896 2048 3935 exstructae
2063 3882 2385 3934 nobilitatem

1364 3982 1508 4016 suam
1530 3964 1807 4033 jactabant.
1841 3964 2021 4014 Horat.
2054 3960 2160 4013 Od.
2182 3963 2207 4013 I
2226 4001 2240 4026 ,
2271 3981 2385 4027 xiv,

1372 4062 1389 4095 ι
1411 4063 1429 4095 1
1467 4064 1478 4093 ε
1511 4044 1793 4108 «Quamvis
1811 4042 2022 4094 Pontica
2054 4042 2209 4110 pinus
2232 4041 2387 4095 Silvae

1364 4125 1468 4177 filia
1505 4123 1692 4176 nobilis
1729 4124 1904 4174 ,lactes
1936 4136 1984 4174 et
2017 4141 2180 4191 genus
2212 4136 2260 4174 et
2292 4142 2389 4174 no·
