2986 4935
620 472 768 546 250

1139 473 1687 541 C.VALER11
1748 470 2209 540 CATULLI

724 609 941 674 Prona
977 603 1185 690 cadit,
1215 603 1472 699 lateque
1508 620 1575 673 et
1617 607 1917 674 cominus
1951 604 2146 672 obvia
2183 605 2497 698 frangens
2528 633 2541 672 ε

719 713 824 780 Sic
858 711 1108 779 domito
1141 735 1387 780 soevum
1419 715 1779 806 prostravit
1816 735 2099 805 corpore
2129 711 2424 780 Theseus

721 819 1176 911 Nequicquam
1216 819 1403 887 vanis
1438 819 1797 912 jactantem
1837 841 2088 887 cornua
2123 820 2354 887 ventis.

721 923 884 991 Inde
924 923 1160 1017 pedem
1199 949 1425 1018 sospes
1468 926 1678 994 multa
1716 950 1866 993 cum
1915 923 2108 992 laude
2154 925 2440 1009 reflexit,

721 1029 1112 1098 Errabunda
1146 1055 1380 1124 regens
1413 1035 1594 1099 tenui
1628 1033 1903 1125 vestigia
1941 1030 2091 1113 filo,

615 1277 800 1316 rantur
818 1302 834 1326 ,
863 1281 1050 1334 parum
1091 1264 1367 1317 commode
1413 1285 1477 1318 ex
1519 1285 1630 1318 mea

621 1343 875 1395 sententia
901 1363 917 1405 3
965 1343 1135 1396 voluit
1187 1344 1330 1396 enim
1389 1345 1634 1415 inprimis

617 1423 776 1475 Poeta
819 1423 917 1475 hac
954 1423 1192 1476 instituta
1240 1425 1633 1495 comparatione

618 1521 830 1570 gravem
864 1520 1038 1556 casum
1075 1503 1205 1554 vasti
1246 1503 1487 1573 corporis
1528 1504 1632 1555 Mi-

619 1581 827 1634 notauri
852 1581 1191 1635 adumbrare.

706 1678 829 1727 ¹⁰9·
853 1661 1045 1713 Statius
1072 1681 1135 1713 ex
1159 1663 1322 1714 veteri
1349 1663 1633 1733 scriptura,

627 1766 647 1785 ι
674 1741 877 1810 lateque
909 1743 1018 1810 ejus
1049 1744 1160 1811 ejus
1188 1742 1342 1792 obvia
1365 1779 1380 1804 ‚
1410 1767 1433 1787 ι
1473 1760 1632 1811 quam

621 1839 682 1870 ex
726 1839 833 1872 uno
874 1821 935 1871 L.
982 1820 1096 1873 MS.
1144 1821 1346 1890 profert
1367 1861 1380 1882 ,
1422 1821 1634 1890 reponit

628 1900 770 1950 «late
792 1918 1077 1970 qua-cunque
1092 1899 1183 1951 sibi
1201 1900 1358 1951 obvia
1374 1920 1387 1964 ;
1401 1925 1422 1946 ιι
1443 1913 1495 1951 at
1505 1901 1635 1951 Vos·

619 1978 724 2029 sius
751 1997 816 2030 ex
837 1977 1120 2049 depravata
1145 1980 1370 2032 lectione
1388 1991 1515 2031 vett.
1545 1999 1634 2031 ex-

619 2057 935 2126 emplarium
963 2072 1015 2110 et
1045 2057 1275 2110 duorum
1304 2059 1455 2111 MSS.
1484 2060 1634 2111 statii

619 2138 804 2209 lateque
825 2151 870 2189 et
891 2158 995 2190 cum
1017 2141 1117 2209 ejus
1144 2139 1267 2192 fecit
1291 2139 1387 2189 late
1411 2158 1634 2210 quoecun-

621 2221 685 2267 vis
721 2217 858 2269 obvia
878 2221 953 2283 fr.
993 2252 1074 2261 —-
1108 2219 1351 2271 Nostram
1383 2217 1533 2269 dedit
1569 2237 1631 2269 ex

619 2297 782 2349 veteri
815 2298 974 2362 libro,
991 2316 1151 2369 quem
1184 2298 1350 2361 trivit,
1385 2297 1633 2367 Scaliger.

706 2394 727 2427 1
747 2394 829 2428 ιο.
852 2379 1121 2428 Prosterm'e
1138 2376 1413 2446 Scalig.-
1427 2378 1633 2446 Lennep.

620 2454 686 2507 ad
713 2455 929 2509 Coluth.
957 2457 1015 2520 1,
1044 2476 1099 2525 7,
1130 2475 1294 2526 quum
1325 2477 1497 2508 soevum
1527 2457 1636 2508 sine

620 2533 802 2587 addito
836 2535 1159 2587 substantivo
1184 2553 1293 2599 non
1321 2549 1492 2605 posset
1514 2555 1636 2587 con-

620 2631 846 2683 coquere
862 2650 877 2675 ,
896 2613 1143 2666 audacter
1159 2614 1452 2683 corrigebat
1470 2655 1484 2677 ,
1510 2631 1534 2656 «ι
1551 2614 1639 2667 Sic

621 2691 884 2744 domitum
911 2705 1120 2746 taurum
1147 2692 1427 2763 prostravit
1446 2694 1638 2746 robore

620 2773 907 2823 Theseus.»
934 2772 1261 2843 Ingeniosius
1283 2774 1505 2838 Lenzim,
1524 2773 1638 2826 «Sic

624 2848 828 2903 domito
863 2870 1058 2904 soevum
1093 2854 1377 2923 prostravit
1413 2871 1639 2923 corpore

624 2945 811 2982 :aarum
852 2932 1216 3002 Nequicquam
1253 2936 1410 2983 ventis
1440 2934 1639 3001 jactan-

625 3026 729 3062 tem
768 3030 964 3063 cornua
1011 3013 1234 3064 Theseus.
1261 3039 1282 3059 ι
1335 3009 1438 3065 Sed
1483 3011 1641 3063 nimis

623 3109 752 3142 saeva
785 3109 975 3155 manu3
1002 3090 1109 3143 vid.
1137 3106 1246 3145 not.
1276 3111 1384 3162 seq.

710 3170 809 3222 105
827 3202 905 3211 --
924 3189 945 3222 r
963 3188 985 3222 ι
1003 3189 1026 3221 1
1041 3212 1052 3223 .
1077 3172 1206 3223 Nam
1228 3173 1437 3226 velutin
1462 3190 1641 3222 summo

627 3263 724 3301 eto.
763 3250 898 3301 Nam
927 3249 1379 3319 quemadmodum
1408 3249 1640 3303 indomi-

624 3342 707 3380 tus
733 3327 876 3379 venti
906 3329 1065 3381 turbo
1084 3331 1169 3381 vel
1196 3349 1456 3383 ramosam
1483 3348 1638 3400 quer·

621 3426 746 3459 cum
761 3407 845 3459 vel
863 3407 1160 3478 conigeram
1182 3422 1235 3462 et
1252 3411 1537 3461 resinosam
1556 3411 1638 3479 pi-

624 3504 754 3541 num
781 3486 836 3536 in
857 3485 966 3538 alto
991 3487 1225 3557 quodam
1248 3501 1425 3541 monte
1441 3528 1455 3553 ,
1474 3489 1526 3540 vi
1546 3507 1637 3540 sua

624 3568 735 3635 ejus
753 3577 998 3618 truncum
1019 3566 1337 3638 corripiens,
1358 3569 1528 3621 eruit:
1550 3567 1638 3619 illa

621 3644 866 3715 (quercus
886 3646 967 3696 vel
992 3639 1172 3715 pinus)
1190 3646 1442 3701 radicitus
1459 3647 1640 3700 exstir-

624 3737 742 3794 pata
761 3764 777 3792 ,
808 3726 994 3795 procul
1024 3745 1055 3778 a
1090 3728 1240 3791 loco,
1272 3729 1364 3779 ubi
1396 3740 1637 3790 steterat,

624 3823 857 3874 proeceps
888 3805 1085 3858 labitur
1110 3845 1127 3871 ‚
1159 3819 1211 3858 et
1245 3806 1454 3869 omnia,
1495 3825 1637 3877 quo-

622 3902 828 3953 cunque
870 3884 1024 3937 latius
1068 3886 1352 3956 propiusve
1390 3886 1546 3937 obvia
1589 3885 1639 3936 ei

623 3964 758 4014 fiunt
773 4001 788 4025 ‚
808 3964 1125 4034 confringit;
1155 3966 1226 4018 ita
1251 3966 1484 4018 Theseus
1507 3965 1635 4017 vicit

625 4056 674 4093 et
708 4044 991 4112 prosu-avit
1024 4044 1412 4106 Minotaurum,
1446 4046 1637 4098 frustra

624 4121 674 4171 in
695 4121 858 4173 altum
878 4125 1159 4191 jaetantem
1182 4144 1394 4177 cornua.
1421 4124 1508 4176 Sic
1527 4144 1638 4176 om-

1719 1268 1804 1317 nia
1854 1267 2057 1335 egregie
2101 1266 2368 1317 cohaerere
2414 1277 2545 1334 puto
2594 1261 2738 1324 (vid.

1722 1346 1849 1397 Var.
1876 1346 2022 1397 Lect.
2039 1341 2081 1407 ).
2105 1344 2321 1396 Praeivit
2345 1344 2400 1395 in
2427 1344 2530 1395 hac
2553 1342 2744 1396 adum-

1719 1422 1924 1477 branda
1952 1424 2210 1495 imagine,
2235 1442 2397 1495 quam
2426 1442 2564 1493 sepe
2592 1422 2742 1476 dein-

1720 1502 1788 1555 de
1816 1503 2073 1573 sequioris
2099 1504 2258 1556 atatis
2280 1514 2449 1574 poeto
2474 1501 2743 1556 studiosis·

1721 1584 1849 1635 sime
1907 1595 2234 1635 exornarunt
2252 1621 2268 1645 ,
2325 1582 2627 1647 Homerum
2673 1585 2743 1636 cf.

1723 1661 1875 1715 Iliad.
1907 1663 2001 1718 IV,
2041 1665 2150 1723 482
2172 1700 2188 1726 ‚
2217 1661 2351 1713 XIII
2369 1699 2386 1726 ‚
2408 1663 2522 1730 389
2540 1698 2557 1724 ,
2579 1663 2746 1722 XVI,

1725 1744 1858 1805 482.
1908 1743 1992 1794 Cf.
2034 1742 2186 1811 Virg.
2224 1745 2344 1794 AEn.
2386 1742 2476 1805 11,
2511 1746 2665 1806 626,
2698 1757 2751 1793 et

1721 1822 1875 1891 plura
1896 1822 1969 1873 ibi
1995 1821 2051 1872 in
2078 1821 2217 1873 hanc
2237 1837 2353 1872 rem
2378 1819 2605 1874 collecta
2633 1822 2751 1873 loca

1722 1920 1748 1952 a
1784 1901 1959 1953 Cet-da.
1989 1899 2142 1954 Adde
2176 1900 2422 1969 inprimis
2470 1900 2606 1953 Hor.
2640 1899 2750 1952 Od.

1721 1981 1822 2042 IV,
1863 1984 1934 2044 6,
1975 1998 2076 2043 ro,
2109 1981 2202 2031 ubi
2244 1997 2572 2050 «cupre-us
2602 1981 2751 2032 Euro

1724 2059 1952 2128 impulsa
1973 2060 2069 2111 late
2087 2057 2364 2130 procidere
2389 2084 2412 2104 ο
2437 2052 2674 2122 dicitur,
2697 2072 2751 2111 et

1723 2157 1839 2207 quai
1882 2139 1959 2190 ibi
1996 2139 2197 2190 notavit
2239 2138 2323 2191 Cl.
2364 2138 2503 2189 Jani.
2532 2171 2615 2186 --
2644 2139 2754 2191 Pro

1723 2217 1912 2287 quovis
1939 2229 2119 2269 monte
2144 2217 2283 2270 celso
2315 2230 2500 2270 ornate
2526 2218 2755 2288 ponitur

1732 2299 1766 2348 1
1768 2299 1939 2360 butus,
1953 2315 2104 2349 mons
2116 2296 2424 2349 celsissimus
2444 2297 2624 2349 Asiam
2640 2299 2759 2349 fere

1725 2388 1885 2428 totam
1912 2373 2144 2428 mediam
2165 2391 2496 2446 percurrens.
2515 2407 2597 2418 —
2618 2378 2759 2428 Bm-

1726 2456 1834 2507 clu‘a
1867 2454 1934 2509 de
1978 2455 2139 2507 ramis
2174 2451 2551 2526 grandioribus
2590 2475 2757 2527 snpe-

1726 2535 1810 2588 Cf.
1844 2536 2018 2586 Barth.
2060 2533 2129 2588 ad
2161 2535 2270 2587 Stat
2302 2535 2479 2587 Theb.
2518 2536 2575 2595 1,
2616 2533 2754 2590 36⁸¹.

1726 2644 1803 2657 —-
1831 2614 2051 2676 Soeoum,
2096 2615 2493 2674 Minotaurum,
2528 2612 2600 2667 de
2646 2634 2759 2686 quo

1726 2695 1923 2747 confer.
1956 2692 2022 2746 ad
2042 2712 2176 2746 vers.
2202 2712 2294 2763 79.
2314 2725 2393 2735 —
2410 2693 2579 2746 Sem
2595 2696 2759 2747 abso—

1726 2773 1869 2837 lute;
1898 2775 2109 2839 utferus
2129 2772 2199 2825 de
2218 2774 2372 2825 leone
2390 2791 2550 2844 upra
2568 2774 2757 2827 Carm-

1727 2850 1943 2916 LXIII,
1978 2853 2048 2908 85
2068 2890 2084 2916 ,
2110 2852 2205 2904 uhi
2234 2853 2303 2905 cf.
2333 2864 2447 2905 not.
2475 2881 2560 2894 —-
2592 2854 2761 2905 Venis

1727 2935 1883 2983 ventis
1931 2930 2138 2983 doctius
2186 2951 2287 3002 pro
2327 2958 2351 2979 ι
2376 2932 2447 2981 ad
2470 2932 2554 2984 vel
2586 2947 2761 2985 nonen

1728 3023 1912 3063 ventos
1935 3030 2112 3063 vanos.
2136 3037 2159 3058 ι
2197 3011 2254 3061 V
2247 3015 2345 3062 enei
2369 3015 2495 3062 vani
2515 3026 2645 3064 sunt
2678 3014 2764 3065 in·

1727 3109 1849 3142 anes
1870 3129 1885 3154 ,
1915 3091 2105 3152 vacui,
2136 3108 2268 3160 quos
2299 3081 2490 3151 frustra
2523 3091 2639 3145 ictu
2677 3094 2762 3146 in·

1729 3168 1986 3222 vadimus.
2026 3201 2105 3212 ——
2141 3170 2411 3222 Memento
2447 3170 2577 3223 hoe
2622 3174 2764 3225 vatia

1729 3250 1883 3319 graeci
1902 3252 2008 3319 jam
2029 3249 2084 3301 in
2105 3262 2414 3320 argumento
2433 3248 2719 3304 laudatum
2744 3271 2760 3304 :

1732 3330 1862 3398 ῥίψαι
1894 3329 2049 3382 πολλὰ
2082 3331 2244 3399 μάτην
2279 3330 2508 3400 κοράισσι
2550 3333 2597 3391 ὃς
2631 3335 2763 3399 ἠέρι

1722 3411 2028 3478 θυμήναντα.

1810 3507 1831 3538 1
1852 3506 1933 3541 ια.
1980 3488 2153 3540 Victor
2193 3508 2291 3558 pro
2331 3508 2493 3557 sospes
2534 3491 2766 3543 vossius

1725 3565 2095 3621 addicentibus
2157 3568 2306 3620 MSS.
2378 3567 2485 3621 sod
2566 3569 2765 3625 Smin

1725 3645 1866 3698 idem
1900 3660 2117 3700 testatur
2143 3646 2213 3700 de
2240 3667 2411 3718 ³0st.
2443 3648 2617 3719 Eligat
2658 3651 2761 3703 oe'h’

1726 3726 1967 3796 quisque.
1990 3727 2228 3779 Alterum
2251 3726 2321 3779 ‹le
2339 3728 2424 3780 his
2438 3726 2666 3781 duobus
2682 3744 2767 3782 est

1726 3806 1978 3875 glossema
1995 3844 2011 3869 ‚
2030 3819 2108 3864 et.
2127 3820 2191 3859 ut
2207 3805 2563 3859 mihividetur
2579 3807 2765 3871 ,hand

1727 3883 1889 3937 dubie
1909 3891 2069 3937 victor
2088 3903 2151 3938 ex
2174 3886 2414 3956 margine
2434 3888 2657 3958 irrepsit
2672 3927 2690 3950 ,
2712 3901 2765 3941 et

1726 3965 1875 4016 trusit
1893 3965 2173 4036 genuinam
2196 3966 2475 4019 lectionem
2491 3985 2675 4037 ιωμα.

1812 4046 1935 4097 113.
1970 4047 2122 4097 Tenui
2139 4043 2272 4114 filo,
2306 4046 2372 4098 cf.
2399 4046 2604 4116 Hygin.
2628 4048 2764 4101 Fab.

1727 4125 1857 4189 LII,
1881 4139 1931 4177 et
1952 4125 2029 4178 ibi
2051 4124 2294 4178 Munda.
