2986 4935
651 442 790 527 64*

1178 445 1254 550 C.
1294 443 1733 511 VALERII
1793 445 2255 513 CATULLI

1298 670 1858 760 CARMEN
1926 671 2149 758 XII.

1439 908 1549 952 An
1607 906 2012 953 Asuuuu,

978 1100 1420 1167 Mnmncuu:
1458 1098 1680 1182 Asini,
1718 1120 1922 1165 manu
1965 1098 2225 1166 sinistra

979 1204 1133 1271 Non
1174 1202 1343 1271 belle
1386 1204 1591 1272 uteris
1636 1204 1702 1270 in
1734 1204 1889 1296 joco
1931 1219 2129 1298 atque
2174 1206 2366 1287 vin03

977 1308 1178 1379 Tollis
1215 1308 1411 1378 lintea
1451 1308 2023 1403 negligentiorum.

980 1421 1128 1486 Hoc
1166 1416 1410 1486 salsum
1457 1442 1599 1484 esse
1637 1414 1874 1509 putas?
1916 1415 2082 1510 fugit
2129 1431 2232 1504 te,
2272 1419 2528 1512 inepte,

747 1629 884 1679 Ano.
942 1626 1148 1678 Asinius
1164 1665 1179 1688 ,
1221 1623 1539 1676 dexteritatis
1588 1640 1692 1674 ωε

661 1704 981 1760 ostentandae
1035 1724 1186 1758 causa
1208 1744 1222 1768 ‚
1269 1721 1429 1775 quam
1475 1703 1693 1755 haberet

666 1789 718 1840 in
755 1784 1097 1857 surripiendis
1130 1785 1353 1836 aliorum
1387 1782 1573 1847 bonis,
1606 1800 1693 1832 su-

665 1867 872 1920 darium
893 1866 1104 1920 Catullo
1136 1865 1272 1916 clam
1298 1863 1580 1915 abstulerat
1613 1862 1693 1911 in·

665 1961 745 1999 ter
763 1946 972 2018 pocula.
996 1944 1157 2009 Quod
1183 1960 1350 2015 quum
1380 1961 1515 2013 aegre
1539 1941 1696 1993 ferret

666 2026 904 2079 Catullus
919 2064 932 2088 ‚
955 2026 1238 2097 exprobrat
1257 2022 1434 2074 Asinio
1460 2022 1564 2074 hoc
1582 2021 1695 2073 fur·

665 2121 795 2164 tum,
817 2118 1066 2176 tanquam
1085 2123 1197 2156 rem
1216 2121 1402 2175 parum
1423 2102 1695 2154 honestam

667 2200 717 2240 et
751 2186 1056 2255 neutiquam
1097 2184 1314 2236 homine
1346 2182 1576 2253 ingenuo
1614 2178 1696 2232 di·

666 2285 822 2337 guam
846 2305 861 2328 ,
888 2284 1117 2336 eumque
1145 2275 1350 2326 monet,
1377 2276 1435 2313 ut
1464 2280 1588 2313 mox
1613 2278 1696 2311 re·

667 2347 837 2397 mittat
862 2343 1126 2396 sudarium
1147 2382 1161 2406 ‚
1191 2361 1254 2393 eo
1284 2343 1499 2392 nomine
1530 2339 1698 2410 inpri-

672 2426 769 2478 mis
804 2425 898 2476 sibi
930 2441 1109 2476 carum
1131 2460 1145 2485 ‚
1175 2420 1322 2493 quod
1350 2422 1539 2492 pignus
1565 2419 1696 2471 ami-

670 2505 803 2556 citiae
826 2504 918 2568 sit;
940 2504 979 2554 si
1001 2503 1269 2553 cessaverit
1283 2539 1298 2565 ‚
1318 2501 1543 2570 graviter
1560 2499 1698 2551 hanc

664 2584 913 2654 injuriam
946 2601 998 2633 se
1031 2582 1266 2633 ulturum
1295 2598 1401 2631 esse
1433 2577 1699 2631 hendeca-

669 2663 881 2733 syllabis
903 2662 1146 2713 minatur.
1165 2693 1245 2701 —
1262 2660 1380 2711 Non
1403 2657 1699 2710 ostentandae

667 2745 968 2794 dexteritatis
991 2775 1008 2801 ‚
1039 2738 1130 2791 sed
1154 2737 1298 2810 quod
1321 2739 1577 2809 placeret,
1601 2758 1697 2809 po·

672 2822 843 2875 tiundi
878 2840 1029 2873 causa
1050 2859 1064 2883 ‚
1087 2820 1188 2872 hoc
1217 2819 1395 2871 fecisse
1421 2819 1660 2870 Asinium
1685 2857 1699 2881 ‚

671 2922 842 2974 neque
873 2903 977 2954 hoc
1008 2900 1322 2971 Spartanum
1352 2898 1555 2950 furtum
1587 2916 1699 2949 cre·

667 2982 913 3035 diderim.
937 2983 1075 3033 Nam
1104 2981 1172 3032 ita
1202 2981 1383 3031 Romae
1408 2979 1699 3040 vivebatur,

672 3077 730 3115 ut
769 3065 989 3133 juvenes
1025 3078 1133 3112 non
1172 3058 1305 3129 aequi
1337 3057 1701 3110 servantissimi

671 3155 722 3195 et
743 3143 897 3194 alieni
920 3140 1235 3193 abstinentes
1261 3152 1446 3190 essent.
1471 3136 1702 3189 adibant

675 3223 824 3273 multi
846 3220 1046 3291 puellas
1065 3217 1332 3271 blanditiis
1348 3256 1363 3281 ‚
1394 3231 1451 3269 ut
1472 3219 1704 3270 incautas

673 3302 956 3372 spoliarent
968 3310 1108 3351 veste
1127 3312 1177 3350 et
1191 3297 1518 3368 aufugerent.
1541 3295 1702 3349 Ovid.

677 3383 790 3433 Art.
812 3382 931 3431 Am.
957 3381 1068 3441 ΙΙΙ,
1092 3379 1223 3441 445.
1261 3377 1328 3429 N.

763 3480 810 3513 1.
843 3460 946 3510 Pro
976 3459 1251 3510 Marrucine
1281 3457 1534 3507 Avantius
1564 3457 1704 3527 lege·

675 3541 762 3593 bat
787 3540 918 3591 Inter
939 3558 1121 3589 caenam
1139 3580 1153 3600 ,
1177 3536 1428 3590 refutatus
1444 3554 1473 3588 a
1493 3536 1703 3587 Mureto

675 3634 726 3673 et
746 3618 1026 3689 Scaligero.
1053 3624 1218 3679 1—4.
1235 3616 1514 3667 Marrucine
1529 3616 1704 3667 Asini:

679 3699 887 3751 Asinius
905 3714 1026 3750 cum
1045 3698 1098 3748 vi
1111 3700 1218 3766 jam
1234 3708 1451 3747 vocatur
1467 3696 1711 3747 Marruci-

678 3799 794 3841 πω,
820 3790 1042 3850 propter
1073 3775 1235 3829 fidem
1275 3775 1703 3827 Marrucinorum

682 3858 926 3910 Romanis
949 3856 1188 3927 inprimis
1217 3868 1515 3926 spectatam.
1548 3853 1703 3905 Conf.

676 3940 901 3990 Vossius.
948 3936 1183 3988 Fuerunt
1218 3947 1392 3986 autem
1436 3935 1709 3985 Marrucini

682 4018 868 4088 populi
900 4017 1060 4068 Italic
1087 4015 1222 4067 inter
1256 4014 1499 4065 Vestinos
1525 4027 1576 4065 et
1608 4012 1707 4064 Pe·

679 4098 863 4166 lignos.
890 4097 1044 4148 Manu
1073 4098 1271 4146 sinistra
1301 4112 1348 4143 n.
1378 4093 1426 4144 b.
1452 4113 1499 4145 u.
1520 4111 1707 4162 pamm

1779 1622 1996 1674 honeste
2031 1623 2087 1674 in
2126 1625 2380 1677 conviviis
2420 1625 2808 1680 incuriosorum

1779 1714 1831 1753 et
1858 1702 2106 1754 hilaritati
2134 1706 2396 1776 genioque
2423 1703 2810 1777 indulgentium

1781 1782 2125 1835 convivarum
2155 1783 2312 1836 lintea
2344 1787 2605 1858 surripere
2634 1785 2814 1838 studes

1781 1861 1999 1913 sinistra
2027 1879 2213 1914 manus
2250 1865 2491 1935 agilitate.
2514 1866 2654 1918 Usus
2691 1869 2811 1917 sini·

1781 1953 1895 1991 stroe
1940 1942 1993 1992 in
2036 1942 2361 1996 suffurandis
2399 1945 2626 1997 aliorum
2660 1944 2814 1997 bonit

1782 2021 1974 2090 passim
1994 2033 2204 2074 notatur
2217 2025 2554 2078 aVeteribus.
2569 2025 2620 2077 F
2619 2023 2814 2095 artefice

1782 2113 1998 2152 vooetur
2018 2101 2205 2153 Plauto
2234 2104 2289 2155 in
2316 2106 2457 2158 Pers.
2478 2104 2559 2168 11,
2593 2122 2639 2156 11
2657 2143 2675 2169 ,
2706 2110 2811 2169 44:

1785 2193 1902 2229 nata
1920 2180 1989 2230 ad
2000 2183 2145 2247 furta
2165 2182 2326 2235 Ovid.
2350 2183 2475 2236 Met.
2499 2184 2655 2250 XIII,
2690 2203 2711 2237 1
2731 2202 2753 2236 1
2771 2207 2812 2237 ι.

1786 2261 1865 2311 De
1898 2277 2046 2311 more
2064 2260 2156 2311 illo
2177 2264 2519 2316 convivarum
2539 2264 2714 2316 linteis
2731 2264 2816 2317 vel

1786 2340 1993 2408 mappis
2014 2338 2292 2394 insidiandi
2317 2341 2425 2396 vid.
2442 2344 2672 2397 Martial.
2686 2345 2815 2410 XII,

1791 2439 1818 2471 2
1831 2438 1883 2488 9,
1905 2420 1994 2472 ubi
2015 2418 2201 2473 eodem
2223 2423 2346 2476 furti
2362 2440 2551 2495 genere
2570 2424 2711 2479 male
2723 2443 2819 2478 au·

1786 2498 1863 2551 dit
1882 2500 2263 2571 Hermogenes3
2280 2503 2349 2555 cf.
2373 2503 2710 2569 eumdem,V
2718 2504 2819 2570 111,

1792 2580 1881 2647 59.
1910 2611 1990 2621 -—
2015 2581 2185 2631 Lintea
2221 2597 2343 2635 sunt
2377 2584 2603 2648 sudaria,
2653 2598 2714 2637 ut
2754 2603 2817 2638 ex

1787 2678 1838 2711 v.
1883 2666 1947 2721 ¹4
1969 2699 1983 2726 ,
2013 2675 2265 2731 apparet,
2299 2682 2361 2715 ex
2399 2664 2511 2715 lino
2548 2665 2820 2729 confecta,

1787 2739 1977 2810 quibus
1998 2741 2079 2791 vel
2109 2739 2175 2793 ad
2197 2740 2443 2796 sudorem
2470 2744 2623 2796 faciei
2644 2741 2821 2798 deter-

1786 2816 2046 2889 gendum,
2074 2821 2156 2873 vel
2187 2821 2256 2874 ad
2279 2840 2429 2875 nares
2450 2822 2825 2896 expurgandas

1789 2901 2085 2953 utebantur.

1870 2986 1921 3041 4.
1952 2998 2066 3050 sqq.
2091 2982 2203 3031 Hoc
2222 2983 2397 3033 saLsum
2417 3002 2457 3033 e.
2475 3002 2531 3053 p.
2554 2989 2671 3036 Hoc
2692 2982 2826 3055 lepi-

1789 3056 1919 3110 dum
1938 3072 1989 3110 et
2008 3060 2231 3113 facetum
2252 3081 2359 3113 esse
2376 3062 2559 3132 putas?
2565 3064 2826 3133 premis-eu

1790 3139 1891 3188 cela
1904 3158 2032 3208 pour
2050 3160 2111 3190 un
2143 3145 2260 3191 truie
2281 3142 2319 3191 d
2328 3143 2524 3211 'espritt‘
2541 3160 2711 3207 ems,
2730 3143 2829 3196 ho·

1791 3235 1880 3269 mo
1904 3218 2093 3270 insulse
2116 3233 2167 3272 et
2188 3220 2471 3274 honestatis
2489 3240 2643 3274 sensu
2664 3221 2829 3277 desti·

1790 3309 1900 3348 tute
1918 3336 1934 3362 ‚
1959 3317 2040 3349 res
2078 3313 2153 3351 est
2186 3301 2268 3352 vel
2301 3302 2525 3354 maxime
2544 3315 2830 3355 contume-

1789 3377 1917 3427 liosa
1936 3391 1987 3428 et
2005 3377 2269 3433 indecora.
2289 3381 2519 3449 Quamvis
2535 3400 2637 3452 pro
2654 3382 2827 3446 valde,

1792 3457 2044 3507 mlmodum
2092 3460 2285 3529 passim
2323 3460 2517 3514 dicitur
2554 3479 2568 3513 :
2609 3465 2832 3532 quamvis

1792 3536 1877 3587 diu
1904 3537 2058 3589 dicere
2089 3557 2189 3609 pro
2226 3540 2374 3592 valde
2403 3541 2489 3592 diu
2527 3539 2677 3611 apud
2710 3543 2831 3597 Cic.

1796 3617 1945 3668 Rosc.
1975 3619 2208 3670 Amerin.
2241 3620 2481 3678 XXXII,
2522 3619 2606 3673 Cf.
2636 3621 2834 3677 Bnrm.

1794 3693 1861 3746 ad
1897 3696 2105 3750 Phaedr.
2146 3699 2207 3761 1,
2244 3718 2453 3763 xxvm,
2500 3718 2522 3752 1
2546 3737 2564 3766 ,
2601 3713 2656 3753 et
2688 3702 2835 3759 Dra·

1793 3776 1983 3829 ekenb.
2015 3776 2084 3829 ad
2114 3778 2229 3830 Liv.
2255 3780 2310 3843 I,
2342 3798 2421 3842 ιν,
2451 3798 2506 3850 p.
2543 3780 2637 3833 31.
2673 3779 2841 3837 Crede

1793 3856 2024 3909 Pollioni.
2049 3858 2140 3908 Est
2167 3858 2254 3910 hic
2274 3861 2479 3911 Asinius
2496 3860 2665 3913 Pollio
2681 3900 2697 3923 ,
2722 3875 2841 3915 nm

1794 3936 1956 4005 gratia
1971 3935 2115 4007 apud
2140 3939 2435 4007 Augustum
2452 3976 2469 4002 ‚
2487 3952 2539 3991 et
2568 3941 2809 3993 amicitia
2825 3980 2843 4006 ,

1794 4033 1914 4085 qun
1952 4034 2075 4067 cum
2128 4016 2347 4070 Horatio
2391 4031 2443 4070 et
2483 4019 2715 4090 Virgilio
2760 4021 2845 4073 illi

1798 4094 2152 4148 intercedebat
2165 4134 2182 4159 ,
2196 4115 2356 4167 quam
2375 4098 2589 4169 ingenio
2607 4110 2661 4151 et
2678 4116 2847 4170 gran·
