2986 4935
653 467 790 555 Ι74

1171 464 1250 527 C.
1282 456 1717 523 VALERII
1773 451 2235 520 CATULLI

1065 591 1444 684 Virginem,
1483 612 1524 652 o
1561 588 1914 678 Hymenaee
1949 586 2243 674 Hymen,

1063 702 1322 790 Hymen
1359 721 1399 761 o
1434 697 1828 784 Hymenaee3

1284 802 1491 893 Cinge
1530 812 1830 889 tempora
1870 794 2141 863 floribus

1068 906 1518 976 Suaveolentis
1548 902 1851 970 amaraci.

1067 1014 1473 1080 Flammeum
1516 1033 1678 1101 cape
1709 1035 1722 1073 :
1758 1006 1940 1075 laetus
1978 1007 2110 1072 huc

650 1259 908 1331 reperitur
923 1293 938 1318 ‚
957 1272 1021 1306 ex
1043 1270 1145 1322 qua
1170 1267 1277 1300 non
1304 1247 1489 1317 aliquis
1518 1246 1668 1297 furti-

650 1360 717 1393 vo
733 1334 1014 1391 concubitu
1028 1341 1293 1396 susceptus
1311 1323 1666 1379 dicamnvid.

652 1416 974 1471 Hemsterlms.
1007 1409 1070 1462 ad
1101 1407 1318 1460 Lucian.
1351 1406 1386 1456 l.
1418 1423 1464 1456 c.
1498 1404 1670 1455 Facile

652 1512 824 1551 autem
846 1513 908 1546 ex
928 1490 1161 1544 fabulosa
1176 1485 1447 1556 Hymeuaei
1468 1483 1670 1552 origine

652 1587 896 1648 apparet,
917 1591 1013 1624 cur
1043 1566 1189 1619 sedes
1215 1566 1286 1616 illi
1319 1565 1427 1614 fere
1455 1562 1668 1631 propria

657 1659 708 1708 in
737 1666 912 1706 monte
946 1649 1195 1701 Helicone
1220 1643 1467 1712 assignata
1497 1641 1668 1692 fuerit.

656 1769 736 1778 --
760 1733 922 1787 Genus
949 1749 1046 1801 pro
1076 1729 1221 1794 stirpe
1241 1723 1320 1773 vel
1337 1720 1452 1790 filio
1480 1718 1673 1771 dieitur

651 1813 840 1884 passim
870 1812 1047 1863 Senec.
1077 1804 1217 1857 Med.
1242 1823 1294 1853 v.
1331 1801 1463 1862 845.
1482 1799 1668 1868 virgil.

658 1889 861 1945 AEneid.
897 1890 1030 1952 XII,
1070 1888 1194 1953 198.
1222 1880 1345 1933 Vid.
1369 1882 1673 1932 Burmannus

658 1972 722 2025 ad
751 1968 907 2022 ovid.
929 1969 1144 2021 Metam.
1168 1966 1253 2027 11,
1277 1961 1409 2031 743.
1431 1961 1513 2012 Sic
1538 1962 1672 2028 γένος

655 2050 795 2123 apud
830 2051 1057 2102 Graecos,
1086 2043 1210 2095 vid.
1236 2045 1434 2096 Ernesti
1458 2039 1525 2091 ad
1554 2040 1673 2091 Cal·

656 2131 865 2183 limach.
897 2128 963 2179 H.
998 2128 1049 2176 in
1085 2123 1260 2192 Apoll.
1296 2140 1342 2171 v.
1384 2126 1567 2188 74—
1599 2119 1675 2167 De

662 2214 914 2262 Veterum
933 2202 1274 2258 inconstantia
1301 2201 1355 2250 in
1371 2199 1555 2260 variis,
1584 2196 1675 2265 qui

658 2290 1031 2362 perhibentur,
1070 2280 1340 2352 Hymenaei
1375 2276 1677 2347 parentibus

660 2369 768 2422 vid.
796 2366 952 2420 Cerda
976 2363 1043 2415 ad
1059 2363 1209 2429 Virg·
1231 2358 1566 2424 AEn.IV,99.

740 2448 792 2501 3.
831 2448 933 2514 Qui
959 2445 1087 2512 rapis
1105 2481 1116 2500 ,
1148 2451 1246 2490 etc.
1266 2437 1512 2506 Virgines
1534 2434 1672 2486 enim

662 2527 726 2581 ad
774 2526 1021 2578 maritum
1060 2515 1381 2571 deducendae
1416 2534 1445 2565 e
1476 2516 1676 2583 gremio

661 2605 839 2660 matris
873 2603 953 2655 vel
994 2610 1334 2669 cognatorum
1373 2613 1425 2644 se
1455 2593 1570 2662 rapi
1609 2593 1677 2643 si-

662 2685 959 2742 mulabant,
993 2678 1097 2740 [cf.
1135 2697 1186 2727 v.
1220 2670 1533 2738 56—59.]
1571 2691 1677 2723 non

663 2764 878 2838 quidem
894 2802 908 2825 ,
937 2772 995 2811 ut
1018 2760 1198 2809 Festus
1226 2766 1371 2823 putat
1388 2792 1402 2815 ,
1422 2749 1565 2821 quod
1595 2769 1676 2803 ra·

664 2858 786 2919 ptus
809 2840 1068 2911 virginum
1095 2835 1315 2887 feliciter
1343 2831 1551 2883 cesserit
1572 2832 1676 2881 Ro-

665 2926 810 2978 mulo
824 2963 837 2987 ‚
858 2918 948 2973 sed
971 2916 1172 2989 potius,
1195 2912 1413 2984 opinor,
1434 2908 1679 2981 pudoris,

662 3005 751 3078 qui
779 3002 925 3054 decet
952 2997 1176 3068 virgines
1194 3034 1207 3056 ,
1235 2989 1535 3044 declarandi
1561 3007 1679 3040 cau-

661 3106 729 3138 sa.
755 3085 889 3134 Hinc
917 3076 1060 3150 apud
1089 3071 1273 3126 Claud.
1309 3071 1490 3122 XXXI
1510 3108 1524 3133 ,
1549 3068 1677 3139 Epi-

660 3165 787 3217 thal.
811 3162 938 3213 Pan.
957 3173 1005 3209 et
1029 3155 1196 3208 Celer.
1219 3172 1268 3203 v.
1296 3171 1314 3202 1
1333 3156 1400 3213 ²4
1427 3150 1680 3218 :uAggre-

665 3245 811 3298 ditur
829 3240 1089 3311 Cytherea
1116 3250 1336 3293 nurum,
1367 3229 1680 3297 flentemque

660 3322 858 3397 pudico
871 3315 1102 3370 Detraxit
1112 3305 1682 3378 matrisgremio.¹¹—O

663 3406 925 3461 Hrmenaee
943 3397 1088 3464 Hym.
1111 3393 1176 3441 H.
1197 3410 1223 3439 o
1241 3391 1342 3440 H».
1362 3389 1460 3438 fuit
1475 3388 1585 3437 haec
1600 3404 1679 3435 so-

666 3465 853 3538 lemnis
873 3475 1047 3528 sercin
1069 3470 1266 3540 nuptiis
1289 3467 1559 3519 decantata
1582 3464 1683 3515 for-

670 3554 976 3616 mula.Vid.
1000 3550 1264 3619 Aristoph.
1287 3549 1420 3598 Avv.
1440 3564 1489 3596 v.
1525 3562 1583 3609 17
1599 3550 1683 3605 40,

668 3656 722 3697 et
734 3657 851 3712 quae
867 3639 919 3688 in
935 3635 1069 3685 hanc
1078 3648 1188 3682 rem
1202 3628 1276 3679 ibi
1291 3638 1436 3678 notat
1456 3623 1686 3676 doctissi-

670 3740 787 3775 mus
804 3718 961 3784 hujus
981 3709 1167 3764 fabulae
1187 3710 1452 3776 Interpres
1466 3703 1684 3755 Beckius.

751 3805 805 3853 6.
837 3798 989 3861 Cinge
1026 3804 1228 3859 tempora
1245 3787 1365 3855 flor.
1405 3785 1492 3835 Sic
1531 3782 1683 3841 Bion,

670 3879 829 3952 Idyll.
852 3879 903 3938 Ι,
931 3877 1024 3933 88,
1049 3870 1334 3937 Hymenaeo
1350 3902 1365 3927 ‚
1384 3864 1476 3932 qui
1499 3859 1682 3911 eodem

673 3964 780 4015 fere
798 3998 811 4020 ,
828 3956 948 4026 >quo
975 3968 1122 4002 novae
1153 3956 1329 4014 nuptae
1349 3981 1364 4006 ‚
1389 3938 1532 4010 apud
1556 3958 1683 4009 poe·

674 4055 749 4092 tas
774 4046 963 4089 ornatu
994 4026 1172 4080 induci
1207 4023 1363 4085 solet,
1387 4022 1560 4088 στέφος
1590 4037 1684 4088 γα-

677 4119 838 4193 μήλιον
871 4108 1074 4164 tribuit.
1115 4102 1471 4172 Ciugebantur
1515 4111 1683 4149 autem

1756 1261 1904 1293 novae
1953 1255 2134 1310 nuptae
2178 1238 2391 1292 corollis
2430 1236 2632 1302 floreis,
2669 1235 2771 1288 vid.

1759 1322 1982 1372 Paschal.
2018 1319 2085 1371 de
2116 1319 2312 1370 Coron.
2352 1320 2441 1378 ΙΙ,
2485 1337 2531 1370 c.
2586 1322 2689 1381 16,
2724 1329 2775 1368 et

1755 1400 2030 1470 singularis
2044 1438 2060 1463 ,
2083 1399 2173 1469 qui
2196 1400 2254 1449 de
2276 1401 2459 1449 coronis
2478 1397 2775 1466 nuptialibus

1757 1491 1946 1543 exstat,
1974 1479 2179 1530 libellus
2198 1477 2415 1538 Madet-i,
2445 1478 2538 1547 qui
2571 1476 2772 1546 prodiit

1754 1557 2061 1612 Helmstadii
2096 1560 2260 1610 1688.

1840 1658 1892 1708 7.
1931 1639 2076 1690 Suae».
2110 1656 2321 1689 amar-ac.
2346 1638 2635 1686 Amat-acus
2667 1653 2778 1686 sua-

1758 1719 1967 1769 veolens
2015 1714 2330 1778 [ἡδύπνους]
2379 1727 2455 1766 est
2503 1716 2776 1785 Majorana

1758 1811 1961 1860 nostra,
1984 1798 2088 1848 sive
2119 1795 2498 1866 Sampsuchum
2519 1798 2569 1845 in
2596 1794 2774 1864 Crpm,

1758 1889 1887 1928 teste
1915 1873 2088 1927 Plinio
2117 1877 2246 1926 XXI
2269 1914 2284 1938 ,
2312 1893 2377 1926 22
2395 1913 2412 1938 ,
2451 1893 2490 1926 s,
2528 1871 2600 1942 93
2627 1912 2643 1936 ,
2677 1874 2778 1923 Iau-

1759 1957 2051 2007 datissimum
2086 1969 2137 2006 et
2168 1955 2562 2005 odoratissimum.
2599 1953 2776 2005 Suavi-

1759 2049 1837 2086 ter
1858 2036 2240 2086 suaveolentem
2264 2050 2560 2085 amaracum
2583 2029 2776 2084 descri-

1760 2116 1836 2166 bit
1867 2114 2070 2167 Lotich.
2103 2116 2277 2166 Carm.
2312 2115 2369 2178 1,
2399 2131 2498 2179 19,
2528 2111 2630 2174 25,
2660 2130 2773 2181 sqq.

1761 2192 1888 2245 edit.
1915 2193 2242 2246 Kretzschm.
2267 2213 2321 2262 p.
2346 2191 2469 2254 403.

1845 2276 1895 2326 8.
1928 2274 2219 2324 Flammeum
2247 2271 2345 2324 fuit
2372 2289 2536 2341 genus
2560 2270 2779 2321 velami-

1762 2353 1843 2403 nis
1882 2352 2006 2403 lutei
2044 2353 2124 2403 vel
2151 2350 2324 2404 crocei
2357 2363 2408 2401 et
2440 2350 2674 2402 flammei
2700 2369 2781 2402 co-

1762 2432 1920 2491 loris,
1947 2450 2053 2501 quo
2093 2431 2179 2483 die
2218 2429 2521 2501 nuptiarum
2559 2427 2781 2501 pudoris

1763 2530 1914 2565 causa
1951 2511 2217 2583 cooperiri
2238 2552 2241 2555 ,
2260 2509 2492 2562 solebant
2534 2511 2779 2580 virgines.

1764 2589 1925 2642 Ovid.
1952 2589 2169 2642 Heroid.
2202 2590 2357 2652 XXI,
2386 2592 2490 2641 162
2508 2626 2526 2651 ,
2549 2591 2646 2641 ubi
2671 2590 2781 2642 cul·

1764 2684 1876 2721 tum
1899 2670 2168 2740 Hymenaei
2191 2667 2463 2729 describit,
2469 2670 2778 2738 flammeum,

1764 2768 1869 2819 quo
1906 2750 1993 2801 ille
2034 2751 2397 2811 utitur,vocat
2424 2749 2611 2817 [tollam
2650 2769 2784 2800 croco

1764 2829 2073 2897 splendidam.
2088 2828 2170 2880 Cf.
2190 2830 2470 2896 Interpretes
2484 2826 2551 2878 ad
2569 2828 2781 2880 Petron.

1765 2928 1811 2959 c.
1840 2912 1908 2960 26
1924 2947 1938 2972 ,
1962 2928 2013 2979 p.
2044 2926 2061 2958 1
2078 2928 2105 2960 α
2122 2926 2163 2958 1.
2185 2908 2444 2959 Burmann.
2465 2905 2594 2958 edit.
2618 2918 2788 2960 sec.et

1767 2990 2035 3057 Dempster.
2072 2986 2137 3038 ad
2167 2984 2443 3038 claudian.
2474 2988 2630 3055 Rapt.
2659 2987 2784 3038 Pro-

1768 3086 1904 3136 serp.
1940 3068 2025 3131 11,
2063 3065 2203 3127 325,
2232 3085 2288 3134 p.
2320 3065 2465 3130 595,
2495 3064 2625 3117 edit.
2662 3068 2788 3118 Bur·

1767 3165 1945 3198 mann.
1971 3146 2083 3197 Sec.
2114 3177 2190 3187 -—
2218 3147 2413 3196 Luteum
2437 3164 2623 3195 soccum
2643 3165 2664 3196 .·
2685 3166 2787 3197 soc·

1769 3246 1849 3276 cus
1862 3225 2196 3276 calceamenti
2212 3242 2373 3294 genus
2382 3242 2630 3293 graecum,
2641 3227 2790 3295 cujus

1770 3325 1892 3356 usus
1910 3343 1924 3368 ,
1951 3304 2260 3355 mulieribus
2285 3303 2549 3374 praecipue
2574 3302 2789 3357 adama-

1771 3397 1854 3435 tus
1871 3422 1885 3447 ,
1921 3382 2061 3454 apud
2098 3383 2239 3434 viros
2266 3383 2583 3452 plerumque
2607 3383 2677 3435 ad
2701 3402 2787 3436 ve-

1770 3476 2024 3515 nustatem
2044 3475 2095 3514 et
2112 3462 2384 3513 ambitiose
2402 3462 2678 3532 qumitam
2697 3465 2791 3515 ele·

1772 3542 1996 3611 gantiam
2049 3542 2327 3611 spectabat.
2370 3540 2456 3594 Sic
2500 3542 2758 3595 Hercules
2777 3580 2791 3603 .

1776 3618 1989 3673 delicias
2031 3638 2090 3673 ac
2131 3620 2377 3672 libidines
2420 3621 2614 3673 faciens
2652 3621 2789 3693 apud

1776 3700 2100 3771 Omphalen,
2120 3720 2254 3750 socco
2282 3701 2406 3751 luteo
2429 3698 2653 3752 indutus
2685 3702 2793 3773 pla-

1773 3799 1890 3831 cere
1918 3779 2089 3831 studet
2115 3777 2359 3831 dominae.
2382 3779 2564 3831 Senec.
2591 3780 2794 3853 Hippo-

1774 3859 1868 3927 lyt.
1898 3878 1946 3909 v.
1991 3858 2119 3910 322.
2159 3859 2236 3909 Ex
2270 3859 2447 3909 multis
2471 3858 2585 3910 aliis
2617 3874 2791 3913 autem

1774 3938 1901 3989 locis
1919 3951 2141 4000 constat,
2169 3956 2196 3989 a
2226 3937 2547 3997 beatioribus
2568 3957 2632 3990 ac
2660 3939 2793 3990 mol-

1774 4017 1990 4069 lioribus
2016 4017 2278 4087 ingentem
2308 4035 2443 4086 soepe
2472 4017 2525 4067 in
2564 4019 2792 4087 pretioso

1775 4114 2044 4148 soccorum
2061 4114 2157 4147 usu
2173 4108 2438 4164 sumptum
2455 4095 2655 4148 factum
2670 4115 2790 4150 esse.
