2986 4935
617 400 713 489 04

1148 396 1710 462 C.VALER11
1768 396 2224 464 CATULLI

934 527 1218 595 Pulchre
1256 529 1705 620 concoquitis,
1743 526 1902 595 nihil
1940 529 2218 612 timetiS,

937 638 1087 704 Non
1139 634 1471 719 incendia,
1511 659 1645 702 non
1688 657 1922 727 graves
1966 636 2222 721 ruinaS,

936 741 1092 808 Non
1131 740 1304 809 facta
1348 742 1591 834 impia,
1639 766 1774 809 non
1821 739 2008 810 dolos
2055 745 2325 827 veneni,

940 847 1094 915 Non
1138 872 1326 914 casus
1368 845 1533 915 alios
1576 845 2042 942 periculorum.

938 954 1140 1046 Atqui
1184 977 1468 1047 corpora
1511 954 1785 1023 sicciora
1830 979 2076 1040 cornu,

941 1062 1104 1144 Aut,
1150 1061 1202 1126 si
1245 1059 1403 1153 quid
1441 1062 1649 1154 magis
1682 1060 1940 1129 aridum
1978 1076 2109 1145 est,
2142 1059 2436 1147 habetis,

945 1165 1138 1247 Sole,
1181 1180 1249 1233 et
1291 1165 1574 1259 frigore,
1617 1181 1683 1234 et
1714 1169 2098 1238 esuritione.

946 1273 1174 1360 Quare
1211 1297 1346 1339 non
1384 1273 1500 1340 tibi
1534 1274 1618 1340 sit
1647 1272 1816 1341 bene
1853 1298 1930 1342 ac
1963 1272 2200 1342 beate?
2710 1303 2752 1338 ,5

947 1383 1004 1447 Α
1045 1394 1109 1446 te
1152 1378 1355 1447 sudor
1395 1380 1619 1464 abest,
1653 1379 1839 1448 abest
1876 1377 2117 1467 saliva,

944 1488 1358 1579 Mucusque,
1401 1500 1468 1552 et
1517 1484 1687 1555 mala
1733 1487 1968 1580 pituita
2004 1488 2167 1555 nasi.

949 1596 1139 1660 Hanc
1174 1591 1258 1659 ad
1298 1591 1683 1660 munditiem
1728 1592 1897 1659 adde
1936 1594 2350 1662 mundiorem
2374 1644 2393 1678 ,

948 1697 1149 1787 Quod
1192 1696 1378 1767 culus
1417 1698 1537 1766 tibi
1580 1699 1809 1792 purior
1851 1697 2060 1767 salillo
2105 1715 2237 1786 est,

953 1805 1094 1873 Nec
1133 1820 1275 1873 toto
1309 1804 1527 1873 decies
1563 1830 1754 1874 cacas
1797 1808 1862 1872 in
1912 1830 2120 1893 anno;

949 1916 1166 2004 Atque
1204 1911 1268 1978 id
1300 1910 1528 1979 durius
1568 1926 1666 1980 est
1700 1911 1850 1979 faba
1889 1928 1955 1980 et
1992 1910 2259 2007 lapillis,

952 2017 1157 2106 Quod
1193 2033 1264 2086 tu
1303 2020 1354 2087 si
1392 2019 1696 2086 manibus
1733 2033 1941 2107 teras,
1975 2018 2336 2113 fricesque,

639 2262 814 2302 locum
841 2244 1059 2298 laudant
1080 2245 1210 2298 Hor.
1239 2246 1342 2298 Sat.
1370 2247 1450 2311 II,
1485 2265 1541 2306 2,
1568 2264 1662 2314 70.

731 2347 816 2377 10.
841 2327 1097 2393 Nousacta
1126 2330 1235 2395 imp.
1270 2327 1429 2387 furta,
1451 2326 1534 2377 vel
1565 2344 1663 2376 c-ae·

644 2408 737 2460 des
756 2406 1035 2457 hominum
1062 2405 1443 2475 improborum.

740 2508 758 2539 1
781 2507 825 2538 1.
865 2486 1016 2537 Casus
1054 2486 1174 2536 alios
1205 2485 1405 2554 peric-ul.
1443 2483 1670 2535 debebat

649 2586 755 2619 esse
791 2566 991 2615 aliorum
1027 2566 1373 2634 periculorum,
1426 2562 1517 2614 sed
1558 2563 1670 2615 haec

646 2647 997 2717 epithetornm
1039 2644 1353 2712 permutatio
1386 2634 1672 2712 (hypalla-

652 2745 749 2796 gen
779 2736 1087 2793 nuncupant
1103 2714 1485 2786 Grammatici),
1513 2723 1675 2793 poetis

651 2806 823 2858 latinis
849 2817 922 2854 est
949 2803 1379 2873 frequentissima.
1415 2803 1571 2854 Casus
1592 2823 1673 2853 su·

654 2887 854 2937 hiemum
884 2884 1202 2952 periculorum
1243 2881 1368 2934 dicit
1397 2883 1583 2934 Cicero
1621 2883 1673 2933 in

658 2965 817 3035 Epist.
847 2962 912 3013 ad
953 2964 1140 3015 Famil.
1162 2965 1273 3028 VI,
1311 2969 1372 3027 4,
1415 2963 1510 3013 ubi
1535 2961 1674 3025 vide,

655 3064 773 3115 quae
814 3042 880 3095 ad
917 3043 1019 3094 hoc
1055 3063 1268 3096 carmen
1311 3043 1553 3094 observat
1580 3042 1674 3092 Vi-

655 3138 864 3176 ctorius.

745 3222 830 3254 12.
857 3204 965 3254 Aut
996 3207 1079 3272 qui
1105 3201 1228 3253 Stat.
1264 3202 1316 3251 in
1347 3221 1440 3253 suo
1470 3215 1523 3252 et
1549 3200 1680 3252 duo·

657 3286 754 3335 bus
765 3283 911 3333 libris
924 3282 1041 3332 Mas
1042 3281 1107 3331 fei
1121 3295 1400 3350 repererat,
1415 3279 1558 3332 unde
1571 3281 1678 3350 ipse

656 3360 938 3431 legendum
959 3362 1173 3431 putabat
1193 3360 1258 3411 Ue
1274 3364 1373 3431 qui,
1396 3361 1678 3412 reclaman-

656 3456 705 3494 te
735 3441 1217 3509 Vossi0.—--Atqui.
1246 3438 1541 3491 Referenda
1567 3440 1679 3492 haec

658 3521 907 3592 particula
921 3518 1127 3570 videtur
1141 3520 1378 3589 inprimis
1393 3518 1458 3570 ad
1472 3540 1520 3571 v.
1546 3538 1600 3587 9,
1621 3531 1679 3570 ut

658 3602 755 3653 sit:
779 3600 897 3650 Non
919 3597 1157 3650 incendia
1190 3598 1394 3663 timetis,
1414 3618 1579 3669 quum
1611 3613 1680 3650 ta·

664 3700 784 3732 men
809 3697 1032 3747 corpora
1060 3698 1226 3730 cornu
1255 3679 1467 3730 sicciora
1493 3679 1680 3730 habea·

658 3761 751 3824 tis,
783 3779 899 3829 qua:
936 3757 1178 3809 facillime
1209 3756 1471 3808 flammam
1503 3759 1680 3809 conci·

662 3859 787 3911 pere
827 3856 976 3910 posse
1015 3835 1277 3887 videntur.
1311 3837 1474 3888 Aliter
1517 3856 1683 3888 nexus

662 3919 909 3973 orationis
940 3936 1072 3986 aegre
1098 3929 1334 3985 apparet.
1365 3917 1446 3968 Cl.
1465 3917 1681 3967 Vossius

660 4003 792 4069 utqui
820 3997 1041 4069 explicat
1069 4009 1117 4046 ec
1144 4008 1265 4045 certe
1282 4016 1302 4056 ;
1336 3994 1424 4046 sed
1452 4015 1549 4048 nec
1578 3995 1679 4047 hoc·

661 4078 917 4148 quadrare
946 4075 1185 4137 videtur,
1228 4075 1325 4126 nisi
1358 4076 1521 4127 mavis
1547 4080 1680 4145 aequi

1748 2245 2039 2315 explicare:
2055 2266 2237 2317 porr-0,
2259 2246 2364 2298 huc
2381 2247 2578 2298 acced.t
2603 2248 2766 2318 quod.

1753 2324 1858 2376 Sed
1899 2327 1951 2375 in
1981 2327 2079 2378 hac
2117 2327 2493 2396 significatione
2530 2329 2770 2398 nuspiam

1750 2405 1888 2456 hanc
1910 2406 2220 2476 particulam
2243 2426 2325 2457 me
2349 2407 2518 2477 legere
2539 2407 2776 2460 memini.

1758 2485 1974 2555 Corpora
2021 2490 2143 2537 sicca
2187 2488 2502 2558 plerumque
2546 2487 2777 2557 guidem

1755 2566 2085 2632 salubritate,
2132 2568 2256 2635 quia
2297 2567 2495 2619 siccitas
2536 2569 2710 2619 oritur
2748 2586 2776 2618 e

1757 2645 2103 2708 continentia,
2136 2647 2428 2709 laboribus,
2461 2660 2513 2698 et
2535 2647 2782 2699 exercita·

1757 2724 2001 2777 tionibus.
2031 2727 2113 2778 Cf.
2141 2727 2327 2778 Cicero
2349 2727 2562 2778 Tuscul.
2590 2728 2663 2791 V,
2687 2727 2776 2791 34,

1758 2817 1809 2855 et
1834 2805 2081 2873 Xenoph.
2112 2804 2393 2876 Cyropaed.
2421 2806 2467 2870 I,
2498 2827 2546 2858 α.

1848 2901 1867 2933 1
1883 2903 1933 2953 7.
1964 2885 2226 2958 ssffucusque
2254 2898 2303 2936 et
2323 2885 2451 2936 mala
2471 2889 2565 2955 pit.
2592 2887 2785 2938 Mucus

1761 2975 1811 3014 et
1841 2964 2032 3032 pituita
2067 2966 2134 3016 ita
2163 2966 2298 3017 inter
2326 2984 2377 3017 se
2406 2963 2698 3029 differunt,
2726 2981 2787 3018 ut

1763 3043 1851 3093 ille
1879 3041 1946 3094 de
1974 3046 2237 3109 crassiori,
2275 3044 2387 3097 haec
2414 3043 2481 3096 de
2507 3044 2786 3116 liquidiori

1762 3121 1869 3173 nasi
1895 3138 2224 3176 excremento
2250 3122 2470 3186 dicatur.

1852 3220 1934 3267 19.
1974 3203 2154 3254 Purior
2176 3204 2353 3254 salillo.
2389 3204 2523 3256 Mira
2550 3203 2790 3275 quadam

1766 3281 1992 3351 puritate
2007 3282 2163 3333 salem
2180 3296 2400 3336 tractare
2421 3285 2660 3337 solebant
2676 3287 2790 3337 Ve-

1770 3374 1902 3412 teres
1919 3374 1970 3411 et
1999 3380 2107 3431 prae
2135 3364 2332 3414 caeteris
2352 3364 2482 3415 vasis
2513 3364 2792 3435 praecipue

1766 3440 1939 3491 salinis
1967 3441 2193 3493 nitorem
2223 3455 2275 3492 et
2301 3441 2638 3514 splendorem
2667 3463 2798 3497 con-

1765 3519 1959 3572 ciliare.
1985 3519 2139 3582 Vide,
2171 3540 2289 3592 quae
2311 3522 2365 3573 in
2388 3523 2525 3575 hanc
2540 3542 2658 3575 rem
2679 3524 2796 3577 col-

1765 3599 1890 3668 legit
1910 3599 2168 3652 Mem-sius
2186 3599 2252 3652 ad
2275 3601 2550 3672 Lycophr.
2575 3623 2628 3655 v.
2659 3624 2681 3656 ι
2697 3604 2798 3673 35,

1767 3680 1857 3731 ubi
1879 3680 1951 3730 sal
1980 3681 2181 3749 ἀγνὶτης
2205 3682 2363 3750 πάγος
2395 3696 2630 3734 vocatur.

1854 3777 1943 3810 20.
1977 3760 2081 3810 Nec
2111 3773 2210 3811 toto
2238 3761 2408 3811 decies.
2450 3762 2698 3814 Imitatus
2718 3778 2801 3816 est

1768 3838 1990 3889 Martial.
2013 3839 2108 3891 lib.
2133 3841 2268 3904 XII,
2299 3842 2390 3905 56,
2423 3860 2468 3892 ι.

1849 3940 1875 3968 2
1891 3935 1938 3969 1.
1986 3919 2189 3989 Lapillc‘s
2219 3934 2410 3990 praeter
2435 3922 2801 3976 necessitatem

1765 3996 2049 4066 legendum
2095 4018 2202 4051 esse
2246 4001 2524 4052 censebant
2568 4001 2803 4056 Guiliel-

1767 4076 1901 4127 mins
1928 4091 1977 4128 et
2006 4077 2405 4130 Hottomannus.
