2986 4935
745 374 891 443 272

1271 348 1349 413 C.
1391 346 1506 412 VA
1529 346 1824 412 LERII
1879 349 2345 417 CATULLI

846 476 1349 548 Mnemonidum
1368 529 1388 560 ‚
1421 474 1758 568 linquens,
1790 475 2001 545 doctis
2032 476 2424 551 celebranda
2456 483 2746 574 choreis,

848 586 1000 654 Non
1041 608 1287 654 vacuus
1325 609 1337 649 :
1380 606 1662 674 namque
1697 579 1802 649 ille
1838 580 1989 651 tulit
2025 584 2334 655 radicitus
2371 586 2538 658 altas

847 696 1093 786 Fagoe,
1125 713 1202 758 ac
1247 703 1429 757 recto
1474 712 1793 782 proceras.
1820 690 2040 783 stipite
2075 689 2328 779 laurus,
2775 743 2843 779 292

849 798 1002 866 Non
1048 800 1184 865 sine
1226 795 1486 863 nutanti
1525 792 1826 887 platan0‚
1864 794 2169 889 lentaque
2205 822 2434 869 sorore

837 992 960 1044 288.
1008 990 1178 1041 Locus
1228 986 1653 1056 corruptissimus
1708 997 1759 1036 et

742 1073 1008 1125 variarum
1031 1067 1318 1120 lectionum
1340 1064 1495 1117 sorde
1515 1065 1758 1135 inquina-

744 1153 992 1204 tissimus.
1014 1178 1094 1189 —-
1126 1146 1339 1197 Minosin
1379 1137 1502 1211 (vel
1535 1145 1760 1196 Minosim

743 1233 821 1283 vel
854 1230 1107 1281 Minosium
1136 1224 1263 1295 quin
1287 1237 1338 1276 et
1359 1225 1659 1294 Me‘nosinque
1678 1225 1757 1275 vel

746 1299 1031 1379 Inosinque)
1062 1307 1276 1373 linquens
1303 1306 1451 1355 Doris
1479 1304 1758 1355 celebranda

741 1392 921 1441 choree‘s
954 1387 1190 1438 Nouatius
1219 1403 1446 1454 namque,
1479 1395 1576 1435 etc.
1610 1383 1664 1433 in
1695 1384 1759 1433 li-

746 1471 854 1522 bris
884 1465 1088 1537 scriptis
1115 1476 1241 1516 teste
1266 1464 1482 1522 VossiO,
1518 1463 1607 1533 qui
1635 1461 1759 1514 iude

744 1548 955 1602 refinxit
977 1572 997 1591 ι
1022 1544 1240 1614 Xyniasi
1261 1556 1313 1595 et
1337 1544 1582 1612 linquens
1603 1543 1759 1594 Doris

741 1624 1051 1680 celebranda
1070 1623 1276 1675 choreis
1293 1620 1569 1673 Boebiados
1598 1623 1757 1673 Nam-

741 1728 845 1779 que
873 1707 962 1758 ille
988 1704 1134 1766 tulit,
1156 1715 1251 1753 etc.
1276 1729 1296 1748 ι
1328 1702 1641 1753 Nessonidum
1664 1703 1757 1752 lin-

741 1807 885 1859 quens
911 1783 1118 1854 Gryph.
1158 1810 1238 1821 --
1260 1782 1514 1834 Nereidum
1546 1781 1757 1851 linquens

743 1869 939 1918 Muret.
969 1861 1268 1931 Cantabrig.
1291 1895 1370 1903 —
1393 1861 1636 1913 Naiadum
1663 1862 1757 1912 lin-

744 1966 888 2019 quens
908 1946 961 1997 in
977 1944 1109 2006 aliis,
1127 1939 1389 1994 indicante
1405 1942 1630 1991 Mureto.
1656 1943 1757 1993 Pro

752 2029 897 2078 Doris
915 2026 969 2076 in
982 2042 1091 2075 uno
1104 2021 1218 2073 MS.
1235 2021 1390 2074 Statii
1413 2021 1556 2070 claris
1573 2040 1591 2080 ,·
1610 2033 1661 2072 et
1683 2022 1755 2071 sic

741 2107 888 2159 estin
903 2104 1029 2156 edit.
1053 2102 1262 2174 Gryph.
1281 2103 1475 2152 Muret.
1500 2101 1755 2159 Cantab.;

742 2189 797 2239 in
830 2187 941 2237 aliis
967 2184 1014 2236 C
1012 2184 1125 2233 loris
1156 2184 1235 2233 vel
1275 2181 1461 2233 Chloris
1479 2201 1499 2241 ,·
1528 2181 1759 2249 Scaliger

742 2286 803 2318 ex
840 2266 921 2317 his
952 2263 1215 2331 corruptis
1254 2261 1569 2313 lectionibus
1595 2260 1757 2310 extri-

744 2345 880 2397 cavit
914 2370 934 2391 ·
971 2344 1255 2394 Muwssm
1296 2341 1539 2410 linquens
1586 2341 1756 2390 Dolus

740 2420 1050 2478 celebranda
1083 2422 1288 2473 choreis
1319 2426 1556 2472 Cranona
1583 2418 1755 2470 aeriso-

743 2522 985 2574 namque.
1012 2528 1031 2548 υ
1071 2503 1144 2551 En
1179 2499 1460 2551 reconditae
1504 2498 1755 2551 doctrinm

741 2602 967 2637 recessus
990 2582 1001 2631 !
1052 2580 1108 2631 in
1156 2598 1290 2649 quos
1337 2580 1429 2649 qui
1481 2591 1753 2647 penetrare

741 2664 911 2733 cupit.
948 2659 1094 2712 adeat
1122 2659 1292 2728 ipsum
1332 2657 1398 2709 ad
1434 2657 1487 2709 h.
1521 2659 1555 2708 l.
1594 2657 1753 2709 Scali-

739 2741 1109 2814 gerum.—En.
1122 2736 1473 2791 Corradinum
1497 2749 1751 2802 nostrum3

747 2850 769 2870 α
798 2822 1028 2873 Vinosus
1053 2820 1296 2889 linquens
1319 2816 1471 2868 Doris
1489 2815 1753 2868 celebran-

737 2903 802 2956 da
824 2900 1028 2955 choreis
1052 2898 1344 2950 Nonacrios
1363 2915 1482 2947 nam
1498 2935 1512 2958 ,
1531 2914 1646 2966 quae
1664 2896 1750 2947 ille

738 2984 875 3035 tulit.
900 3007 919 3026 ι
950 3013 1030 3024 ·-
1056 2978 1337 3031 Turnebus
1375 2977 1427 3028 in
1459 2975 1676 3028 Advers.
1709 2977 1745 3026 l.

742 3071 846 3127 πά,
897 3080 941 3112 c.
984 3081 1035 3128 9.
1067 3087 1087 3105 e
1117 3057 1456 3110 AEmonidum
1511 3056 1751 3124 linquens

734 3144 850 3195 latis
868 3137 1179 3192 celebranda
1201 3137 1404 3189 choreis
1432 3136 1549 3186 Non
1578 3153 1749 3203 agros,

733 3237 813 3275 etc
819 3245 982 3272 .....
994 3218 1316 3271 Haemonisin
1336 3218 1576 3286 linquens
1593 3215 1746 3265 Doris

734 3297 1046 3353 celebranda
1078 3298 1310 3358 choreis,
1328 3322 1348 3342 ι.
1374 3308 1434 3346 ut
1455 3297 1744 3364 jungantur

734 3381 844 3432 duo
872 3376 1261 3447 patronymica3
1288 3387 1344 3426 ut
1376 3376 1564 3426 Inachis
1597 3375 1744 3424 Acri-

732 3466 863 3511 sione
882 3498 895 3519 ,
939 3457 1018 3506 vel
1055 3456 1258 3505 Phasias
1301 3455 1516 3505 AEeu'ne.
1568 3452 1743 3505 Heins.

733 3541 788 3590 in
817 3547 929 3589 not.
964 3534 1029 3586 ad
1064 3537 1178 3587 Cat.
1209 3565 1286 3573 —
1308 3535 1410 3585 Pro
1442 3552 1536 3582 non
1568 3552 1745 3582 vacuus

732 3629 979 3685 corrupte
1011 3615 1278 3684 legebatur
1310 3614 1361 3663 in
1387 3611 1539 3663 MSS.
1576 3613 1743 3664 Nona-

732 3703 853 3750 crios
895 3695 974 3746 ve!
1022 3713 1115 3744 non
1154 3698 1272 3744 acies
1321 3693 1400 3743 vel
1446 3711 1539 3742 non
1583 3711 1740 3743 acuos.

731 3777 887 3831 Unde
932 3776 1166 3844 Lennep.
1205 3772 1273 3825 ad
1324 3771 1540 3823 Coiuth.
1586 3773 1640 3834 1,
1676 3792 1742 3840 7,

729 3858 874 3911 cudit
891 3884 910 3902 ι
924 3857 1073 3906 Dona
1094 3873 1209 3905 suas
1226 3870 1450 3920 namque
1476 3851 1590 3913 ille,
1604 3864 1700 3903 etc.
1716 3879 1735 3897 1.

731 3940 837 3990 Nos
856 3933 1047 3989 excudi
1071 3933 1212 3985 hunc
1228 3932 1403 3984 locum
1425 3930 1742 3993 curavimus,

730 4019 804 4068 uti
854 4012 1159 4067 emendatus
1212 4024 1286 4064 est
1338 4030 1363 4062 a
1409 4010 1572 4062 Statio
1590 4051 1602 4073 ,
1643 4012 1739 4062 nisi

1845 986 1992 1056 quod
2014 1006 2113 1058 pro
2134 989 2382 1041 Musarum
2401 988 2647 1044 dedimus
2660 993 2845 1046 Mnemo-

1846 1065 2008 1117 nidum
2027 1108 2041 1131 ,
2084 1085 2206 1137 quae
2235 1069 2456 1142 propius
2490 1068 2562 1123 ad
2601 1074 2842 1144 antiquam

1846 1145 2160 1215 scripturam
2186 1146 2436 1201 accedens
2458 1150 2616 1203 lectio
2634 1165 2710 1204 est
2728 1172 2841 1223 quo·

1847 1226 2014 1295 quein
2030 1225 2156 1280 edit.
2175 1227 2478 1299 Gotting.et
2487 1229 2842 1301 Bipont—-Sic

1845 1318 1985 1356 certe
2017 1324 2080 1357 ex
2115 1306 2217 1359 hoc
2246 1308 2363 1359 loco
2393 1327 2574 1361 sensus
2605 1312 2714 1363 exit
2741 1314 2841 1364 satis

1844 1383 2170 1437 commodus.
2201 1387 2472 1442 Lenzius
2458 1408 2514 1440 m
2546 1408 2682 1442 vers.
2718 1396 2841 1460 ²89,

1841 1461 2133 1516 admodum
2158 1464 2409 1540 fluctuat,
2434 1480 2488 1521 et
2515 1487 2619 1539 pro
2639 1469 2842 1521 malicum

1844 1544 1928 1594 vel
1968 1543 2207 1596 radicibus
2242 1549 2326 1599 vel
2365 1548 2447 1598 ille
2487 1553 2588 1599 ruit
2626 1550 2841 1602 mdieibm

1844 1622 2206 1689 scribendum,
2237 1627 2317 1677 ve!
2356 1638 2529 1679 totum
2555 1646 2762 1681 versum
2787 1630 2841 1682 ita

1843 1702 2134 1755 retractand
2143 1723 2230 1755 um
2249 1717 2428 1775 putat«
2440 1707 2714 1760 AEtherw
2724 1728 2843 1761 nam·

1843 1799 1944 1850 que
1972 1782 2060 1833 ille
2091 1784 2209 1835 tulit
2224 1784 2491 1838 radicibus
2509 1787 2629 1838 altis
2639 1807 2660 1852 ς
2676 1807 2839 1859 uquam

1845 1872 2020 1912 tamen
2040 1865 2393 1931 conjecturam
2411 1883 2744 1937 nequaquam
2762 1887 2841 1919 ue·

1844 1940 2116 1992 cessariam
2145 1960 2253 1995 esse
2282 1945 2392 2014 ipse
2421 1946 2520 1997 sub
2539 1945 2652 1998 fine
2673 1947 2839 1999 innot-
2929 1945 2930 1948 '

1843 2017 1907 2069 ad
1941 2019 1994 2071 b.
2028 2021 2062 2071 l.
2110 2020 2319 2074 fatetur.
2349 2055 2432 2065 —
2452 2025 2730 2094 Ingeniose
2745 2030 2838 2095 jam

1843 2098 2088 2151 Heinsius
2110 2101 2164 2151 in
2186 2114 2295 2154 not.
2320 2101 2387 2154 ad
2406 2103 2604 2156 CatulL
2629 2117 2839 2158 tentare-

1843 2190 1923 2230 rat
1951 2180 2178 2231 radicitus
2200 2194 2366 2245 actas,
2397 2200 2565 2252 quum
2597 2184 2739 2256 fagus
2759 2203 2840 2255 pa·

1845 2258 1950 2309 tula
1975 2278 2081 2310 non
2109 2259 2212 2311 alta
2232 2261 2318 2312 sit.
2335 2263 2643 2333 —Jungez
2678 2265 2838 2316 Peneus

1843 2327 2056 2404 (fluvius
2077 2339 2357 2393 Thessaliae
2375 2343 2708 2405 notissimus,
2727 2344 2836 2415 qui

1843 2429 1900 2467 ut
1921 2419 2287 2489 pervulgatum
2319 2434 2396 2473 est
2424 2419 2494 2474 de
2526 2421 2727 2488 fluviis,
2753 2425 2838 2476 Dei

1841 2515 2116 2566 personam
2158 2502 2264 2569 jam
2306 2500 2516 2566 induit)
2555 2504 2722 2565 adest,
2756 2506 2836 2555 lu-

1840 2596 1981 2646 qucns
2019 2579 2067 2628 Τ
2062 2598 2189 2648 empc
2217 2576 2500 2641 (describit
2520 2597 2675 2653 poeta
2694 2585 2834 2635 Tem-

1840 2654 1925 2725 pe)
1985 2659 2179 2727 Tempe,
2247 2679 2353 2730 qnoe
2402 2664 2838 2732 superimpendam

1836 2738 1968 2787 silva·
2021 2741 2217 2806 cingunt
2237 2779 2252 2801 ,
2308 2740 2459 2791 doctis
2500 2742 2836 2795 Mnemonida-

1838 2812 1931 2875 (h.
1975 2835 2020 2867 e.
2072 2818 2370 2880 Musarum,
2418 2819 2531 2873 vid.
2572 2822 2737 2874 Heius.
2777 2820 2836 2873 nd

1838 2893 1993 2945 Ovid.
2040 2897 2169 2949 Met.
2201 2898 2268 2960 V,
2303 2896 2481 2958 268),
2515 2902 2696 2953 choreis
2725 2903 2835 2952 cele·

1835 2974 2051 3038 brunda,
2086 2996 2178 3028 non
2204 2997 2386 3029 vacuus
2412 2975 2432 3040 (
2454 2998 2566 3032 uon
2586 2983 2696 3033 sine
2725 2999 2832 3032 mn-

1836 3053 2096 3117 neribus).

1920 3135 2048 3201 289.
2076 3136 2353 3199 Radicilus,
2387 3156 2495 3201 una
2543 3156 2663 3192 cum
2706 3137 2836 3192 radi·

1834 3214 2000 3277 cibus,
2025 3213 2274 3268 radicitus
2297 3218 2621 3288 exstirpatas.
2641 3218 2832 3271 Moscb.

1833 3291 2206 3361 Idy11.vl1‚1
2236 3313 2386 3367 seqq.
2415 3298 2696 3351 commode
2722 3316 2834 3351 cum

1832 3375 2060 3424 Nostro
2041 3392 2151 3442 Jam
2173 3378 2503 3445 comparavit
2522 3377 2725 3431 Statius.

1919 3471 2046 3521 291.
2087 3453 2191 3505 Pro
2219 3460 2410 3506 nutanti
2437 3457 2494 3507 in
2534 3458 2677 3511 libs-‘n
2700 3470 2835 3509 vete-

1834 3531 1981 3583 ribus
2025 3533 2228 3596 ίωαητί,
2277 3535 2478 3586 luctatm'
2511 3550 2604 3589 ant
2645 3540 2836 3588 lact-nu

1832 3611 2039 3681 legitur,
2068 3612 2361 3668 affirmante
2388 3615 2605 3675 vossio,
2634 3616 2720 3688 qni
2747 3634 2834 3666 su-

1831 3691 2062 3761 spicatur
2089 3692 2359 3744 Catullum
2389 3686 2598 3749 dedisse
2630 3698 2833 3751 tentanti.-

1830 3769 1920 3823 sed
1934 3785 2101 3821 nutare
2104 3770 2278 3842 ,quod
2294 3771 2363 3826 de
2373 3774 2838 3845 conigeristantum

1833 3851 2109 3902 arboribus
2139 3850 2247 3904 dici
2276 3870 2425 3923 posse
2454 3867 2682 3907 autumat
2700 3855 2836 3904 Vos-

1831 3932 1968 3995 sius,
1997 3943 2138 3984 recte
2164 3928 2233 3983 de
2261 3932 2378 3984 aliis
2404 3950 2615 4004 quoque
2642 3931 2840 3985 dicitur

1832 4008 1974 4080 apud
2005 4010 2194 4079 Virgil.
2223 4015 2342 4063 AEn.
2371 4012 2463 4074 II,
2509 4015 2649 4082 629,
2692 4031 2837 4063 ornus
