2986 4935
756 471 894 542 116

1261 470 1339 534 C.
1382 459 1822 532 VALERII
1879 462 1933 528 C
1956 462 2147 528 ATU
2170 462 2337 528 LLI

1261 600 1363 664 Tu
1408 596 1659 664 Lucina
1703 591 2077 680 dolentibus

1155 709 1330 772 Juno
1375 702 1550 770 dicta
1591 699 1970 793 puerperis;

1159 815 1258 877 Tu
1303 824 1537 902 potens
1572 806 1833 889 Trivia,
1870 820 1937 874 et
1974 805 2181 873 notho
2219 829 2288 871 es

1161 918 1356 985 Dicta
1397 914 1641 981 lumine
1676 914 1885 979 Luna.

1263 1025 1366 1087 Tu
1403 1044 1637 1101 cursu,
1679 1021 1855 1102 Dea,
1894 1032 2230 1085 menstruo

1164 1128 1447 1194 Metiens
1493 1127 1615 1193 iter
1657 1148 1951 1191 annuum
1978 1177 1994 1205 ,

1165 1235 1434 1301 Rustica
1475 1229 1778 1325 agricolae
1816 1230 2003 1298 bonis

1158 1342 1358 1406 Tecta
1395 1337 1696 1431 frugibus
1731 1334 1970 1429 exples.

1271 1446 1370 1512 Sis
1400 1467 1797 1536 quocunque
1831 1441 2044 1535 placet
2076 1442 2190 1509 tibi

735 1661 970 1728 fallacum
1029 1673 1125 1725 pro
1161 1652 1419 1718 fallacium
1475 1652 1529 1702 in
1581 1650 1758 1701 Carm.

745 1739 897 1791 XXX
911 1775 928 1799 ,
955 1743 1008 1799 4.

833 1816 1016 1868 13-16.
1046 1815 1121 1865 Tu
1146 1813 1325 1863 Lucina
1340 1809 1435 1860 dol.
1462 1807 1529 1860 cf.
1553 1806 1762 1859 callim.

744 1900 938 1969 Hymn.
965 1896 1018 1946 in
1045 1894 1199 1946 Dian.
1228 1910 1281 1943 v.
1316 1908 1383 1941 20
1412 1905 1553 1958 seqq.
1580 1888 1762 1940 Horat.

746 1980 827 2031 111
846 2015 861 2038 ,
890 1973 997 2027 Od.
1028 1993 1094 2026 22
1116 2011 1131 2037 ‚
1157 1991 1204 2023 2.
1225 1968 1439 2022 Eaedem
1468 1968 1609 2019 enim
1633 1985 1765 2035 saepe

744 2069 863 2111 sunt
906 2068 957 2107 et
1000 2051 1186 2106 eodem
1219 2046 1511 2101 obstetricis
1551 2062 1770 2097 munere

747 2133 892 2210 apud
928 2146 1106 2206 poetas
1144 2131 1434 2200 funguntur
1458 2127 1590 2178 Juno
1625 2128 1770 2177 Luci-

751 2238 847 2279 na,
879 2217 1043 2267 Diana
1084 2210 1306 2277 Lucifera
1338 2221 1389 2259 et
1431 2207 1650 2276 Ilithyia.
1685 2204 1767 2256 Cf.

755 2299 836 2348 Cl.
881 2295 999 2347 Jani
1040 2290 1108 2344 ad
1143 2291 1180 2342 l.
1213 2310 1258 2343 c.
1299 2288 1479 2339 Horat.
1520 2284 1605 2337 cui
1636 2281 1772 2335 adde

755 2372 1111 2428 HemsterhuS.
1130 2367 1196 2420 ad
1218 2368 1433 2419 Lucian.
1457 2366 1593 2416 Dial.
1612 2366 1771 2416 Deor.

755 2454 940 2507 XXVI
967 2492 981 2516 ,
1012 2463 1140 2503 tom.
1174 2449 1200 2499 I
1222 2488 1236 2514 ‚
1267 2465 1385 2518 pag.
1420 2445 1559 2513 287,
1596 2457 1648 2497 et
1682 2443 1774 2496 Ja-

755 2532 966 2588 blonski
997 2528 1183 2582 Panth.
1213 2532 1423 2596 AEgypt.
1460 2525 1551 2575 lib.
1583 2524 1698 2583 111,
1727 2541 1773 2574 c.

764 2617 814 2669 3.
843 2615 967 2665 Pars
989 2611 1075 2672 11,
1101 2627 1155 2678 p.
1188 2611 1279 2659 62.
1311 2607 1476 2656 Trivia
1504 2599 1775 2673 (τριοδῖτις)

761 2697 829 2746 ita
848 2703 1083 2750 vocatur.
1102 2687 1226 2758 quia
1249 2687 1305 2737 in
1321 2683 1487 2735 triviis
1510 2684 1777 2735 colebatur

760 2775 926 2825 Diana
947 2767 1202 2822 triformis
1229 2758 1533 2834 (τρίμορφος,
1556 2763 1778 2830 τριπρόσ-

761 2872 890 2911 ωπος
913 2842 963 2917 ),
998 2845 1107 2899 vid.
1146 2844 1429 2917 Spanhem.
1469 2840 1537 2893 ad
1567 2840 1774 2907 Gallim.

763 2933 924 3003 Hym.
954 2929 1009 2979 in
1041 2927 1193 2980 Dian.
1228 2926 1318 2979 38.
1358 2922 1627 2992 Proecipue
1656 2932 1779 2971 nota

762 3023 884 3064 sunt
924 3000 1178 3070 Euareia,
1219 3005 1301 3056 vel
1349 3000 1545 3055 δεῖπνον
1584 2990 1777 3058 Ιῖκοὶτης

765 3096 810 3145 ἰν
863 3094 925 3156 τῇ
970 3081 1147 3157 τριόδῳ
1167 3125 1183 3149 ,
1222 3083 1289 3135 de
1337 3101 1440 3153 qua
1493 3100 1552 3132 re
1606 3077 1782 3147 dispu-

764 3183 835 3223 tat
863 3165 1067 3221 erudite
1106 3178 1156 3216 et
1186 3162 1395 3233 copiose
1421 3158 1779 3212 HemsterhuS.

761 3247 829 3301 ad
852 3247 1070 3300 Lucian.
1089 3244 1226 3295 Dial.
1250 3243 1410 3293 Mort.
1431 3253 1556 3291 tom.
1582 3240 1608 3289 Ι
1625 3278 1640 3301 ,
1663 3255 1780 3306 pag.

763 3330 890 3383 330.
941 3358 1019 3369 --
1055 3323 1218 3377 Notleo
1266 3323 1437 3372 lumine
1487 3320 1657 3380 Luna,
1718 3335 1779 3368 ex

760 3405 1029 3461 communi
1076 3402 1218 3454 enim
1258 3403 1365 3471 jam
1408 3396 1783 3468 antiquissimis

762 3484 1089 3556 temporibus
1100 3483 1351 3532 Veterum
1368 3477 1623 3548 opinione
1632 3477 1780 3527 Luna

762 3585 868 3618 non
903 3561 1118 3635 propria
1151 3558 1244 3612 sed
1277 3557 1455 3628 spuria
1493 3556 1642 3626 quasi
1672 3567 1721 3607 et
1749 3573 1779 3606 a

763 3644 872 3698 sole
900 3654 1132 3694 mutuata
1156 3641 1272 3692 luce
1303 3638 1480 3706 fulget.
1510 3637 1706 3686 Ponam
1725 3635 1780 3685 in

762 3724 900 3779 hanc
918 3741 1029 3774 rem
1053 3720 1377 3773 luculentum
1395 3718 1570 3768 locum
1595 3733 1661 3766 ex
1681 3715 1783 3766 Lu·

763 3806 916 3857 ciano
928 3799 995 3853 de
1007 3800 1265 3868 Astrolog.
1285 3815 1332 3850 c.
1353 3798 1405 3860 3,
1424 3807 1462 3847 t.
1477 3796 1554 3850 II,
1574 3814 1627 3864 p.
1648 3795 1776 3845 361:

758 3885 986 3941 Αἰθίοπος
1008 3907 1088 3920 —-
1104 3874 1291 3937 ἰδόντες
1319 3883 1497 3946 πρῶτα.
1522 3877 1610 3931 τὴν
1639 3880 1779 3927 σελη-

756 3966 892 4019 ναίην
938 3965 1021 4013 οὐκ.
1059 3962 1104 4021 ἐς
1150 3959 1364 4027 πάμπαν
1409 3955 1573 4025 ὁμοίην
1613 3973 1777 4023 φαινο-

755 4050 925 4111 μένην,
947 4038 1070 4092 ἀλλὰ
1099 4032 1364 4090 πολυειδέα
1389 4056 1443 4087 τι
1472 4036 1776 4104 γιγνομένην,

752 4124 832 4174 καὶ
853 4126 901 4173 ἐν
932 4121 1102 4172 ἄλλοτε
1131 4118 1249 4183 ἄλλῃ
1275 4121 1430 4186 μορφῇ
1458 4115 1770 4184 τριπομένην,

1852 1646 2044 1701 ἐδόκεον
2075 1651 2290 1701 αὐτέοισι
2332 1652 2387 1702 τὸ
2419 1655 2587 1720 χρῆμα.
2620 1652 2874 1721 θωύματος

1851 1732 1935 1783 καὶ
1954 1728 2159 1798 ἀπορίης
2184 1729 2331 1790 ἄξιον·
2364 1729 2490 1780 ἔνθεν
2517 1725 2576 1781 δὲ
2594 1732 2846 1790 ζητέοντες
2862 1770 2876 1794 ,

1853 1802 1980 1879 εὗρον
2035 1811 2243 1860 τουτέων
2294 1810 2380 1865 τὴν
2434 1809 2592 1866 αἰτίην
2612 1848 2628 1871 ,
2663 1811 2741 1862 ὅτι
2798 1814 2877 1864 οὺιι

1854 1885 2012 1941 ἰ’διον
2061 1891 2138 1954 τῇ
2163 1877 2471 1955 commit-0
2514 1890 2874 1960 τὸφέγγος,

1857 1969 2014 2023 ἀλλά
2056 1968 2108 2019 οἱ
2153 1975 2301 2037 παρ’
2338 1968 2553 2024 ἧιλίου
2593 1971 2874 2039 ἔρχαται.

1857 2061 1908 2100 et
1947 2046 2021 2098 sic
2053 2047 2253 2099 Plinius
2278 2048 2363 2109 11,
2393 2064 2455 2113 9:
2494 2049 2673 2100 -Luna
2713 2049 2770 2101 in
2802 2063 2876 2102 to-

1856 2140 1970 2178 tum
2007 2139 2241 2179 mutuata
2269 2145 2300 2178 a
2338 2126 2445 2178 sole
2484 2127 2605 2181 luce
2637 2127 2817 2199 fulget.
2849 2155 2868 2173 ·

1858 2206 1998 2258 Hinc
2021 2206 2246 2257 suaviter
2269 2205 2541 2258 Lotichius
2562 2205 2631 2259 ad
2654 2208 2875 2269 Lunam,

1860 2288 1884 2337 1
1904 2321 1918 2343 ‚
1941 2287 2086 2354 Eleg.
2109 2285 2161 2348 5,
2192 2304 2262 2354 77
2290 2304 2305 2337 :
2332 2285 2481 2337 -Hoc
2502 2305 2718 2357 quoque
2735 2287 2875 2357 quod

1861 2378 2033 2417 tecum
2081 2364 2268 2416 rutilos
2324 2366 2683 2419 communicat
2741 2367 2878 2437 ignes

1860 2445 1948 2497 Sol
1997 2444 2180 2497 oculus
2225 2442 2411 2496 mundi
2428 2484 2441 2504 ,
2490 2445 2659 2514 gloria
2696 2465 2877 2517 magna

1861 2537 1947 2577 tua
1973 2537 2065 2578 est.
2090 2551 2110 2569 ·
2145 2524 2251 2576 Ubi
2275 2525 2414 2576 conf.
2446 2525 2737 2579 Burmann.
2766 2528 2873 2579 Sec.

1861 2616 1912 2655 et
1935 2602 2004 2655 ad
2035 2617 2273 2656 nostrum
2303 2604 2477 2656 locum
2504 2605 2672 2676 Vulp.
2696 2608 2877 2659 etJan.

1863 2685 2052 2735 Dousa.

1952 2781 1968 2813 ι
1985 2782 2041 2831 7.
2076 2763 2152 2813 Tu
2176 2782 2314 2813 cursu
2333 2803 2346 2823 ,
2373 2763 2512 2826 Dea,
2544 2779 2737 2815 meaestr.
2760 2765 2875 2817 Non

1863 2841 2031 2894 solum
2058 2841 2201 2894 enim
2224 2840 2292 2894 ad
2316 2842 2670 2896 maturitatem
2696 2863 2879 2916 perve-

1862 2919 2015 2971 niunt
2042 2922 2214 2990 fruges
2241 2920 2516 2991 descriptis
2539 2923 2704 2977 Lunoe
2728 2944 2878 2976 cursu

1865 3000 2128 3053 mensibus
2147 3039 2163 3063 ‚
2192 3000 2285 3053 sed
2326 3001 2423 3071 ipsi
2462 3003 2648 3054 Dianae
2673 3019 2881 3074 quoque

1867 3080 2133 3141 tribuitur,
2156 3077 2300 3150 quod
2324 3080 2451 3132 alias
2479 3082 2663 3135 Cereri
2692 3102 2877 3135 couve-

1868 3158 1963 3209 nit.
1995 3160 2078 3213 Cf.
2107 3160 2316 3212 callim.
2347 3161 2401 3211 in
2434 3161 2590 3214 Dian.
2631 3161 2765 3227 130,
2789 3161 2875 3214 ubi

1869 3235 1976 3289 vid.
2017 3239 2301 3309 spanhem.
2350 3252 2401 3292 et
2429 3240 2576 3310 quod
2610 3240 2681 3294 ad
2713 3241 2878 3294 vossii

1866 3318 2123 3388 argutias,
2150 3321 2275 3388 «qui
2296 3338 2442 3372 more
2472 3319 2665 3373 Groeco
2690 3336 2739 3374 et
2758 3338 2879 3393 pra*-

1868 3397 2043 3449 sertim
2070 3398 2294 3450 Asiatico
2319 3398 2566 3452 Cererem
2590 3415 2643 3453 et
2666 3403 2876 3454 manem

1869 3475 2105 3528 eamdem
2139 3495 2245 3529 esse
2274 3491 2456 3548 putat,
2478 3505 2501 3525 ·
2540 3479 2597 3532 iu
2631 3481 2767 3534 notis
2802 3478 2873 3532 ibi

1867 3554 2147 3626 respondet
2168 3557 2390 3609 Ernesti.

1939 3654 1965 3686 2
1980 3654 2001 3687 1
2015 3675 2026 3687 .
2043 3634 2121 3686 Sis
2136 3642 2692 3706 quocunque—nomine.
2706 3637 2880 3691 Multis

1867 3714 2009 3766 enim
2044 3715 2350 3767 nominibus
2376 3715 2568 3786 gaudet
2599 3719 2763 3771 Diana
2784 3737 2874 3768 πο-

1864 3793 2136 3865 λυώνυμος,
2175 3813 2291 3865 quae
2335 3796 2447 3866 ipsu
2485 3814 2517 3848 a
2559 3797 2696 3851 Jove
2732 3815 2875 3866 roga·

1867 3887 2011 3926 verat
2072 3876 2422 3945 πολυωνυμίαν.
2483 3873 2612 3929 vid.
2671 3876 2869 3930 Callim-

1865 3960 2024 4023 Hym.
2052 3954 2106 4005 in
2137 3954 2291 4006 Dian.
2326 3974 2374 4006 v.
2409 3974 2439 4025 7
2459 3992 2474 4018 ‚
2507 3968 2561 4008 et
2589 3974 2709 4028 que
2733 3955 2873 4007 solita

1864 4052 1954 4086 sua
1978 4031 2249 4103 diligentia
2280 4034 2333 4086 in
2358 4034 2495 4087 hanc
2526 4052 2642 4088 rem
2670 4051 2870 4103 conges-

1864 4113 1928 4164 sit
1957 4112 2241 4183 Spanhem.
