2986 4935
724 455 875 526 326

1253 460 1333 524 C.
1364 457 1804 524 VALERII
1861 455 2331 523 CATULLI

933 588 1116 658 Illius
1152 589 1279 658 hoc
1316 614 1488 658 caeea
1525 604 1722 658 nocte
1760 603 1940 683 tegat
1981 588 2292 657 studium.

827 696 953 766 Sed
987 696 1202 765 dicam
1236 697 1450 765 vobis.
1476 699 1618 765 Vos
1651 722 1855 791 porro
1892 695 2091 764 dicite
2127 694 2352 763 multis
2802 728 2843 771 ες

936 802 1229 872 Millibus
1273 819 1340 872 et
1380 804 1576 872 facite
1621 804 1764 873 haec
1810 803 2043 871 charta
2087 802 2400 896 loquatur
2442 826 2631 870 anus.

936 1020 1385 1111 Notescatque
1430 1020 1640 1112 magis
1685 1031 2023 1101 mortuuS,
2069 1032 2268 1110 atque
2310 1016 2554 1110 magis;

832 1128 931 1190 Ne
978 1139 1242 1191 tenuem
1282 1139 1512 1193 texens
1555 1124 1851 1193 sublimis
1888 1148 2128 1192 aranea
2169 1122 2413 1209 telam,

940 1233 1226 1299 Deserto
1261 1234 1327 1299 in
1367 1230 1579 1299 Manli
1615 1233 1882 1300 nomine
1917 1256 2087 1324 opus
2125 1230 2343 1300 faciat.
2815 1256 2854 1292 s.

839 1339 1046 1425 Nam,
1089 1338 1250 1406 mihi
1284 1364 1485 1431 quam
1531 1337 1786 1407 dederit
1830 1336 2075 1431 duplex
2113 1337 2507 1406 Amathusia
2542 1360 2797 1420 curam,

826 1578 916 1639 45.
946 1575 1102 1628 Novo
1144 1577 1387 1646 exemplo
1435 1575 1595 1628 Poeta
1654 1577 1756 1644 jani
1849 1574 2281 1627 nibuszomnibus
2308 1577 2447 1649 inque
2473 1575 2590 1627 locis
2611 1574 2866 1626 celebretur

741 1659 907 1710 Musis
936 1655 1158 1708 canendi
1191 1657 1465 1709 materiem
1499 1655 1762 1724 suggerit,

742 1758 904 1808 quam
937 1737 1060 1789 alias
1089 1738 1254 1789 Musae
1286 1737 1455 1807 poetis
1487 1754 1764 1805 suggerere

744 1820 929 1870 solent.
962 1818 1184 1870 Causam
1212 1818 1369 1887 hujus
1403 1817 1655 1867 novitatis
1681 1835 1766 1866 re·

1839 1657 1982 1722 sama
2002 1657 2193 1726 sepulti.

1927 1742 1955 1797 4
1968 1754 1998 1804 9
2020 1749 2070 1787 et
2087 1735 2184 1788 50.
2204 1734 2309 1788 Nec
2325 1734 2561 1806 reposuit
2582 1735 2868 1797 semetrius,

1855 1815 2145 1868 multorum
2174 1817 2434 1868 librorum
2463 1814 2621 1869 MSS.
2650 1829 2702 1867 et
2729 1812 2868 1866 editt.

744 1911 864 1969 pete
896 1899 963 1950 ab
997 1901 1108 1968 ejus
1135 1895 1354 1961 dolore,
1383 1895 1440 1946 in
1468 1915 1575 1966 quo
1594 1936 1608 1959 ,
1640 1914 1770 1966 quas
1854 1896 2191 1966 antiquarum
2222 1895 2531 1949 auctoritate
2558 1907 2872 1956 commotus3

748 1979 857 2048 ipse
876 1979 1128 2030 sustinere
1156 1976 1342 2047 nequit
1365 1988 1538 2045 partes
1556 2013 1571 2037 ,
1593 1972 1769 2045 lepide

746 2058 918 2109 Musis
944 2057 1165 2127 delegat.
1191 2090 1269 2098 —-
1293 2059 1451 2107 Porro
1482 2054 1676 2107 dehinc
1714 2055 1768 2104 in

749 2151 1036 2208 posterum.
1056 2136 1183 2189 Vid.
1214 2138 1276 2190 C.
1302 2134 1474 2199 XLV,
1502 2123 1554 2186 3.
1586 2136 1652 2187 N.

833 2223 928 2279 46.
964 2220 1014 2269 E
1018 2231 1038 2267 t
1063 2219 1219 2284 facite
1256 2219 1342 2268 hoc
1371 2218 1517 2283 sama
1553 2216 1778 2288 loquatur

753 2318 871 2349 anus
890 2299 1099 2350 volebat
1119 2298 1159 2348 F
1163 2297 1405 2348 ruterius.
1426 2324 1506 2333 —
1522 2295 1624 2347 Pro
1640 2297 1778 2345 clear*-

757 2391 807 2428 τα
829 2396 1107 2447 perperam
1128 2378 1183 2428 in
1197 2373 1606 2446 plurimislibris
1626 2375 1775 2426 MSS.

755 2471 885 2510 certa
913 2458 995 2509 vel
1022 2478 1165 2508 curva
1186 2499 1201 2521 ,
1234 2454 1375 2507 unde
1408 2454 1640 2508 Achilles
1663 2456 1780 2508 Sta·

755 2539 859 2590 tius
892 2538 1123 2589 tentabat
1151 2555 1292 2597 cera,·
1322 2534 1409 2587 sed
1432 2537 1599 2586 charta
1623 2551 1697 2587 est
1727 2538 1781 2587 in

756 2618 962 2687 optimo
985 2615 1167 2668 codice
1186 2617 1314 2667 olim
1337 2616 1498 2669 Ducis
1518 2616 1577 2667 de
1597 2617 1646 2667 la
1663 2616 1786 2667 Vat-

758 2698 903 2759 liere,
939 2715 1080 2748 nunc
1121 2696 1383 2761 Santeuii,
1411 2708 1462 2747 et
1497 2696 1784 2748 coufirma-

759 2790 847 2829 tur
870 2776 1162 2828 imitatione
1193 2777 1422 2828 Martial.
1455 2776 1597 2840 XII,
1633 2783 1682 2839 4.
1705 2805 1786 2818 --

764 2857 950 2909 Charta
991 2856 1216 2929 loquatur
1251 2877 1371 2908 anus
1402 2876 1419 2905 .·
1453 2857 1585 2907 olim
1618 2874 1786 2927 quum

761 2936 939 2989 charta
969 2936 1127 2989 fuerit
1154 2950 1386 3001 vetusta,
1411 2936 1642 3005 intellige
1674 2954 1788 2987 car-

762 3017 904 3068 mina
936 3014 1004 3068 ad
1032 3017 1386 3087 posteritatem
1416 3013 1789 3086 propaganda;

761 3097 835 3149 sic
875 3116 995 3147 anus
1028 3097 1218 3167 passim
1251 3094 1506 3165 adjective
1545 3095 1789 3167 ponitur;

763 3177 1002 3246 exempla
1016 3174 1136 3227 vide
1150 3174 1294 3247 apud
1311 3175 1590 3245 Vulpium.
1609 3175 1693 3228 Cf.
1712 3194 1794 3226 su·

762 3276 858 3325 pra
878 3254 944 3307 ad
970 3256 1148 3308 Carm.
1171 3257 1269 3320 lx,
1289 3262 1339 3317 4.
1356 3256 1673 3326 Expressum
1688 3254 1792 3305 hoc

762 3353 871 3386 esse
900 3354 962 3386 ex
992 3335 1290 3405 Fragment.
1317 3336 1552 3405 AEschyl.
1579 3338 1640 3395 ὡς
1663 3336 1793 3404 λέγει

763 3418 897 3484 γέρον
914 3415 1126 3484 γράμμα
1142 3454 1158 3479 ,
1178 3414 1426 3468 indicavit
1448 3416 1794 3466 Valckenarius

764 3493 835 3547 ad
858 3494 1104 3565 Euripid.
1125 3496 1380 3548 Phoeniss.
1397 3516 1445 3547 v.
1474 3494 1573 3548 103
1590 3532 1605 3556 ‚
1625 3514 1678 3564 p.
1702 3495 1794 3548 38.

768 3573 1112 3626 —Santenius
1128 3577 1180 3626 in
1197 3576 1332 3628 hanc
1341 3594 1453 3627 rem
1469 3573 1650 3626 laudat
1674 3576 1798 3625 Tou·

761 3658 896 3724 pium
915 3653 983 3706 ad
1005 3655 1352 3707 Theocritum
1370 3693 1386 3718 ‚
1417 3668 1451 3707 t.
1481 3655 1562 3717 11,
1581 3674 1634 3724 p.
1665 3655 1798 3721 394.

851 3732 876 3753 '¹
895 3736 957 3785 In
979 3736 1239 3805 plerisque
1262 3733 1435 3786 Codd.
1460 3733 1691 3804 antiquis
1710 3735 1797 3785 hic

771 3828 846 3866 est
872 3814 1091 3880 lacuna,
1116 3833 1232 3886 quae
1262 3815 1316 3865 in
1341 3814 1564 3866 Datiano
1585 3827 1635 3865 et
1658 3828 1801 3866 octo-

779 3893 951 3947 decim
983 3895 1098 3946 aliis
1126 3892 1300 3948 codd.
1322 3893 1463 3964 apud
1493 3893 1799 3945 Santenium

776 3976 981 4045 expleta
998 3988 1071 4026 est
1090 3975 1184 4027 sic:
1208 3975 1442 4026 Omnibus
1464 3987 1510 4025 et
1529 3978 1678 4025 tris-iis
1692 3975 1800 4023 vul-

771 4068 918 4121 getur
953 4056 1132 4120 sabnlu
1173 4060 1352 4125 passim
1376 4076 1392 4107 :
1415 4057 1466 4107 in
1523 4068 1641 4106 octo
1687 4054 1800 4105 aliis

778 4133 949 4185 Codd.
988 4137 1287 4206 caeterisque
1321 4135 1642 4188 editionibus
1685 4153 1799 4185 om·

1859 1975 1991 2028 mihi
2026 1975 2196 2028 oratio
2232 1976 2500 2046 postulare
2538 1973 2748 2027 videtur
2788 1994 2876 2036 ne,-

1859 2057 1929 2108 cs.
1963 2054 2049 2108 ad.
2074 2075 2126 2109 v.
2151 2056 2243 2119 43.
2265 2079 2341 2088 -
2360 2056 2420 2107 In
2447 2055 2630 2107 deserto
2661 2053 2790 2106 Aula·
2819 2073 2877 2106 ex

1861 2138 2164 2206 conjectura
2177 2136 2402 2188 Marcilii
2413 2174 2429 2200 ,
2441 2155 2600 2206 quam
2615 2133 2882 2204 amplexus

1863 2230 1938 2268 est
1966 2214 2133 2287 Vulp.
2159 2248 2239 2258 —
2261 2216 2327 2267 In
2355 2215 2575 2268 nomine
2602 2214 2766 2268 Manli
2794 2214 2886 2265 mi·

1864 2315 1984 2349 rum
2029 2296 2085 2346 in
2128 2294 2353 2348 modum
2394 2294 2699 2368 discrepant
2732 2293 2881 2346 MSS.

1866 2410 1946 2419 -—-
1966 2375 2096 2428 vid.
2137 2375 2467 2428 Santenium.
2489 2410 2568 2419 —
2588 2368 2669 2426 Ne
2713 2385 2885 2425 teum

1870 2471 2029 2509 texens
2073 2456 2287 2509 sublimis
2334 2476 2515 2509 aranea
2532 2496 2550 2523 ‚
2596 2467 2700 2509 etc.
2754 2454 2886 2507 Nota

1873 2540 2045 2607 imago
2069 2535 2137 2590 de
2163 2538 2322 2589 rebus
2349 2536 2602 2607 neglectis
2623 2549 2679 2589 et
2705 2535 2764 2587 in
2797 2536 2886 2586 situ

1871 2632 1922 2671 et
1943 2617 2184 2688 squalore
2204 2618 2515 2690 jacentibus.
2550 2617 2638 2671 cf.
2674 2616 2886 2669 Brmk-

1873 2700 1979 2750 hus.
2026 2696 2095 2748 ad
2132 2698 2376 2769 Proper-t.
2411 2697 2529 2763 111,
2572 2703 2644 2764 4,
2691 2695 2802 2761 33,
2848 2707 2891 2745 et

1872 2796 2030 2849 supra
2064 2775 2132 2830 ad
2161 2777 2339 2831 Carm.
2373 2776 2539 2842 XIII,
2568 2779 2623 2832 8.
2650 2807 2735 2819 —-
2765 2776 2893 2829 An·

1876 2877 1963 2908 nea
1991 2858 2237 2919 sublimis,
2273 2857 2430 2909 telam
2466 2875 2614 2909 suam
2644 2856 2704 2909 in
2736 2854 2894 2909 subli-

1877 2938 2132 2989 mioribus
2157 2936 2288 2989 locis
2312 2935 2656 3008 suspendens.
2679 2965 2766 2976 —
2790 2936 2896 2987 Des.

1879 3021 1928 3068 in
1944 3018 2104 3069 Manli
2120 3037 2248 3070 nom.
2267 3019 2591 3089 opussaciatq
2602 3015 2900 3085 neglectum

1878 3097 2064 3149 Manlii
2093 3116 2319 3161 nomen,
2349 3097 2444 3149 ubi
2476 3094 2614 3150 illud
2646 3095 2902 3167 scriptum

1879 3191 1985 3241 est,
2019 3190 2223 3229 textura
2254 3174 2508 3230 obducat.

1965 3257 2057 3310 51.
2088 3258 2346 3309 Amatutia
2370 3256 2428 3309 in
2452 3254 2588 3308 Cod.
2615 3254 2909 3311 Saibnntis.

1883 3336 2208 3388 Vallieriano
2241 3349 2294 3389 et
2323 3334 2557 3390 secunda
2583 3336 2821 3388 Veneta.
2839 3366 2912 3377 --

1883 3418 2174 3469 Amatuntia
2220 3415 2277 3467 in
2326 3417 2502 3487 primo
2554 3413 2815 3468 Medieeo
2869 3425 2916 3464 et

1885 3494 2034 3549 editt.
2073 3495 2478 3566 antiquioribus.
2530 3494 2642 3548 sed
2685 3496 2918 3547 formam

1886 3577 2180 3629 Amathusia
2192 3576 2406 3646 praefert
2419 3576 2655 3628 Heinsius
2671 3578 2748 3628 ad
2758 3570 2918 3628 ovid.

1888 3660 2071 3709 Amor.
2095 3656 2204 3720 ΙΙΙ,
2243 3655 2343 3721 15,
2375 3655 2642 3709 15.—·-Et
2665 3655 2748 3708 sic
2779 3653 2922 3706 estin

1886 3737 2134 3789 omnibus
2182 3735 2292 3788 sere
2343 3733 2493 3789 editt.
2545 3733 2819 3789 santenii.
2853 3759 2927 3775 -

1888 3817 2089 3887 Duplex
2106 3817 2420 3871 Amathusia.
2436 3814 2812 3887 Multiplicem
2831 3809 2928 3863 du·

1887 3897 2198 3967 plexVenus
2214 3896 2280 3949 ab
2296 3896 2676 3968 interpretibus
2691 3891 2776 3947 ad
2788 3893 2930 3945 hune

1888 3976 2065 4028 locum
2107 3990 2321 4047 experta
2360 3990 2438 4027 est
2468 3973 2903 4047 explicationem
2921 4008 2936 4029 ,

1888 4076 2045 4128 quam
2069 4058 2138 4109 ita
2155 4077 2185 4109 a
2205 4055 2412 4109 Catullo
2436 4069 2680 4109 vocatam
2703 4064 2935 4123 putant.

1891 4137 1999 4199 vel,
2042 4135 2193 4206 quod
2221 4136 2285 4188 sit
2317 4135 2472 4188 fallax
2513 4149 2563 4188 et
2600 4132 2852 4195 dolosa,
2887 4142 2936 4179 m
