2986 4935
700 492 797 561 86

1220 493 1299 556 e.
1345 441 1781 557 vALERn
1842 493 2311 560 cummi

907 622 1076 690 Mihi
1119 622 1373 688 virente
1410 619 1620 689 dulcis
1660 645 1789 688 uva
1830 624 2185 715 pampin03

902 729 1206 821 Mihique
1244 726 1476 821 glauca
1520 727 1689 794 duro
1737 726 1911 795 oliva
1951 728 2214 821 frigore.

909 836 1081 903 Meis
1118 832 1369 927 capella
1407 833 1683 902 delicata
1731 834 1990 929 pascuis

913 945 993 1009 ln
1030 941 1259 1008 urbem
1307 940 1532 1009 adulta
1577 939 1745 1008 laete
1783 955 2007 1034 portat
2041 941 2285 1027 ubera,

916 1050 1217 1140 Meisque
1255 1048 1518 1141 pinguis
1553 1071 1765 1142 agnus
1807 1074 1887 1116 ex
1926 1045 2210 1115 ovilibus

917 1157 1209 1222 Gravem
1258 1154 1531 1221 domum
1573 1156 1847 1222 remittit
1889 1178 2018 1222 aere
2057 1154 2434 1238 dexteram;

910 1263 1289 1354 Tenerque,
1329 1275 1541 1327 matre
1588 1261 1957 1353 mugiente,
1988 1258 2265 1329 vaccula

918 1370 1140 1435 Deum
1186 1367 1531 1460 profundit
1575 1381 1728 1434 ante
1775 1366 2023 1461 templa
2064 1368 2475 1460 sanguinem.

703 1556 814 1602 tou,
831 1541 975 1613 quod
996 1541 1278 1594 adumbrat
1293 1528 1526 1594 colorem
1541 1579 1555 1604 ,
1573 1559 1733 1610 quem

707 1623 941 1674 referunt
959 1622 1128 1674 aristae
1145 1622 1267 1673 solis
1286 1620 1445 1674 radiis
1459 1639 1732 1691 percussae.

707 1733 787 1742 —-
808 1702 920 1754 Sole
933 1702 1127 1768 fervido
1143 1741 1158 1763 ,
1194 1714 1381 1753 aestate.

790 1785 844 1835 8.
869 1782 924 1830 V
920 1786 1067 1833 ire-nte
1091 1784 1320 1851 pampino
1338 1822 1352 1844 ,
1380 1792 1656 1833 autumno.

790 1880 840 1928 9.
885 1864 950 1913 In
988 1862 1106 1914 aliis
1136 1879 1148 1911 :
1195 1860 1364 1911 ·Mihi
1391 1860 1571 1930 glauca
1604 1858 1736 1910 dura

710 1955 859 1993 cocta
922 1942 1061 1994 oliva
1123 1940 1338 2010 frigore.
1373 1966 1392 1986 u
1470 1940 1530 1990 In
1596 1938 1738 1989 Aldi-

712 2021 829 2073 nis:
861 2022 1029 2073 -mihi
1054 2021 1236 2091 glauca
1261 2019 1398 2071 duro
1425 2032 1571 2070 cocta
1599 2019 1736 2069 oliva

709 2102 906 2169 frigore
926 2127 945 2145 n
972 2103 1062 2166 ;in
1095 2098 1411 2170 quibusdam
1440 2098 1736 2149 veteribus:

717 2209 739 2226 -ι
765 2181 900 2232 Mihi
929 2182 1109 2251 glauca
1133 2179 1270 2231 duro
1296 2180 1432 2230 oliva
1460 2178 1685 2247 frigore,
1711 2204 1732 2223 -

712 2262 951 2312 Fortasse
978 2274 1114 2313 cocta
1147 2260 1242 2311 fuit
1270 2260 1433 2329 giossa
1455 2265 1539 2310 τοῦ
1563 2258 1740 2326 glauca

711 2353 761 2392 et
781 2342 852 2392 sic
872 2341 924 2391 in
948 2354 1145 2393 textum
1163 2341 1383 2408 irrepsit.
1402 2339 1740 2406 Quamquam

715 2420 859 2472 enim
882 2421 1009 2471 oliva
1038 2422 1159 2472 duro
1173 2421 1365 2487 frigore
1386 2431 1518 2469 cocta
1547 2416 1614 2467 de
1639 2436 1744 2469 ma-

716 2501 926 2552 turitate
953 2539 969 2564 ,
1001 2520 1158 2571 quam
1200 2499 1375 2550 hieme
1424 2497 1744 2549 contrahunt

715 2579 896 2643 olivae,
925 2600 1032 2631 non
1066 2582 1240 2648 inepte
1273 2578 1523 2647 explicari
1556 2578 1745 2646 possit,

709 2671 923 2719 tamen,
953 2679 1117 2730 quum
1157 2660 1268 2710 haec
1304 2658 1411 2726 ipsa
1457 2658 1612 2708 lectio
1644 2677 1744 2725 pu-

718 2755 806 2788 ros
841 2738 1071 2803 iambos,
1112 2759 1141 2789 e
1174 2738 1367 2809 quibus
1397 2738 1500 2788 boc
1534 2755 1744 2789 carmen

719 2832 944 2882 constat,
968 2821 1167 2882 turbet,
1186 2837 1293 2869 non
1317 2815 1642 2867 admittenda
1667 2816 1745 2865 vi-

712 2896 913 2962 detur;
940 2900 1286 2951 nihilominus
1309 2897 1405 2966 legi
1433 2897 1581 2965 jubet
1612 2897 1746 2945 Vos-

723 2979 858 3028 sius:
893 3007 912 3024 ·-
927 2980 1060 3031 Mihi
1081 2980 1260 3049 glauca
1282 2974 1419 3028 duro
1443 2977 1581 3027 oliva
1603 2988 1746 3025 cocta

723 3058 936 3128 frigore.
951 3086 971 3104 u
990 3092 1069 3102 -
1088 3061 1225 3109 Due-0
1232 3060 1441 3124 frigore,
1460 3056 1650 3106 bieme.
1674 3089 1747 3095 -—

728 3138 873 3188 Oliva
884 3139 1064 3207 glauca
1076 3161 1093 3191 .·
1108 3140 1253 3191 color
1267 3137 1479 3206 glaucus
1493 3149 1567 3186 est
1584 3135 1749 3185 colori

724 3217 885 3270 viridi
908 3220 1083 3271 affinis
1109 3231 1157 3268 et
1181 3218 1360 3268 aibore
1384 3214 1614 3285 quodam
1639 3234 1753 3284 per-

728 3298 921 3348 mixtus
940 3292 1295 3368 (grundlich).
1319 3295 1463 3347 Idem
1482 3295 1751 3364 epitheton

724 3390 774 3427 et
794 3377 881 3428 atii
907 3392 1072 3445 poetas
1095 3376 1290 3429 addere
1318 3378 1483 3427 solent
1507 3375 1678 3435 olivis,
1695 3387 1749 3423 ut

730 3455 918 3508 Claud.
948 3458 1000 3508 in
1026 3459 1246 3527 Eutrop.
1275 3460 1351 3518 11,
1385 3474 1484 3522 ²7¹
1512 3492 1527 3519 ,
1552 3467 1601 3504 et
1625 3453 1749 3504 Stat.

729 3536 990 3588 Thebaid.
1031 3541 1116 3601 11,
1152 3558 1243 3605 99.
1280 3538 1541 3588 Caeteruin
1572 3533 1753 3583 confer

728 3616 954 3668 Carmen
996 3619 1301 3677 LXXXIV,
1338 3617 1389 3665 in
1438 3615 1562 3664 Lus.
1609 3611 1752 3680 apud

729 3697 913 3748 Burni.
947 3696 1178 3749 Secund.
1204 3697 1257 3747 in
1283 3694 1499 3746 Anthol.
1534 3714 1587 3763 p.
1620 3696 1752 3759 567,

727 3777 820 3827 ubi
842 3780 955 3847 pari
977 3777 1139 3828 modo
1161 3777 1379 3836 Priapus
1392 3786 1620 3825 recenset
1643 3791 1756 3822 inu-

728 3858 941 3908 nuscula
969 3856 1184 3927 singulis
1207 3856 1331 3907 anni
1356 3853 1755 3922 tempestatibus

731 3936 829 3988 sibi
847 3938 1038 3989 oblata.

812 4037 989 4069 10—-1
1010 4035 1028 4067 1
1045 4056 1056 4067 .
1081 4017 1279 4066 Versus
1303 4013 1617 4065 ornatissimi
1656 4033 1752 4083 pro

683 4122 686 4131 ,
731 4097 935 4166 vulgari
965 4114 977 4148 :
1004 4096 1203 4166 capella
1224 4094 1407 4145 lasciva
1439 4094 1492 4143 in
1524 4095 1754 4162 pascuis,

728 4178 924 4246 quibus
952 4194 1173 4245 praesum
1193 4213 1208 4240 ,
1233 4174 1408 4226 adulta
1438 4171 1560 4224 inde
1584 4173 1637 4225 in
1666 4193 1753 4224 ur·

1821 1543 1943 1593 bem
1967 1540 2196 1594 ducitur.
2217 1574 2296 1584 —
2310 1542 2501 1595 Adutea
2525 1543 2650 1594 lacte
2672 1546 2816 1596 ubera
2835 1588 2849 1606 ‚

1821 1620 2041 1673 distenta
2059 1662 2074 1689 ,
2100 1621 2305 1679 tumida
2339 1635 2392 1674 et
2416 1623 2572 1692 plena
2599 1623 2750 1678 lacte.
2775 1657 2855 1667 —-

1823 1702 2056 1753 Confusa
2083 1702 2334 1753 orationis
2358 1714 2618 1754 structura
2635 1741 2650 1768 ,
2673 1704 2714 1755 si
2742 1710 2855 1756 meis

1816 1784 2008 1849 pascuis
2047 1782 2241 1832 referas
2288 1780 2353 1832 ad
2390 1782 2576 1835 adulta.
2611 1783 2857 1836 Statuen·

1823 1859 1954 1912 dum
1989 1877 2002 1911 :
2038 1860 2268 1912 Deiicata
2316 1862 2518 1932 capeila
2572 1876 2747 1932 portat
2795 1883 2855 1916 ex

1825 1941 1954 1991 meis
1982 1940 2184 2010 pascuis
2205 1980 2218 2005 ,
2243 1954 2339 1992 etc.

1916 2020 2003 2071 13.
2058 2020 2212 2073 Grau.
2258 2021 2383 2073 dom.
2423 2041 2536 2073 rem.
2587 2042 2683 2073 cere
2723 2023 2855 2074 dett.

1826 2112 2007 2168 aperta
2041 2114 2115 2151 est
2157 2099 2377 2152 imitatio
2416 2101 2634 2171 Vix-giiii
2672 2103 2854 2173 Eclog.

1828 2181 1877 2239 Ι,
1927 2182 2036 2232 36:
2067 2182 2229 2231 «Non
2276 2200 2509 2249 unquam
2547 2182 2721 2249 gravis
2758 2202 2860 2234 aere

1828 2259 2051 2310 domum
2087 2260 2215 2310 mihi
2250 2257 2432 2310 dextra
2462 2259 2688 2313 redibat.
2719 2289 2740 2307 ι
2781 2263 2857 2312 Ex

1830 2336 2015 2389 eodem
2055 2339 2198 2390 fonte
2235 2339 2404 2390 hausit
2441 2353 2626 2392 auctor
2664 2341 2857 2393 Mureti

1830 2437 1965 2470 vers,
1998 2421 2093 2472 81.
2121 2420 2277 2471 Plura
2307 2420 2546 2489 exempla
2574 2419 2684 2474 vid.
2712 2420 2858 2493 apud

1832 2501 2013 2551 Burm.
2039 2501 2092 2551 in
2115 2499 2327 2551 Anthol.
2352 2498 2419 2549 ad
2443 2500 2496 2550 h.
2520 2501 2555 2551 1.

1919 2585 2002 2639 14.
2035 2580 2094 2630 In
2127 2579 2242 2630 aliis
2266 2592 2549 2649 teneraque,
2575 2580 2722 2650 quod
2754 2602 2859 2633 ser-

1832 2659 1976 2709 vavit
1998 2659 2228 2709 Vossius.
2256 2658 2359 2710 Sed
2385 2660 2653 2723 Muretus,
2675 2674 2732 2712 ut
2760 2681 2865 2712 me-

1833 2738 1899 2788 tri
1938 2738 2229 2789 rationibus
2272 2740 2592 2795 consuleret,
2625 2738 2774 2791 dedit
2814 2755 2864 2791 et

1833 2818 2180 2887 propugnavit
2218 2832 2444 2871 nostram
2476 2820 2754 2871 lectIOnem
2794 2834 2862 2870 te-

1835 2976 2127 3029 admodum
2159 2976 2352 3028 durum
2373 3018 2387 3042 ,
2423 2998 2519 3031 nec
2557 2981 2861 3031 confirmari

1837 3077 1985 3127 posse
2005 3055 2213 3107 videtur
2241 3059 2493 3127 exemplis
2514 3059 2567 3109 in
2591 3058 2731 3111 hanc
2752 3078 2862 3111 rem

1835 3139 1901 3188 ab
1917 3137 2399 3198 ilioallatis;carent
2415 3138 2555 3188 enim
2577 3138 2667 3188 ina
2693 3141 2869 3192 termi-

1837 3217 2048 3267 natione
2078 3216 2359 3266 foetniniui.
2387 3219 2463 3267 De
2481 3237 2668 3287 pauper
2688 3231 2864 3269 autem

1838 3294 1980 3366 quod
2001 3294 2178 3357 addit,
2202 3315 2305 3346 non
2330 3298 2551 3347 multum
2580 3317 2703 3348 eum
2723 3299 2871 3366 juvat

1841 3376 1985 3426 loeus
2006 3376 2236 3426 Terentii
2260 3377 2361 3440 lv,
2395 3380 2425 3427 6
2449 3416 2463 3440 ,
2497 3377 2527 3428 3
2549 3417 2563 3438 ‚
2590 3377 2681 3428 ubi
2712 3378 2868 3429 lectio

1834 3476 2047 3523 pauper-a
2068 3457 2117 3505 in
2135 3453 2564 3525 disceptationem
2583 3455 2762 3507 adhuc
2783 3477 2870 3507 vo·

1841 3549 2003 3586 catur.
2037 3536 2205 3604 Magis
2238 3537 2397 3604 igitur
2434 3534 2632 3587 arridet
2664 3536 2873 3605 elegans

1840 3618 2137 3684 conjectura
2173 3615 2447 3675 Dorvillii,
2481 3633 2641 3685 quam
2666 3617 2871 3687 profert

1842 3696 2024 3746 Burin.
2049 3694 2164 3746 Sec.
2192 3695 2245 3744 in
2273 3695 2433 3747 Anth.
2456 3696 2675 3759 Tenella,
2698 3709 2867 3746 matre.

1929 3794 1950 3826 1
1967 3775 2016 3827 5.
2064 3775 2331 3841 profundit
2358 3780 2667 3842 sanguinem,
2696 3774 2837 3827 cadit
2858 3817 2874 3837 ‚

1844 3868 2098 3906 mactatur
2136 3854 2341 3917 hostia,
2381 3853 2565 3906 eadem
2615 3855 2873 3925 elegantia

1841 3932 2071 3998 dictum,
2100 3953 2205 4005 qua
2237 3933 2290 3985 in
2321 3935 2498 3986 Carm.
2537 3954 2653 4006 sup.
2686 3954 2739 3986 v.
2773 3936 2839 3987 15
2859 3975 2878 3999 ,

1843 4034 1976 4063 aram
2026 4015 2147 4065 linit.
2176 4046 2255 4053 —
2286 4040 2307 4059 ι
2340 4014 2488 4065 Illius
2530 4033 2677 4066 aram
2724 4014 2875 4084 Saepe

1842 4107 1988 4145 tener
2040 4092 2230 4145 nostris
2276 4095 2344 4145 ab
2388 4092 2620 4145 ovilibus
2671 4094 2877 4147 imbuet

1840 4193 2018 4243 agnus.
2049 4200 2070 4220 ιι
2106 4173 2255 4242 Virg.
2282 4173 2411 4226 Buc.
2443 4173 2496 4237 I,
2518 4175 2569 4226 8.
