2986 4935
711 464 862 553 446
1001 463 1342 532 INDEX
1397 460 2036 531 EDITIONUM
2090 462 2557 534 cA‘ruLLl

704 600 895 668 valde
948 598 1326 689 infrequens
1374 609 1473 661 est
1519 593 1663 663 haec
1719 593 1939 662 editio·
1983 592 2290 663 Aldinam
2338 597 2404 662 Π
2442 611 2719 667 secutus
2760 615 2840 669 ost

703 708 985 791 Statius,
1022 703 1355 770 Muretina
1388 701 1800 769 correctione
1841 700 2255 795 posthabita,
2290 702 2703 797 scriptorum
2740 730 2841 774 au·

703 829 836 882 tem
894 812 1212 880 librorum
1264 809 1580 875 varietate
1631 807 1931 901 adposita
1982 822 2048 875 et
2102 808 2362 877 erudita
2417 810 2839 881 adnotatione

702 943 1009 1014 magnam
1048 915 1306 984 laudem
1348 913 1605 981 meruit.
1645 916 1943 982 Recusus
1975 928 2076 983 est
2112 913 2254 1006 ejus
2284 917 2556 984 Comm.
2598 918 2673 985 in
2701 919 2838 987 edit.

701 1025 962 1095 Morell.
1025 1022 1234 1106 1604.
1961 1022 1968 1027 ’

820 1130 1036 1225 1569.
1077 1134 1307 1221 Repet.
1349 1127 1449 1197 ed.
1492 1124 1683 1194 Basil.
1733 1124 1961 1213 1530,
1996 1130 2062 1197 8.
2096 1167 2202 1179 —-
2227 1127 2354 1196 Sed
2392 1130 2838 1214 vitiosissima,

700 1266 851 1309 cum
889 1243 1119 1306 Horat.
1168 1234 1612 1317 Tuscanella,
1658 1233 1769 1327 qui
1807 1258 1953 1301 eam
1988 1225 2281 1316 curabit,
2313 1236 2585 1330 ineptus
2622 1238 2835 1323 homo,

698 1348 783 1416 ad
812 1345 1172 1413 rhetorices
1204 1357 1530 1436 praecepta
1565 1354 1793 1432 poetas
1830 1340 1952 1409 hos
1989 1342 2238 1433 exegit,
2268 1356 2334 1409 et
2364 1341 2590 1412 indice
2630 1348 2836 1441 singu·

699 1454 911 1523 lorum
952 1450 1309 1517 verborum
1349 1448 1431 1515 ad
1460 1446 1789 1538 Erythraei
1818 1446 2189 1542 exemplum
2225 1448 2289 1514 in
2320 1448 2611 1543 Virgilio
2650 1453 2830 1521 stulte

693 1560 1018 1629 instruxit.
1386 1636 1391 1646 ‚

689 1679 695 1685 '
814 1662 1028 1758 1569.
1069 1664 1213 1731 Cat.
1241 1660 1384 1728 Tib.
1426 1662 1623 1753 Prop.
1664 1661 2076 1753 Antverpiae,
2114 1685 2194 1727 ex
2224 1659 2399 1729 offic.
2443 1662 2827 1759 Christopb.

694 1775 928 1843 Flam.
979 1794 1000 1837 1
1024 1795 1087 1837 α.
1118 1810 1221 1818 -—
1249 1770 1399 1834 Non
1430 1792 1510 1833 ex
1545 1764 1774 1834 infimo
1807 1792 2008 1835 censu
2043 1768 2185 1835 haec
2225 1782 2324 1835 est
2358 1766 2599 1853 edific,
2633 1772 2830 1840 immo

688 1905 847 1948 vero
875 1880 1047 1945 inter
1076 1874 1559 1970 praestantiores
1599 1874 2016 1967 superiorum
2054 1888 2428 1968 temporum
2461 1875 2826 1946 referenda.

689 1993 745 2058 E
767 1984 1040 2055 Canteri
1065 1983 1443 2049 recensione
1474 2004 1618 2048 eam
1649 2004 1789 2047 esse
1816 1980 2181 2074 profectam
2212 1996 2437 2049 narrat
2457 1984 2511 2048 F
2512 1982 2827 2067 abricim,

690 2093 868 2190 quod
901 2115 1130 2159 verum
1166 2114 1298 2155 non
1338 2100 1470 2171 est3
1513 2111 1663 2154 nam
1708 2088 1906 2181 Prop.
1947 2102 2203 2155 tantum
2240 2090 2525 2157 Cancert‘
2563 2090 2826 2160 scholiis

688 2218 788 2272 est
820 2199 1193 2268 illustratus.
1228 2198 1314 2262 At
1343 2196 1487 2261 Cat.
1526 2207 1594 2259 et
1622 2192 1762 2259 Tib.
1796 2218 1833 2261 a
1858 2196 2128 2262 Victore
2164 2195 2454 2263 Gesssselio
2481 2209 2551 2263 et
2576 2197 2822 2267 Theod.

688 2311 1074 2379 Pulmcmno
1109 2303 1285 2368 varia
1332 2298 1611 2367 lectione
1658 2301 1957 2368 instructi
1999 2315 2190 2383 sunt,
2226 2325 2372 2395 quae
2406 2302 2821 2396 potissimum

686 2442 721 2484 c
755 2413 963 2485 Statio
993 2409 1325 2501 descripta
1351 2421 1477 2492 est,
1509 2431 1588 2474 ex
1617 2431 1749 2500 quo
1777 2408 1970 2475 etiam
1994 2459 2010 2484 ‚
2039 2406 2334 2502 adeoque
2358 2433 2437 2477 ex
2459 2407 2707 2480 Aldina
2736 2414 2823 2495 ΙΙ,

685 2547 882 2617 quam
910 2517 1216 2585 Statianae
1244 2513 1538 2582 lectionis
1570 2512 1844 2581 fundum
1877 2539 2019 2582 esse
2039 2515 2436 2608 ignorabant
2463 2518 2594 2583 viri
2613 2517 2820 2598 docti,

683 2653 853 2722 saepe.
908 2635 1373 2704 correxerunt,
1437 2618 1665 2687 saltem
1719 2634 2062 2689 mutarunt
2128 2619 2478 2690 lectionem
2531 2624 2820 2705 Mureti,

680 2760 877 2830 quam
935 2733 1001 2799 in
1055 2729 1306 2797 caeteris
1354 2740 1738 2819 sequuntur.
1796 2728 2102 2820 Subjecta
2136 2726 2399 2796 Tibullo
2444 2744 2604 2798 sunt
2652 2729 2819 2800 Galli

681 2844 984 2936 fragmm.
1024 2860 1173 2903 cum
1222 2833 1402 2926 praef.
1440 2832 1810 2901 Pulmanni.

799 2944 1011 3038 1569.
1071 2945 1213 3010 Cat.
1252 2940 1395 3006 Tib.
1447 2941 1641 3034 Prop.
1689 2954 1752 3006 et
1798 2942 1997 3006 Corn.
2053 2938 2228 3008 Galli
2274 2967 2428 3036 opp.
2485 2967 2546 3010 c.
2608 2943 2815 3011 indice

678 3056 932 3124 Horatii
967 3045 1405 3134 Tuscanellae,
1453 3046 1641 3114 Basil.
1681 3071 1758 3111 ex
1801 3045 1977 3113 offic.
2022 3049 2612 3141 Henricopetrina‚
2649 3074 2812 3117 anno

677 3162 916 3230 Salutis
964 3157 1368 3238 MDLXIX,
1416 3178 1638 3221 mense
1674 3153 1957 3237 Martio,
2005 3153 2070 3221 8.

798 3267 1008 3361 1571.
1054 3261 1511 3356 Gryplz.V11‚
1559 3261 1601 3328 8

794 3370 1005 3467 1573.
1049 3368 1303 3462 GJJsz.
1329 3368 1527 3450 VIII,
1584 3390 1691 3434 12.

1083 3581 1355 3646 AETAS
1409 3580 1542 3645 IV.
1603 3579 2392 3648 SCALIGERIANA.

789 3800 999 3893 ¹577·
1043 3796 1187 3860 Cat.
1208 3790 1350 3857 Tib.
1390 3792 1586 3881 Prop.
1621 3814 1701 3856 ex
1736 3790 2114 3857 recensione
2147 3791 2508 3885 Scaligeti.
2540 3793 2806 3862 Accedit

666 3907 957 4006 ejusdem
990 3898 1492 3993 castigationum
1536 3894 1717 3962 liber.
1753 3897 2063 3980 Lutetiae‚
2096 3919 2200 3990 ap.
2232 3897 2438 3964 Mam.
2475 3901 2801 3982 Patisson‚

670 4026 738 4091 8,
780 4057 879 4064 --
910 4014 1265 4105 Spreverat
1307 4000 1448 4087 ille,
1495 4003 1741 4070 Mureti
1784 4001 2266 4070 obtrectatione
2308 4003 2641 4074 abductus
2666 4060 2686 4091 ,
2725 4005 2803 4073 le·

658 4128 942 4195 ctionem
974 4116 1056 4183 ab
1085 4114 1215 4181 hoc
1243 4109 1697 4191 emendatam,
1737 4123 1802 4175 et
1849 4133 1975 4175 una
2021 4134 2173 4177 cum
2221 4106 2326 4176 illa
2361 4108 2674 4180 Aldinam
2705 4112 2799 4190 11,
