2986 4935
785 425 1222 493 CARMEN
1276 427 1666 494 XXXIII.

2152 431 2292 502 113

660 661 1222 750 CARMEN
1302 663 1806 749 XXXIII.

928 895 1011 940 IN
1069 895 1533 942 VIBENNIOS.

479 1086 545 1150 O
593 1107 845 1153 runnu
880 1085 1131 1178 optime
1166 1083 1652 1155 balneariorum
1674 1141 1692 1172 ‚

483 1189 771 1257 Vibenni
805 1205 1023 1284 pater,
1057 1206 1122 1259 et
1155 1191 1405 1261 cinaede
1441 1190 1567 1276 fili;

480 1294 653 1362 Nam
693 1295 923 1364 dextra
960 1312 1151 1391 pater
1183 1298 1624 1391 inquinatiore
1642 1352 1659 1385 ,

479 1400 651 1470 Culo
691 1400 864 1470 filius
907 1415 1006 1471 est
1041 1404 1421 1490 voraciore3

477 1510 622 1577 Cur
660 1533 797 1576 non
833 1507 1131 1577 exsilium
1172 1509 1507 1604 malasque
1545 1512 1611 1578 in
1649 1537 1803 1580 oras
2273 1551 2295 1586 s

479 1612 642 1682 Itis?
670 1613 1207 1709 quandoquidem
1250 1618 1453 1711 patris
1490 1619 1739 1711 rapinae

479 1722 673 1791 Notae
708 1735 863 1789 sunt
896 1720 1182 1816 populo,
1219 1737 1282 1791 et
1325 1737 1510 1791 nates
1552 1723 1824 1818 pilosae,

477 1825 634 1912 Fili,
666 1853 799 1896 non
837 1842 1024 1922 potes
1055 1853 1198 1897 asse
1233 1830 1590 1898 venditare.

241 2040 376 2091 Ano.
389 2037 687 2091 petulanter
703 2038 909 2110 stringit
926 2039 1183 2093 calamum

179 2117 228 2169 in
263 2116 585 2181 Vibennios‚
627 2130 831 2189 patrem
878 2131 929 2171 et
969 2118 1141 2171 filium
1168 2160 1182 2185 ,

176 2215 391 2268 quorum
433 2197 565 2250 alter
603 2197 776 2263 surm,
809 2198 939 2250 alter
971 2197 1185 2270 impuro

178 2295 344 2329 amore
357 2275 652 2330 innotuerat
665 2314 681 2340 ‚
699 2296 895 2349 eosque
915 2279 969 2330 in
994 2278 1184 2330 malam

179 2373 281 2408 rem
305 2356 450 2408 abire
475 2357 643 2426 jubet.

256 2453 300 2488 1.
333 2436 542 2507 Optime.
582 2436 851 2489 Nimirum
899 2437 951 2490 in
995 2456 1184 2509 genere

175 2532 262 2568 tuo
284 2530 332 2568 et
351 2529 462 2569 arte
482 2529 593 2570 erat
618 2518 875 2586 optimus,
899 2517 954 2570 h.
978 2537 1023 2571 e.
1047 2518 1187 2569 calli·

174 2592 406 2648 discimus
433 2608 486 2649 et
525 2595 652 2648 artis
688 2594 901 2648 furandi
933 2597 1183 2668 peritissi-

178 2691 297 2726 mus.
319 2674 401 2728 Sic
428 2675 578 2728 bouus
608 2693 743 2746 saepe
770 2676 825 2727 in
852 2677 1042 2729 malam
1069 2696 1188 2748 par-

173 2764 271 2806 tem
292 2769 575 2826 usurpatur
596 2755 745 2826 apud
765 2755 1011 2810 Comicus
1027 2796 1041 2821 ‚
1074 2754 1184 2811 vid.

178 2830 564 2888 Drakenborch.
588 2832 657 2887 ad
685 2835 778 2888 Sil.
807 2835 1033 2900 Ital.11,
1057 2841 1181 2897 240.

177 2913 322 2965 —De
333 2914 528 2982 furibus
550 2915 806 2967 balneariis
826 2907 1185 2983 (βαλανειωιλέ-

178 2991 373 3058 παις),
399 2994 492 3066 qui
528 2993 850 3046 vestimentis
885 2995 938 3046 in
987 2996 1185 3048 balneis

176 3068 444 3127 lavantium
510 3071 895 3126 insidiabantur
919 3109 937 3136 ‚
992 3087 1185 3145 proter

178 3148 423 3221 vulpium
460 3152 677 3206 consule
745 3154 1061 3224 Interpretes
1116 3154 1183 3207 ad

178 3227 371 3285 petron.
400 3250 519 3303 cap.
551 3229 642 3296 30,
666 3246 719 3286 et
748 3234 980 3303 quesibi
1009 3232 1187 3287 laudat

178 3305 509 3365 Burmannus.

1357 2039 1409 2092 3.
1452 2042 1778 2112 Inquinatiore
1815 2041 1871 2092 b.
1914 2062 1960 2094 e.
2006 2044 2266 2098 furaciore
2284 2085 2300 2109 ‚

1273 2119 1450 2174 multis
1470 2119 1620 2173 furtis
1635 2121 1837 2191 polluta
1855 2134 1906 2172 et
1919 2125 2268 2177 contaminata
2283 2147 2298 2190 3

1271 2198 1580 2269 inquinatur
1608 2199 1748 2252 enim
1786 2200 1933 2270 quasi
1967 2219 2150 2254 manus
2193 2203 2297 2256 illi-

1271 2279 1379 2330 cito
1403 2297 1582 2331 rerum
1613 2279 1905 2331 alienarum
1938 2293 2106 2341 tactu,
2135 2296 2184 2335 et
2211 2303 2297 2335 ra·

1272 2358 1390 2428 paci
1421 2359 1673 2429 unguium
1711 2358 2002 2411 tenacitate.
2033 2359 2295 2415 Caeterum

1270 2453 1321 2491 et
1343 2439 1526 2491 dextrae
1538 2440 1645 2509 jam
1674 2436 1925 2491 tribuitur
1942 2437 2153 2493 furandi
2182 2442 2295 2513 agi-

1269 2517 1409 2585 litas,
1438 2537 1543 2589 qua
1563 2518 1690 2571 alias
1715 2521 1908 2570 sinisera
1932 2532 2131 2572 tantum
2161 2520 2295 2574 infa-

1272 2597 1370 2649 mis
1396 2609 1520 2649 erat.
1549 2599 1632 2650 Cf.
1666 2617 1810 2669 supr.
1844 2596 1911 2650 ad
1946 2601 2124 2651 Carm.
2153 2602 2262 2654 ΧΠ
2281 2642 2295 2665 ,

1277 2694 1320 2729 1.
1342 2710 1423 2719 —-
1454 2676 1761 2730 Uncinatiore
1790 2677 2030 2748 Guyetus
2065 2697 2127 2731 ex
2167 2701 2293 2734 con·

1265 2758 1482 2827 jectum.

1353 2836 1404 2890 5.
1431 2835 1683 2909 Melasque
1706 2840 1756 2888 in
1775 2855 1884 2887 oras
1907 2877 1918 2896 ,
1940 2836 2053 2889 looa
2079 2837 2292 2903 inculta,

1271 2927 1506 2980 remota,
1543 2929 1596 2969 et
1632 2913 1984 2968 abominanda
2006 2953 2021 2980 ,
2051 2937 2158 2969 non
2197 2919 2293 2970 nisi

1263 2988 1423 3048 'malis
1451 2995 1759 3048 hominibus
1798 2990 2051 3046 scelerum
2080 2997 2296 3066 expian-

1269 3072 1465 3127 dorum
1492 3094 1644 3127 causa
1677 3071 1936 3127 adeunda.
1961 3074 2047 3128 Cf.
2078 3075 2291 3129 Terent.

1273 3153 1488 3207 Phorm.
1512 3154 1583 3219 V,
1611 3173 1642 3223 9
1662 3195 1676 3219 ,
1710 3156 1781 3207 86
1797 3193 1812 3218 ,
1836 3150 1961 3207 edit.
1980 3154 2194 3226 Bipont.

1323 3298 1326 3303 μ
1355 3235 1597 3287 &Unius
1619 3235 1745 3287 assis
1771 3234 2027 3287 aestimare
2052 3235 2116 3289 C.
2138 3236 2207 3297 V,
2235 3238 2289 3302 3,

1275 3333 1378 3365 non
1400 3314 1700 3366 uniusrassis
1722 3315 1891 3367 facere
1913 3313 1973 3365 C.
1991 3314 2144 3366 XLII
2160 3354 2176 3379 ,
2204 3335 2220 3368 ι
2240 3336 2290 3368 2.
