2986 4935
626 459 901 523 ΕΒΗ).
963 455 1243 522 GUIL.
1304 458 1929 526 DOERINGII.
2296 458 2332 526 :3

183 619 435 685 tissimo
494 618 723 683 animo
793 613 1053 708 publice
1117 614 1434 708 profiteor
1464 668 1482 700 ,
1539 640 1644 682 me
1706 639 1789 681 ne
1845 614 2017 682 hanc
2071 615 2336 708 quidem

185 748 726 842 qualemcunque
759 746 1023 816 Catullo
1054 771 1297 816 navare
1334 750 1622 842 potuisse
1662 772 1968 841 operam,
2004 749 2126 816 nisi
2164 774 2338 843 prae-

192 894 382 975 cepta
427 880 517 947 ab
564 883 837 973 Heym'o
883 883 948 948 in
972 879 1233 949 Tibullo
1264 895 1330 949 et
1362 883 1689 976 praecipue
1709 879 1992 975 Virgilio
2030 880 2110 952 ad
2145 907 2342 950 omne

198 1028 540 1106 poetarum
596 1013 885 1081 studium
942 1016 1281 1108 proposita
1336 1029 1591 1082 mature
1646 1013 2040 1083 imbibissem
2075 1068 2093 1100 ‚
2140 1029 2206 1083 et
2258 1016 2343 1083 ad

198 1148 332 1238 ejus
376 1171 687 1215 normam
738 1148 1013 1215 virtutes
1067 1149 1356 1240 poeticas
1405 1161 1470 1214 et
1510 1147 1828 1215 dictiones
1872 1149 2131 1240 exigere
2175 1147 2338 1215 didi-

201 1281 450 1349 cissem.
492 1283 599 1348 Ne
624 1280 783 1374 quid
813 1282 1271 1349 ostentationis
1309 1304 1503 1349 causa
1543 1280 1824 1348 facerem
1849 1334 1867 1365 ‚
1898 1294 1963 1347 et
1998 1280 2340 1349 ambitiose

199 1412 280 1479 ad
311 1436 553 1479 vanam
589 1411 905 1481 doctrinae
934 1410 1275 1505 gloriolam
1306 1411 1764 1505 aucupandam
1798 1412 2087 1505 undique
2118 1417 2338 1481 omnia

199 1544 658 1628 corraderem,
714 1569 848 1612 non
893 1543 1104 1613 solum
1148 1544 1495 1638 diligenter
1538 1544 1697 1612 mihi
1737 1547 1932 1629 cavi,
1982 1545 2093 1613 sed
2139 1550 2339 1615 etiam

200 1676 552 1770 plurimam
600 1693 854 1771 partem
907 1703 1179 1761 eorum,
1238 1703 1382 1771 quae
1430 1676 1584 1744 olim
1631 1701 1870 1770 magno
1921 1703 2072 1746 cum
2121 1679 2335 1748 studio

198 1835 275 1877 ex
329 1812 820 1879 commentariis
885 1810 1161 1878 aliorum
1220 1809 1302 1876 ad
1359 1807 1693 1877 Catullum
1762 1813 2286 1904 constipaveram
2321 1866 2337 1896 ,

195 1967 399 2035 quum
430 1966 670 2037 parum
701 1943 994 2011 utilitatis
1029 1943 1181 2010 inde
1213 1943 1295 2010 ad
1327 1958 1535 2037 poetae
1572 1942 2071 2037 explicationem
2105 1943 2340 2011 redun-

195 2075 351 2144 dare
382 2074 756 2162 videretur,
799 2080 1050 2145 resecui
1088 2076 1191 2143 vel
1231 2075 1422 2169 plane
1460 2074 1695 2143 delevi.
1742 2078 1939 2164 Quod
1987 2092 2205 2144 autem
2253 2079 2336 2144 ad

195 2206 666 2276 instituendam
709 2233 861 2276 cum
902 2210 1150 2277 Graecis
1173 2263 1190 2289 ,
1225 2234 1260 2276 c
1294 2208 1530 2300 quibus
1563 2222 1738 2275 totus
1777 2207 2018 2276 Noster
2055 2208 2333 2302 pendet,

193 2343 761 2435 comparationem
808 2355 1097 2435 spectat,
1139 2342 1392 2407 animus
1439 2355 1572 2423 est,
1619 2343 1668 2407 si
1717 2343 1897 2407 Deus
1940 2343 2140 2407 vitam
2178 2365 2335 2408 con·

192 2476 499 2561 cesserit,
542 2473 671 2542 alio
709 2490 1007 2569 tempore
1048 2474 1129 2541 ad
1172 2474 1544 2567 exemplum
1585 2474 1808 2558 studii,
1854 2475 2028 2567 quod
2059 2475 2333 2569 Virgilio

190 2633 345 2676 cum
378 2609 634 2677 Graecis
670 2621 1057 2702 comparato
1096 2607 1250 2676 olim
1295 2609 1614 2701 impendit
1663 2610 1969 2691 Ursinus,
2012 2611 2076 2674 in
2117 2606 2334 2675 libello

190 2742 508 2834 peculiari
553 2742 917 2810 institutam
975 2739 1218 2810 Catulli
1271 2765 1419 2808 cum
1468 2744 1716 2808 Graecis
1774 2743 2330 2835 comparationem

189 2899 592 2969 proponere.

290 3010 721 3075 Institueram
753 3007 1016 3099 quidem
1048 3008 1331 3099 primum
1369 3008 1652 3073 rationes
1685 3030 1861 3072 meas
1894 3007 1979 3071 ita
2005 3058 2018 3080 ,
2063 3019 2134 3071 ut
2164 3029 2333 3070 unus

190 3156 413 3209 tomus
458 3141 682 3208 omnia
718 3137 960 3207 Catulli
1003 3141 1294 3208 carmina
1330 3138 1927 3231 complecteretur3
1972 3137 2084 3204 sed
2130 3162 2332 3230 quum

187 3273 277 3339 ob
314 3273 511 3341 nimis
558 3271 787 3364 longas
835 3285 1108 3365 propter
1157 3286 1580 3339 externarum
1632 3294 1850 3338 rerum
1892 3269 2334 3337 conditionem

183 3407 354 3474 mihi
385 3404 719 3475 faciendas
751 3429 971 3474 moras
992 3405 1142 3496 jure
1180 3430 1297 3472 suo
1333 3406 1551 3496 operis
1590 3404 1784 3471 finem
1819 3418 2080 3496 urgeret
2113 3404 2338 3470 huma-

182 3540 502 3633 nissimus
534 3536 682 3606 libri
707 3538 1111 3632 redemptor,
1140 3539 1557 3620 Hilscherus;
1596 3535 1780 3604 facile
1802 3536 2124 3604 adductus
2156 3562 2342 3622 sum,

180 3687 255 3740 ut
313 3670 569 3741 Catulli
626 3672 954 3754 carmina,
1001 3696 1239 3765 genere
1283 3669 1572 3762 elegiaco
1620 3671 1905 3760 scripta,
1959 3668 2041 3735 ad
2088 3683 2343 3736 tomum

178 3808 558 3879 secundum
590 3828 1026 3890 reservarem3
1051 3829 1245 3897 quem
1265 3857 1282 3888 ,
1308 3805 1357 3871 si
1391 3801 1473 3870 ad
1506 3804 1745 3885 otium,
1774 3827 1906 3894 quo
1931 3827 2106 3868 nuuc
2129 3801 2348 3870 fruor,

178 3946 465 4039 pristina
510 3943 759 4030 animi,
799 3940 1088 4036 graviter
1116 3994 1133 4024 ,
1180 3940 1336 4007 dum
1376 3939 1515 4008 liaec
1563 3936 1972 4020 scribebam,
2017 3936 2188 4003 unici
2233 3934 2347 4003 filii

182 4094 406 4148 morte
480 4076 893 4170 perturbati,
963 4072 1395 4168 tranquillitas
1450 4088 1515 4141 et
1573 4074 1888 4141 serenitas
1943 4070 2290 4137 accesserit
2326 4123 2342 4146 ,

1955 4218 1966 4248 i

1896 4256 1912 4297 1
