2986 4935
893 437 1338 507 CARMEN
1397 443 1520 508 LI.

2126 443 2253 515 151

816 595 1351 759 CARMEN
1432 670 1587 757 LI.

938 904 1043 949 AD
1099 905 1472 950 LESBlAM.

454 1057 618 1125 ILLE
654 1054 816 1122 mihi
847 1079 970 1151 par
1000 1080 1138 1124 esse
1171 1058 1319 1125 Deo
1352 1057 1643 1142 videtur,

235 1234 357 1284 Aac.
387 1232 606 1285 Beatum
635 1245 685 1284 et
708 1251 830 1284 vere
854 1230 1034 1284 divina
1055 1251 1161 1285 sor-

168 1322 225 1375 te,
249 1313 319 1363 vel
345 1311 383 1363 si
407 1310 536 1383 quid
564 1313 721 1368 ultra,
752 1312 901 1363 illum
932 1312 1034 1364 frui
1058 1331 1158 1386 pu-

166 1402 253 1454 tat,
271 1392 352 1443 cui
369 1405 471 1444 tam
495 1392 638 1445 felici
661 1410 768 1443 esse
785 1392 1052 1462 contingat
1067 1430 1081 1455 ‚
1103 1406 1160 1445 ut

170 1471 380 1524 Lesbiam
419 1484 604 1526 contra
651 1471 843 1524 intueri
884 1484 937 1524 et
977 1470 1159 1524 dulces

166 1551 261 1620 ejus
284 1569 423 1602 voces
449 1564 665 1623 captare
690 1552 881 1623 possit,
909 1570 1012 1621 qua
1038 1551 1157 1622 qui-

164 1628 268 1681 dem
297 1630 598 1701 obtingente
635 1632 735 1684 sibi
765 1631 1011 1684 felicitate
1042 1650 1158 1682 sen·

166 1709 286 1760 sibus
307 1708 432 1762 adeo
456 1730 511 1763 se
533 1711 738 1782 privari
766 1723 816 1762 et
846 1711 1026 1763 furore
1046 1728 1159 1762 cor-

164 1788 249 1858 ripi
262 1789 458 1848 fatetur.
475 1823 552 1832 —
569 1791 748 1855 Quam
765 1787 994 1843 studiose
1007 1789 1157 1843 Gro-

164 1885 321 1920 corum
355 1871 568 1941 vestigia
613 1870 858 1942 presserit
898 1869 1156 1932 Catullus,

162 1947 231 1999 vel
253 1967 310 1999 ex
331 1949 430 2001 hoc
456 1951 696 2006 carmine
729 1947 964 2002 dilucide
992 1967 1151 2022 appa·

164 2039 256 2089 ret,
286 2027 420 2098 quod
456 2028 522 2082 ad
560 2030 767 2100 singula
797 2029 954 2084 verba
989 2048 1155 2101 poene,

163 2116 212 2156 ut
227 2106 369 2171 intra,
381 2107 558 2161 Carm.
580 2109 783 2173 LXVI,
804 2108 872 2159 de
890 2127 1040 2160 coma
1063 2110 1157 2159 Be-

162 2187 336 2239 renicen
361 2206 422 2241 ex
454 2188 817 2252 callimache,
852 2206 1153 2258 expressum

163 2275 206 2314 et
246 2267 544 2320 translatum
599 2266 750 2320 dedit
800 2287 863 2319 ex
913 2268 1156 2338 Sapphus

160 2343 361 2414 quodam
379 2348 642 2410 carmine,
667 2360 867 2399 servato
892 2348 982 2398 illo
1005 2346 1157 2399 nobis

161 2440 187 2473 a
211 2424 431 2496 Longino
464 2426 535 2480 de
568 2427 909 2481 sublimitate
941 2445 1053 2498 cap.
1086 2427 1155 2490 X,

161 2502 236 2556 ubi
253 2506 289 2556 si
307 2508 418 2577 quis
439 2509 730 2561 acutissimi
750 2508 938 2559 harum
956 2508 1156 2577 elegan-

161 2582 326 2638 tiarum
348 2588 531 2641 arbitri
559 2587 630 2639 de
654 2588 975 2639 sublimitate
998 2587 1156 2657 hujus

160 2665 376 2716 carminis
436 2668 626 2739 legerit
677 2666 940 2736 judicium
970 2705 984 2728 ,
1055 2686 1153 2717 nec

159 2759 306 2796 meam
328 2765 423 2799 nec
445 2767 532 2800 me
557 2747 876 2818 peritiorum
895 2785 909 2808 ,
931 2747 1149 2817 opinor,

158 2824 650 2880 commendationem
666 2824 1150 2879 desiderabit,—In

155 2903 350 2969 gratiam
367 2908 650 2978 Juvenum..
678 2923 755 2971 ut,
779 2906 1154 2976 perfectissimo

158 2998 272 3035 *ει-ε
297 2985 654 3056 simplicitatis
685 2999 736 3037 et
762 2987 1011 3037 naturalis
1037 2986 1154 3055 pul·

156 3059 444 3117 cbritudinis
459 3068 709 3133 exemplo
729 3077 848 3117 ante
869 3066 1047 3117 oculos
1065 3084 1157 3139 po-

156 3139 262 3207 sito,
284 3162 543 3198 summam
557 3185 574 3208 ,
596 3145 692 3196 nisi
712 3144 857 3198 omni
877 3164 1024 3196 sensu
1045 3144 1158 3213 pul·

154 3218 253 3272 chri
269 3222 500 3280 destituti
523 3228 656 3290 sint,
681 3245 742 3275 ex
765 3224 1002 3276 instituta
1024 3225 1154 3275 utri·

157 3318 297 3372 mque
326 3306 579 3357 carminis
606 3304 998 3375 comparatione
1035 3323 1155 3373 per-

155 3379 332 3450 cipiant
367 3385 731 3456 voluptatem,
770 3382 1152 3452 subjiciendum

154 3461 328 3514 curabo
341 3466 764 3517 venustissimum
781 3464 1023 3535 Sapphus
1035 3461 1156 3514 oda-

156 3537 286 3604 tion,
316 3541 478 3596 modo
515 3542 585 3595 de
620 3562 757 3594 nexu
791 3544 989 3595 ultimae
1023 3556 1154 3593 stro-

156 3616 285 3686 pboe,
315 3639 472 3692 quam
501 3642 652 3674 sensu
681 3642 774 3674 suo
806 3622 996 3675 ductus
1025 3622 1154 3691 Sap-

152 3697 303 3767 phico
340 3703 626 3756 imitationi
656 3703 891 3757 Catullus
928 3700 1151 3764 addidit,

154 3779 372 3846 quedam
395 3782 719 3854 premisero.
743 3783 988 3834 Profecto
1012 3780 1150 3832 enim

154 3855 200 3908 ln
225 3860 536 3933 explicando
563 3861 665 3913 hoc
690 3862 920 3913 carmine
948 3880 1070 3912 vere
1103 3874 1151 3913 et

154 3940 360 4008 turpiter
385 3942 537 3994 abusi
566 3955 685 3993 sunt
710 3944 835 4004 otio,
863 3941 954 4012 qui
982 3959 1150 4012 quum

157 4033 332 4071 nexum
353 4022 556 4073 ultima!
576 4022 801 4090 strophae
817 4041 937 4073 cum
963 4033 1151 4073 caetero

154 4099 366 4153 carmine
399 4120 552 4153 sensu
585 4120 678 4153 suo
707 4120 812 4154 non
843 4113 1052 4173 possent
1083 4121 1156 4152 as·

1247 1235 1424 1306 sequi,
1457 1234 1792 1287 insulsissima
1821 1233 1887 1287 ad
1920 1235 2060 1288 hunc
2090 1236 2265 1292 locum

1246 1312 1475 1366 vendere
1491 1327 1544 1366 et
1557 1314 1841 1368 lectoribus
1858 1314 2145 1367 obtrudere
2160 1337 2264 1370 non

1246 1394 1612 1445 erubescerent
1656 1392 1876 1464 judicia.
1928 1395 2013 1447 Sic
2067 1398 2267 1449 Vossius

1247 1474 1514 1525 Catullum
1541 1478 1637 1524 otio
1658 1474 1710 1524 in
1732 1472 1863 1526 adeo
1885 1475 2028 1527 tenui
2052 1494 2136 1537 re,
2156 1496 2267 1530 ver·

1246 1551 1406 1605 tendo
1426 1553 1667 1624 Sapphus
1683 1555 1940 1620 carmine,
1960 1553 2163 1608 diutius
2182 1559 2269 1609 ab·

1246 1632 1323 1684 uti
1364 1633 1629 1685 nolentem
1663 1634 1930 1703 abrupisse
1961 1646 2012 1686 et
2042 1635 2144 1686 hoc
2170 1656 2264 1688 no·

1246 1712 1388 1765 mine
1420 1712 1662 1764 ultimam
1700 1714 1970 1783 stropham
2006 1713 2266 1768 addidisse

1244 1806 1448 1854 censet,
1491 1811 1599 1866 quo
1640 1792 1768 1863 quid
1810 1793 2039 1864 ineptius
2080 1813 2107 1852 a
2146 1796 2263 1847 viro

1243 1868 1400 1924 docto
1431 1872 1517 1923 vix
1551 1870 1656 1924 dici
1692 1884 1743 1924 et
1776 1872 1830 1923 in
1874 1873 2109 1927 medium
2139 1894 2262 1945 pro·

1243 1951 1370 2003 ferri
1413 1951 1625 2022 potuit;
1671 1951 1791 2014 alii,
1827 1953 1918 2022 qui
1955 1953 2165 2005 mollius
2196 1953 2262 2005 de

1244 2031 1439 2083 Catulli
1462 2031 1672 2100 ingenio
1700 2031 1982 2095 sentirent,
2011 2033 2264 2102 fragmen-

1244 2122 1356 2160 tum
1384 2122 1526 2162 certe
1546 2111 1677 2165 alius
1701 2111 1948 2162 carminis
1967 2150 1980 2174 ,
2001 2113 2157 2181 ,cujus
2182 2113 2261 2162 in-

1242 2189 1396 2241 itium
1429 2189 1670 2257 perierit,
1704 2202 1974 2260 putarunt.
2005 2223 2082 2232 —
2107 2191 2257 2242 Haud

1242 2288 1362 2320 raro
1389 2268 1643 2321 nimirum
1667 2270 1860 2320 factum
1887 2283 1990 2330 est,
2024 2283 2081 2322 ut
2103 2271 2156 2321 in
2184 2271 2260 2322 lo-

1244 2348 1318 2400 cis
1345 2361 1625 2418 poetarum
1658 2348 2056 2418 pulcherrimis,
2082 2350 2264 2419 praeci·

1242 2445 1347 2497 pue
1385 2427 1472 2492 iis,
1511 2428 1600 2480 ubi
1636 2441 1933 2481 amatorum
1966 2428 2124 2482 modo
2159 2431 2259 2482 fer-

1243 2509 1544 2560 ventissimo
1571 2527 1748 2561 amore
1768 2509 2122 2579 flagrantium,
2147 2529 2259 2560 mo-

1242 2585 1313 2638 do
1365 2585 1538 2639 eidem
1586 2590 2011 2646 renunciantium
2034 2628 2048 2652 ,
2102 2588 2261 2641 modo

1242 2667 1652 2739 supplicantium
1677 2708 1692 2731 ,
1744 2667 1906 2721 modo
1958 2670 2262 2739 superbien-

1241 2747 1374 2798 tium
1390 2787 1405 2815 ,
1425 2746 1587 2799 modo
1608 2747 1934 2800 laudantium
1950 2788 1964 2811 ,
1988 2747 2147 2799 modo
2173 2751 2263 2799 ol»-

1238 2828 1595 2896 jnrgantium,
1651 2828 1810 2880 modo
1858 2828 2228 2878 exsultantium
2250 2868 2263 2888 ,

1244 2905 1405 2958 modo
1438 2905 1732 2957 dolentium
1754 2945 1770 2970 .‚
1811 2906 2013 2975 egregie
2045 2926 2096 2956 se
2128 2907 2261 2956 inxi-

1245 3004 1360 3036 cem
1393 2988 1542 3055 quasi
1577 2985 1847 3037 trudentes
1885 2986 2043 3035 animi
2092 2998 2265 3035 motus

1243 3066 1467 3135 expressi
1511 3082 1804 3133 eorumque
1852 3064 2098 3133 imagines
2127 3064 2262 3114 vivis

1243 3144 1509 3195 coloribus
1536 3142 1859 3199 adumbrata
1884 3156 2032 3207 sunt,
2060 3144 2262 3213 egregie

1243 3224 1690 3275 hallucinarentur
1732 3242 1915 3274 eorum
1955 3223 2263 3293 interpretes

1246 3317 1294 3354 et
1311 3305 1499 3355 frustra
1514 3304 1889 3373 cogitationum
1912 3321 2105 3354 nexum
2121 3321 2259 3372 quae·

1245 3396 1415 3434 rentes
1438 3384 1561 3434 istos
1579 3385 1721 3434 locos
1740 3383 2135 3454 impugnarent,
2154 3393 2263 3433 tur-

1245 3464 1455 3522 barent,
1505 3462 1746 3514 luxarent
1787 3464 1864 3513 vel
1906 3475 2044 3514 certe
2079 3480 2259 3531 repre·

1244 3542 1551 3593 henderent.
1586 3543 1702 3606 Qua
1734 3541 1948 3611 quidem
1981 3542 2032 3592 in
2068 3560 2123 3593 re
2154 3560 2263 3612 praa

1244 3621 1442 3672 caeteris
1463 3623 1643 3675 turbas
1662 3619 1863 3673 dedisse
1891 3641 2111 3691 magnum
2132 3624 2253 3673 Sca-

1244 3702 1440 3769 liger-um
1464 3720 1525 3753 ex
1553 3704 1661 3772 ejus
1681 3702 2070 3771 trajectionibus
2096 3704 2145 3753 in
2167 3704 2262 3752 Ti-

1242 3780 1392 3831 bullo
1425 3794 1474 3831 et
1512 3783 1787 3851 Propertio
1818 3780 2062 3832 audacter
2094 3794 2260 3832 tenta-

1244 3860 1309 3912 tis
1349 3862 1469 3912 satis
1505 3874 1717 3913 constat.
1770 3863 1836 3912 At
1879 3861 2115 3931 profecto
2154 3879 2261 3910 non

1242 3940 1346 3991 sola
1370 3938 1623 3993 doctrinae
1646 3939 1795 4011 copia
1817 3938 1998 4010 [quam
2026 3937 2143 4009 quis
2167 3957 2260 3990 au-

1242 4020 1308 4071 sit
1348 4018 1600 4090 derogare
1644 4020 1935 4088 Scaligero,
1974 4018 2161 4068 vossio
2207 4029 2261 4069 et

1244 4095 1408 4163 aliis?]
1429 4101 1479 4151 in
1502 4097 1828 4172 explicandis
1846 4111 2119 4170 poetarum
2142 4116 2259 4149 car-

1768 4195 1898 4274 10¹i
