2986 4935
857 503 1303 573 CARMEN
1359 505 1635 573 LXIV.

2167 505 2306 576 281

296 638 595 720 Currite,
640 635 956 704 ducentes
994 636 1403 723 subtemina,
1447 638 1727 726 cur-rite,
1767 637 1914 705 fusi.

447 745 784 836 Namque,
807 739 990 809 velut
1022 741 1258 811 densas
1289 757 1715 835 prosternens
1752 740 1967 829 cultor
2002 744 2269 827 aristaS,

293 850 439 920 Sole
479 849 603 919 suh
645 847 901 917 ardenti
937 848 1247 917 flaventia
1287 847 1562 918 demetit
1594 873 1788 934 arva,

2243 872 2323 911 355

295 957 742 1051 Trojugenum
782 953 1020 1024 infesto
1063 969 1438 1048 prosternet
1480 981 1763 1051 corpora
1807 956 2003 1026 ferro.

298 1065 593 1150 Currite,
635 1062 952 1131 ducentes
989 1062 1395 1150 subtemina,
1437 1065 1716 1148 currite,
1760 1063 1910 1131 fusi.

449 1169 658 1238 Testis
690 1169 815 1237 erit
849 1169 1108 1261 magnis
1138 1169 1493 1238 virtutibus
1527 1168 1707 1237 unda
1741 1170 2166 1257 Scamandri,

301 1279 468 1365 Quae
508 1277 752 1369 passim
794 1274 1026 1368 rapido
1071 1274 1466 1344 diffunditur
1500 1273 1970 1370 Hellespont03

300 1381 559 1474 Quojus
604 1382 728 1450 iter
770 1382 950 1449 caesis
992 1396 1350 1475 angustans
1393 1407 1753 1476 corporum
1797 1384 2086 1470 acervis,
2252 1407 2331 1446 ω,

299 1487 451 1557 Alta
491 1487 840 1581 tepefaciet
882 1489 1204 1581 permixta
1247 1488 1516 1557 flumina
1555 1488 1756 1558 caede.

205 1700 346 1751 cibus
385 1699 611 1769 putria-
661 1699 770 1762 1x,
809 1700 860 1751 8.
893 1691 964 1750 N.
996 1722 1074 1734 —
1109 1701 1218 1750 Va.

1308 1701 1670 1754 testimonium
1710 1699 1968 1754 advocare
2004 1702 2175 1754 nolent
2202 1715 2329 1771 poe-

208 1778 323 1830 n'ab.
349 1790 551 1848 pectora
576 1779 728 1850 palm.
762 1778 919 1830 variis
950 1778 1221 1831 coloribus
1310 1779 1528 1834 tavid.
1549 1799 1648 1834 nos
1663 1799 1823 1852 supra
1841 1779 1910 1833 ad
1925 1780 2103 1833 Carm.
2124 1781 2334 1843 XXIX,

205 1856 525 1929 distinguent
563 1855 837 1912 tundendo
857 1895 873 1925 ,
902 1856 1068 1909 livida
1098 1856 1222 1910 red·

207 1937 348 1990 dent.
372 1938 673 1990 Familiaris
697 1938 811 1989 haec
838 1937 1039 1989 locutio
1066 1937 1224 1989 Plau-

208 2029 278 2070 to.
304 2017 392 2070 Sic
413 2018 474 2069 in
496 2018 708 2087 Prolog.
729 2016 928 2070 Paenul.
958 2019 1029 2069 26
1053 2035 1066 2067 ε
1100 2042 1120 2063 ι
1143 2016 1225 2068 Ne

207 2110 258 2148 et
281 2096 337 2151 hi
364 2097 641 2149 varientur
666 2095 825 2165 virgis
852 2109 904 2149 et
935 2095 1064 2148 loris
1087 2121 1140 2158 n,
1174 2108 1229 2148 et

209 2176 319 2229 Mil.
350 2177 510 2231 Glor.
533 2196 585 2228 v.
616 2180 685 2229 61
715 2179 910 2244 :virgis
936 2178 1122 2227 varius.

286 2256 422 2319 354.
463 2257 572 2308 Pro
601 2269 902 2326 prosternens
932 2255 989 2306 in
1018 2255 1231 2326 quihus·

207 2333 326 2388 dam
345 2376 360 2401 ,
393 2349 528 2389 teste
555 2335 746 2387 Vossio
771 2374 788 2401 ,
813 2354 1108 2404 praecernens
1129 2376 1146 2398 ,
1179 2346 1232 2387 at

205 2414 261 2469 in
286 2416 482 2470 Maffei
502 2415 644 2467 libro
656 2418 935 2486 proeteriens
954 2455 971 2479 ,
994 2412 1138 2466 unde
1155 2415 1232 2466 le·

208 2496 448 2566 gendum
470 2514 578 2548 esse
595 2496 890 2567 suspicatur
904 2495 1095 2548 Statius
1106 2516 1234 2565 proe·

207 2596 416 2647 cerpem.
471 2605 553 2618 —-
597 2576 905 2626 Proecemens
943 2575 1145 2645 recepit
1185 2587 1237 2627 et

209 2654 450 2710 defendit
480 2653 924 2726 ineptissimarum
943 2654 1234 2707 lectionum

208 2747 582 2807 propugnator
639 2733 986 2789 Corradinus.
1050 2734 1239 2786 Messor

208 2835 306 2887 pro
352 2817 521 2868 cultor
566 2815 759 2867 Venet.
808 2814 1019 2884 Gryph.
1062 2813 1237 2867 Graev.

210 2895 408 2948 Mutet.
420 2926 509 2938 ——
523 2893 743 2966 Namque
759 2895 894 2945 velut
913 2893 1112 2956 demas,
1139 2906 1236 2945 etc.

207 2974 476 3029 Fundam
509 2974 668 3043 hujus
698 2973 1105 3044 comparationis
1131 2976 1239 3044 jam

209 3054 469 3109 indicavit
481 3052 714 3124 Vulpius
730 3054 949 3106 Homer.
967 3051 1121 3106 Iliad.
1132 3054 1212 3105 XI
1225 3090 1241 3117 ,

213 3139 438 3270 673822:
462 3213 581 3266 Sole
597 3214 685 3266 sub
707 3213 917 3276 ardenti,
944 3230 1099 3266 suum
1120 3212 1245 3265 fecit

1317 1879 1404 1912 ao.
1424 1892 1508 1902 --
1528 1863 1598 1912 At
1619 1861 1886 1932 praecipue
1908 1861 1962 1912 h.
1991 1861 2030 1912 l.
2060 1860 2334 1930 appellan-

1313 1937 1413 1991 dus
1453 1938 1646 1991 fluvius
1684 1938 2031 2005 Scamander,
2068 1959 2177 2009 quo
2210 1958 2333 1991 cum

1314 2018 1543 2070 Achilles
1561 2018 1899 2070 concertavit.
1927 2019 1999 2070 N.

1398 2096 1531 2166 359.
1560 2097 1685 2166 Quoe
1700 2116 1850 2166 passu
1869 2097 2040 2167 rapido
2067 2097 2195 2148 olim
2227 2108 2340 2148 ten·

1318 2178 1460 2230 tabat
1484 2175 1777 2228 Mitscherl.
1794 2174 1888 2227 sed
1907 2190 2048 2228 recte
2070 2176 2337 2228 revocavit

1316 2256 1404 2322 (in
1440 2258 1582 2308 Lect.
1619 2255 1675 2307 in
1711 2257 1827 2309 Cat.
1866 2273 1922 2325 p.
1965 2246 2335 2323 151)passim,

1318 2334 1466 2408 quod
1498 2335 1721 2407 explicat
1760 2336 1961 2405 ἀθρόως.
1995 2356 2079 2370 —
2114 2337 2338 2395 Passim,

1316 2416 1475 2489 longe
1497 2416 1721 2487 lateque.

1402 2496 1531 2550 360.
1551 2496 1839 2565 Augustam
1857 2516 1958 2569 pro
1978 2509 2241 2567 angustans
2255 2513 2346 2548 vo-

1317 2576 1459 2629 lebat
1489 2577 1758 2631 Burmann.
1790 2579 1906 2631 Sec.
1938 2576 2006 2630 ad
2039 2576 2346 2631 Lotichium

1323 2657 1378 2722 1,
1411 2676 1476 2709 xo
1492 2696 1509 2720 ‚
1533 2656 1629 2721 25,
1653 2657 1745 2710 sed
1765 2670 1906 2710 recte
1922 2670 2155 2710 nostram
2173 2656 2352 2708 lectio-

1320 2742 1458 2789 nem'
1474 2734 1714 2790 defendit
1741 2737 2031 2789 Mitscherl.
2052 2769 2133 2780 —
2159 2736 2346 2805 Quojus

1326 2819 1418 2868 iter
1444 2828 1545 2869 etc.
1576 2836 1755 2869 sensus
1779 2834 1792 2868 ε
1813 2819 1964 2886 cujus
1983 2814 2238 2868 decursus
2256 2832 2352 2867 οω-

1326 2914 1508 2947 sorum
1549 2913 1837 2966 corporum
1879 2897 2075 2947 acervis
2109 2908 2350 2965 angusta·

1328 2989 1411 3027 tus
1432 2975 1685 3045 sanguine
1703 2974 1946 3026 miscebit
1970 2993 2115 3026 mare
2139 2988 2190 3026 et
2215 2972 2350 3026 illud

1328 3055 1620 3125 tepefaciet.
1644 3055 1748 3107 Iter
1765 3065 2027 3124 angustans
2041 3093 2056 3117 ,
2087 3054 2142 3106 h.
2179 3071 2225 3104 e.
2257 3071 2352 3104 an-

1328 3147 1538 3204 gustum
1562 3134 1648 3187 vel
1678 3146 2030 3204 angustatum.
2070 3132 2225 3185 Caesc’s
2244 3172 2258 3194 ,
2294 3152 2356 3185 ex

1331 3215 1554 3265 solemni
1573 3214 1929 3286 epithetorum
1947 3213 2355 3285 permutatione,

212 3296 408 3366 virgil.
432 3294 623 3363 Eclog.
644 3294 728 3345 111
744 3332 759 3359 ,
784 3293 868 3346 13.
894 3325 974 3337 —
998 3295 1210 3344 Demetit
1226 3333 1241 3354 ,
1330 3295 1550 3364 proprie
1566 3291 1903 3346 referendum
1924 3292 1991 3345 ad
2011 3312 2277 3364 corporum.

209 3375 339 3429 hino
365 3392 514 3445 sepe
540 3371 735 3426 deinde
759 3386 928 3425 metere
946 3385 999 3425 et
1021 3373 1247 3424 demetere
1416 3372 1488 3424 36
1504 3390 1549 3424 ι.
1596 3375 1645 3426 T
1640 3375 1887 3445 epesaciet,
1918 3386 2100 3426 contra
2129 3374 2356 3426 aliorum

210 3474 242 3506 a
263 3474 438 3507 messe
463 3451 535 3506 ad
557 3451 756 3505 cedem
778 3454 1011 3505 hostium
1030 3452 1248 3505 transla·
1336 3453 1578 3523 exempla
1627 3452 1911 3507 secundam
1954 3453 2008 3505 in
2053 3454 2158 3507 hoc
2193 3454 2359 3506 verbo

213 3547 330 3587 tum
368 3547 482 3599 ρας
517 3533 757 3603 exempla
783 3532 908 3585 vide
939 3530 1083 3603 apud
1110 3533 1250 3583 Dm-
1337 3530 1589 3602 producit
1608 3534 1788 3598 Poeta,
1807 3545 1866 3585 ut
1883 3533 2023 3586 infra
2045 3534 2222 3587 Carm.
2244 3533 2362 3597 xC,

212 3614 381 3668 ἀπὸ.
404 3612 483 3666 ad
504 3612 597 3665 Sil.
620 3613 737 3665 Ital.
758 3614 837 3678 X,
861 3619 988 3681 ¹47·
1341 3616 1374 3665 6
1395 3648 1416 3674 ,
1430 3613 1487 3663 in
1515 3612 1835 3684 liqtoesaciens.
1859 3642 1942 3655 --
1962 3612 2221 3665 Caeterum
2240 3631 2365 3664 con·

298 3693 443 3751 353.
478 3693 659 3762 Magni
683 3693 943 3744 virtutibus
970 3692 1101 3743 unda
1132 3689 1252 3741 Sca·
1341 3690 1592 3744 serendus
1614 3694 1835 3745 omnino
1854 3692 2019 3744 Hom.
2042 3689 2363 3756 Iliad.xxl,

214 3774 421 3825 mandri
436 3790 721 3843 perperam
736 3773 853 3825 vult
871 3772 1052 3824 Heius.
1073 3772 1127 3822 in
1142 3784 1253 3823 not.
1347 3791 1376 3824 α
1392 3790 1411 3823 ι
1426 3774 1458 3825 8
1486 3790 1608 3843 sqq.»
1639 3772 1733 3824 ubi
1764 3770 2087 3825 Scamander
2118 3773 2367 3842 στεινόμε-

214 3852 286 3908 ad
318 3852 535 3907 canui:
563 3851 771 3923 gravius
806 3852 949 3903 enim
989 3864 1043 3904 et
1080 3850 1254 3921 aptius
1342 3871 1419 3911 νος
1452 3854 1676 3905 νικὺισσι
1702 3849 1769 3903 de
1791 3851 1892 3905 hac
1912 3870 1970 3903 re
1993 3852 2248 3921 queritur.
2289 3882 2369 3893 -—

213 3934 453 3987 virtutes
498 3930 719 3985 Achillis
754 3951 945 4001 magnoe
981 3942 1255 3983 vocantur.
1346 3932 1540 3985 Nonne
1557 3932 1664 3985 alio
1689 3930 1853 3984 modo
1871 3944 2029 4001 atque
2051 3928 2368 4000 Doeringius

215 4044 301 4060 -.
338 4015 512 4065 Testis
537 4015 629 4063 erit
658 4031 819 4082 magn.
850 4011 1106 4063 virtutibus
1131 4010 1263 4061 unda
1349 4013 1590 4082 exponit,
1611 4012 1702 4065 hic
1727 4012 1874 4065 locus
1892 4009 2156 4082 explanari
2174 4010 2340 4080 possit
2355 4046 2371 4072 ,

216 4091 545 4147 Scamandri.
587 4091 734 4161 Saepe
764 4089 833 4144 ad
870 4090 1087 4143 virtutes
1119 4090 1262 4142 viro·
1353 4091 1630 4144 substituto
1648 4091 1863 4144 nomine
1889 4088 2108 4142 Achilles
2129 4088 2216 4141 cui
2240 4090 2370 4142 refe-

218 4193 346 4228 rum
387 4171 616 4228 sortium
654 4168 958 4241 probandas
988 4169 1179 4225 fluvios
1209 4170 1264 4221 in
1357 4189 1440 4223 ras
1487 4172 1649 4224 verba
1689 4181 1954 4240 angustans
1995 4181 2050 4225 et
2091 4170 2372 4241 tepefaciet?
