2986 4935
703 434 797 506 56

1232 437 1306 503 C.
1343 437 1782 504 VALERII
1841 438 2318 505 CATULLI

1015 571 1158 640 Nec
1204 569 1599 663 praetoribus
1645 595 1820 657 esse,
1860 594 1984 638 nec
2028 570 2327 653 cohorti,

1014 678 1154 744 Cur
1190 678 1539 770 quisquam
1579 692 1781 770 caput
1813 678 2078 745 unctius
2117 676 2396 745 referret
2427 704 2440 744 ε

1018 785 1389 851 Praesertim
1433 783 1674 877 quibus
1711 797 1882 852 esset
1919 784 2292 852 inrumator

1016 892 1296 975 Praetor‚
1341 915 1463 958 nec
1509 889 1757 959 faceret
1800 889 1913 985 pili
1957 890 2323 958 cohortem.

1018 999 1105 1065 At
1148 1011 1327 1064 certe
1365 1010 1626 1085 tamen,
1670 997 2012 1091 inquiunt,
2042 996 2223 1091 quod
2261 994 2394 1066 illic

700 1172 834 1236 ipsis.
860 1165 966 1221 Sed
993 1166 1184 1219 modus
1217 1168 1371 1220 metri
1399 1166 1551 1220 facile
1579 1168 1727 1219 evin-

704 1247 774 1300 cit
795 1286 810 1312 ,
850 1249 903 1300 τὸ
949 1250 999 1298 in
1039 1247 1324 1300 delendum
1361 1267 1485 1300 esse.
1513 1246 1731 1299 Vossius

704 1344 768 1378 ex
808 1339 1011 1379 vetusto
1050 1328 1143 1380 lib.
1181 1328 1503 1380 Commelini
1534 1327 1733 1398 recepit

707 1407 923 1457 nilu'lmet
960 1410 1093 1477 ipsis,
1133 1425 1292 1477 quem
1336 1425 1483 1459 more
1521 1427 1616 1458 suo
1654 1424 1731 1458 se·

705 1486 888 1557 quitur
908 1487 1155 1557 Vulpius.
1180 1485 1451 1538 Editiones
1475 1500 1580 1539 tres
1605 1486 1736 1538 anti·

706 1567 967 1636 quissimae
982 1569 1098 1618 mihi
1114 1586 1261 1637 neque
1280 1569 1412 1634 ipsis,
1433 1564 1578 1617 unde
1598 1566 1733 1618 Scal.

706 1659 757 1698 et
800 1646 930 1699 Stat.
971 1648 1088 1698 mila·
1118 1667 1202 1698 nec
1243 1650 1352 1715 ipsi,
1389 1644 1535 1715 quod
1566 1645 1737 1716 rejicit

707 1727 1011 1781 Gronovius
1029 1727 1063 1778 l.
1089 1745 1134 1779 c.
1162 1746 1280 1797 pag.
1307 1727 1435 1778 550.
1467 1724 1737 1778 Editiones

706 1808 975 1862 nonnullae
1018 1809 1139 1858 nihil
1173 1826 1318 1878 neque
1356 1810 1475 1876 ipsi,
1522 1807 1734 1858 fortasse

708 1892 829 1962 quia
861 1906 969 1939 non
998 1904 1329 1956 concoquere
1352 1899 1596 1957 poterant
1615 1888 1737 1957 plu·

704 1967 1152 2023 uilem—Malim
1171 1969 1262 2036 ipsi
1269 1964 1414 2037 quod
1424 1967 1599 2017 ferunt
1610 1986 1738 2019 non·

704 2050 862 2102 nullae
875 2047 1146 2112 editiones3
1160 2044 1738 2116 itapersonasordinant

704 2130 897 2193 Latini,
912 2142 970 2179 ut
985 2147 1037 2178 se
1047 2128 1221 2198 primo
1236 2126 1462 2197 quisque
1480 2127 1734 2178 nominet.

707 2210 916 2264 N.—N
916 2209 1006 2260 ihil
1015 2227 1162 2280 neque
1176 2211 1290 2277 ipsis
1294 2247 1310 2269 ‚
1327 2205 1574 2276 Bithynis
1583 2220 1738 2276 puta;

709 2291 975 2344 neminem
1025 2290 1163 2340 enim
1214 2284 1489 2339 offendere
1544 2284 1702 2337 debet
1722 2324 1738 2350 ,

710 2370 856 2443 quod
889 2368 1209 2439 praecesserit
1244 2366 1530 2435 Bithynia,
1571 2384 1737 2435 quum

708 2453 955 2522 frequens
1002 2446 1064 2500 sit
1119 2447 1222 2499 hoc
1278 2442 1533 2516 loquendi
1575 2465 1740 2517 genus

711 2527 729 2595 [
761 2529 1027 2600 Syllepsin
1050 2527 1326 2578 nominant
1361 2521 1737 2591 Grammatici]

709 2611 925 2681 optimis
933 2607 1229 2678 quibusque
1242 2606 1658 2675 scriptoribus.V
1661 2605 1736 2657 id.

710 2690 948 2742 Gronov.
973 2685 1039 2738 de
1062 2687 1180 2738 Pec.
1200 2687 1322 2738 Vet.
1345 2686 1399 2736 Π
1415 2723 1431 2749 ,
1461 2692 1490 2747 4
1508 2727 1521 2749 ,
1549 2698 1598 2737 et
1616 2686 1741 2738 San·

707 2771 797 2822 etii
820 2770 1045 2820 Minerv.
1070 2767 1171 2830 IV,
1191 2784 1305 2836 cap.
1334 2783 1419 2826 10,
1441 2766 1625 2835 ibique
1647 2767 1740 2818 Pe-

714 2849 994 2903 rizonium.
1043 2849 1147 2900 Nec
1180 2847 1502 2915 proetoribus,
1537 2846 1588 2896 in
1619 2846 1736 2897 uni-

713 2947 921 2985 versum
938 2965 954 2991 ,
971 2929 1163 2998 quibus
1180 2924 1563 2977 administratio
1581 2925 1740 2994 hujus

692 3009 1000 3084 ‘provinciae
1059 3006 1275 3075 contigit
1307 3025 1324 3070 ;
1387 3025 1470 3056 nec
1520 3006 1734 3064 cohorti,

715 3089 953 3163 praetoris
1013 3086 1295 3140 comitibus
1318 3125 1333 3148 ‚
1381 3085 1474 3156 qui
1526 3085 1739 3136 fuerunt

714 3169 947 3244 prefecti
961 3208 976 3231 ,
1002 3165 1194 3219 medici
1214 3205 1227 3228 ,
1246 3166 1453 3228 scribae,
1470 3182 1739 3235 praecones

713 3267 763 3304 et
792 3251 881 3303 alii
912 3246 995 3311 (la
1016 3237 1177 3313 suite).
1204 3246 1252 3297 C
1249 3265 1308 3295 w·
1330 3250 1575 3316 quisquam
1596 3257 1739 3313 caput

712 3335 898 3383 unctius
935 3331 1131 3395 refhrret
1148 3367 1161 3388 ,
1191 3325 1244 3376 11.
1265 3344 1311 3377 e.
1342 3343 1439 3377 cur
1458 3324 1735 3395 quisquam

712 3423 930 3484 propter
960 3410 1168 3460 lucrum
1210 3403 1285 3456 ibi
1316 3406 1596 3458 collectum
1623 3404 1736 3455 lau-

710 3493 813 3544 tior
831 3502 883 3542 et
899 3487 1058 3540 ditior
1080 3483 1276 3537 rediret
1292 3479 1509 3557 (quelque
1516 3487 1635 3554 gain
1657 3487 1739 3555 qui

711 3573 896 3625 donna't
917 3586 1083 3638 moyen
1107 3562 1546 3634 desairefigure);
1570 3577 1736 3616 unctus

711 3651 854 3705 enim
877 3646 1027 3711 inde,
1055 3644 1202 3716 quod
1221 3643 1435 3697 ditiores
1463 3658 1515 3697 et
1535 3645 1737 3715 elegan-

709 3733 866 3785 tiores
887 3727 1129 3780 homines
1146 3744 1197 3776 se
1211 3723 1482 3776 delibuere
1499 3724 1735 3776 solebant

708 3808 949 3881 pretiosis
965 3805 1246 3876 unguentis
1260 3842 1275 3868 ‚
1296 3804 1556 3873 eleganter
1573 3815 1736 3855 trans·

707 3894 873 3946 fertur
907 3886 974 3939 ad
1009 3885 1185 3937 omnia
1214 3902 1331 3954 quae
1356 3895 1477 3934 sunt
1499 3883 1637 3934 lauta
1682 3895 1734 3936 et

705 3966 1001 4041 splendida,
1019 3978 1071 4016 et
1090 3961 1356 4034 quidquid
1376 3962 1595 4013 beatiori
1612 3981 1732 4014 con-

709 4050 908 4102 ditione
929 4043 1135 4118 gaudet.
1152 4042 1239 4096 Sic
1257 4056 1379 4094 sunt
1394 4042 1534 4093 infra
1556 4042 1733 4095 Carm.

713 4130 892 4182 XXIX
906 4168 921 4191 ,
950 4127 1042 4190 ²3,
1059 4135 1201 4175 uncta
1218 4122 1549 4195 patrimonia.
1575 4121 1731 4175 Conf.

1819 1187 1866 1218 v.
1902 1173 1966 1231 4,
2007 1164 2150 1238 apud
2189 1167 2418 1220 Martial.
2448 1168 2522 1232 V,
2557 1173 2665 1237 46,
2700 1187 2835 1223 coena

1817 1257 1960 1297 uncta
1984 1247 2017 1300 i.
2046 1266 2093 1299 e.
2119 1248 2257 1300 lauta
2279 1259 2331 1300 et
2361 1247 2603 1320 opipara.

1905 1344 1925 1378 1
1937 1345 1987 1379 o.
2009 1327 2113 1380 Pro
2131 1328 2432 1380 Praetoribus
2453 1329 2696 1383 Muretus
2715 1350 2835 1401 quoe·

1818 1406 2042 1467 seor-ibus,
2087 1408 2408 1476 resi-agrame
2451 1410 2691 1462 Gronov.
2729 1411 2764 1462 l.
2793 1428 2835 1462 c.

1813 1486 2115 1556 praeconibus
2135 1486 2381 1540 Heinsius
2396 1487 2452 1540 in
2466 1500 2579 1540 not.
2591 1486 2662 1541 ad
2675 1490 2838 1543 Catul.

1821 1564 2140 1620 emendandi
2163 1564 2387 1618 libidine
2415 1569 2840 1638 abreptus—At

1820 1646 2072 1698 orationis
2125 1665 2234 1698 non
2281 1649 2482 1717 probus
2528 1648 2620 1700 hic
2655 1662 2803 1702 tenor
2826 1666 2839 1699 :

1829 1751 1849 1771 ·
1862 1744 1960 1777 nec
1982 1726 2315 1796 praetoribus»,
2332 1746 2430 1780 nec
2446 1727 2715 1782 cohorti...
2728 1729 2839 1800 qui·

1821 1806 1919 1856 bus
1944 1819 2171 1875 praetor-
2185 1846 2195 1858 .
2213 1806 2397 1877 Itaque
2416 1826 2526 1859 non
2555 1807 2843 1879 spernenda

1819 1889 2123 1955 conjectura
2154 1886 2351 1938 Mureti
2380 1885 2610 1940 videtur.
2643 1889 2715 1942 N.

1911 1983 1996 2016 12.
2028 1968 2303 2018 Inrumator
2339 1979 2526 2035 proetor
2571 1969 2638 2021 C.
2685 1969 2842 2021 Mem·

1824 2046 1959 2097 mius
1987 2045 2287 2108 Gemellus,
2317 2047 2409 2116 qui
2436 2046 2536 2099 fuit
2564 2048 2733 2101 homo
2757 2066 2844 2099 ne-

1823 2144 1981 2195 quam
2001 2164 2017 2188 ,
2036 2145 2144 2177 non
2171 2125 2269 2176 nisi
2300 2126 2474 2197 pravis
2499 2128 2666 2180 animi
2691 2130 2767 2180 sui
2790 2127 2846 2179 li·

1822 2203 2095 2258 bidinibus
2125 2203 2403 2276 indulgens
2434 2221 2485 2259 et
2534 2204 2848 2261 devorandis

1823 2285 2048 2337 aliorum
2072 2285 2226 2336 bonis
2249 2283 2405 2337 avide
2432 2286 2645 2339 inhians
2665 2325 2685 2353 ,
2711 2287 2846 2339 nulla

1824 2365 2078 2417 comitum
2109 2365 2308 2417 ratione
2334 2364 2532 2420 habita.
2555 2366 2684 2419 Non
2711 2368 2846 2420 enim

1823 2444 2219 2514 significationis
2269 2446 2562 2516 proprietas
2615 2445 2849 2519 urgenda

1826 2539 1900 2578 est
1926 2526 1981 2578 in
2011 2545 2138 2577 voce
2173 2529 2441 2578 int-amator
2458 2567 2474 2590 ,
2517 2526 2610 2579 sed
2656 2528 2716 2581 in
2737 2527 2850 2580 uni.

1823 2624 2032 2656 versum
2090 2605 2340 2676 turpioris
2394 2606 2513 2659 vitae
2543 2606 2700 2661 notio
2740 2608 2852 2660 snb-

1821 2684 2067 2754 jicienda,
2090 2682 2236 2755 quod
2262 2698 2484 2756 apparet
2511 2705 2575 2739 ex
2603 2685 2852 2740 Carmine

1825 2765 2100 2826 XXVIII,
2137 2781 2200 2816 10
2223 2802 2239 2828 ,
2268 2765 2361 2816 ubi
2390 2763 2576 2818 eadem
2599 2767 2851 2820 obscoeni·

1824 2857 1926 2896 tate
1959 2843 2194 2915 ejusdem
2234 2844 2476 2896 Memmii
2514 2844 2735 2901 sordida
2767 2866 2856 2901 no-

1823 2936 1963 2976 tatur
2009 2924 2228 2977 avaritia
2256 2941 2269 2974 :
2316 2951 2336 2971 ι
2358 2924 2408 2975 Ο
2432 2925 2697 2990 Memmi,
2724 2927 2854 2979 bene

1825 3021 1912 3055 me
1936 3043 1951 3068 ‚
2009 3023 2070 3057 ac
2129 3003 2223 3055 diu
2273 3004 2522 3075 supinum
2575 3006 2721 3060 Tota
2769 3008 2855 3059 ista

1824 3084 1969 3135 trabe
1996 3085 2167 3136 lentus
2196 3083 2490 3136 inrumasti.
2514 3110 2536 3132 ι
2557 3085 2647 3140 Cf.
2679 3085 2854 3140 Cam.

1827 3163 2122 3215 XXXVIII
2146 3203 2160 3227 ‚
2191 3166 2222 3217 8
2241 3201 2257 3226 ,
2282 3176 2333 3216 et
2360 3162 2591 3235 Scaliger
2611 3165 2689 3219 ad
2716 3166 2857 3220 hunc

1825 3242 2020 3295 locum.
2040 3276 2118 3284 —
2140 3244 2244 3295 Nec
2258 3246 2451 3310 faceret
2470 3246 2570 3315 pili
2596 3248 2714 3299 σοΙι.
2745 3258 2859 3318 pon

1827 3340 1909 3372 nec
1931 3323 2263 3393 subintellige
2289 3327 2388 3396 qui.

1911 3403 1993 3456 13.
2019 3402 2168 3455 Libri
2204 3403 2385 3474 scripti
2410 3403 2544 3457 Scal.
2584 3424 2691 3459 non
2720 3408 2860 3474 fince-

1824 3495 1945 3536 rent.
1971 3482 2188 3535 Vossius
2215 3485 2528 3549 nonfaceret.
2551 3484 2862 3539 Gronovius

1824 3561 1878 3613 in
1904 3564 1939 3614 l.
1965 3582 2010 3615 c.
2031 3583 2141 3615 num
2150 3565 2418 3629 facerent?
2437 3565 2519 3618 vel
2542 3569 2862 3634 nonsaciens.

1824 3642 2063 3706 Quarum
2109 3657 2373 3714 postrema
2425 3644 2588 3697 lectio
2655 3646 2863 3718 egrqie

1824 3722 1960 3775 favet
2006 3723 2248 3775 orationi.
2301 3724 2566 3779 Caeterum
2611 3726 2761 3779 bene
2814 3745 2864 3778 se

1820 3801 1980 3854 habet
2014 3815 2066 3855 et
2109 3814 2282 3855 nostra
2319 3816 2426 3855 tam
2462 3805 2526 3857 L.
2550 3805 2672 3859 MS.
2697 3824 2860 3878 quam

1820 3880 1945 3934 edit.
1966 3882 2378 3954 Cantabrigiensi
2398 3883 2743 3940 confirmata.

1912 3979 1933 4012 1
1948 3968 1998 4025 4.
2019 3963 2393 4032 Conjecturam
2409 3964 2656 4016 Turnebi
2679 3968 2866 4038 inquit,

1825 4040 1880 4091 id
1897 4042 2017 4110 quid
2029 4042 2134 4093 e‘lle'c
2147 4083 2163 4106 ‚
2198 4055 2250 4095 et
2278 4041 2526 4113 Scaligeri
2556 4048 2746 4116 inquii!
2772 4064 2871 4117 pro

1823 4125 2041 4192 inquiunt
2059 4163 2073 4184 ,
2097 4119 2369 4174 damnavit
2393 4125 2503 4192 jam
2527 4121 2867 4179 Gronovius.
