2986 4935
771 505 1210 571 CARMEN
1275 506 1568 571 Lviu.
2096 504 2226 598 167

425 636 574 703 Non
613 635 752 719 hic,
797 660 995 728 quam
1044 633 1182 720 ille,
1225 639 1431 729 inagis
1473 661 1672 703 vorax
1711 635 1996 730 adulter,

417 740 682 808 Rivales
719 743 879 810 socii
917 739 1373 834 puellularum.

415 845 699 913 Pulchre
736 849 1050 915 convenit
1093 848 1409 941 improbis
1451 847 1731 916 cinaedis.

117 1042 348 1108 probitatis
378 1042 619 1113 nequiter
649 1043 889 1094 instructi
919 1043 1113 1094 intelli·
1202 1045 1358 1095 Carm
1409 1043 1641 1107 LXXX,
1675 1049 1728 1095 6.
1748 1044 1953 1095 —Non
1984 1047 2059 1096 liic
2086 1068 2228 1118 quam

121 1135 305 1188 gantur.
320 1152 400 1164 —
426 1121 684 1174 Unilectuh'
713 1124 971 1191 conjectat
997 1121 1112 1173 Sta·
1201 1123 1281 1174 ille
1308 1128 1460 1190 magis
1481 1142 1639 1173 vorax
1660 1123 1851 1174 adulter
1868 1126 2050 1176 Rivalis
2074 1131 2227 1178 socius

121 1200 223 1252 tius.
243 1232 317 1243 —
347 1201 454 1252 Uno
490 1205 541 1251 in
569 1201 769 1262 lectulo,
810 1204 1108 1270 σύλλιιιτροι,
1194 1201 1515 1271 puellularum
1532 1215 1696 1254 tentat
1712 1203 1838 1254 Stat.
1856 1204 2224 1257 ——Puellarum

121 1298 311 1332 summa
326 1293 374 1332 et
394 1279 706 1351 turpissimae
723 1281 878 1331 simul
899 1298 1112 1331 consue·
1205 1281 1432 1333 Vossius.
1476 1282 1541 1332 In
1582 1280 1901 1334 editionibus
1932 1283 2226 1352 potioribus

121 1356 292 1410 tudinis
314 1357 604 1411 indicanda
634 1378 802 1411 causa.
825 1392 904 1401 —
927 1359 1111 1410 Erudi·
1198 1373 1491 1412 constanter
1540 1361 1728 1430 legitur
1785 1364 1953 1412 rivales
2008 1369 2127 1414 socii
2180 1378 2227 1414 et

123 1438 228 1498 tuli,
268 1437 577 1491 eruditionis
622 1439 800 1509 gloriae
850 1437 1112 1490 elevandas
1190 1439 1542 1506 puellularum;
1569 1453 1620 1490 at
1652 1441 1704 1490 in
1742 1438 1863 1491 edit.
1907 1442 2022 1511 Rip.
2064 1462 2223 1513 quam

119 1516 277 1583 gutia.
1197 1519 1482 1587 sequimur,
1499 1519 1689 1588 copula
1710 1531 1756 1568 et
1774 1534 1890 1589 post
1902 1525 2017 1572 socii
2035 1524 2222 1573 omissa

189 1597 234 1648 8.
274 1596 434 1665 Magis
477 1617 639 1647 vorax
680 1610 726 1647 et
773 1596 962 1647 adulter
1001 1597 1109 1647 Ve·
1198 1610 1303 1658 est,
1332 1616 1448 1667 quae
1476 1599 1711 1666 profecto
1744 1599 2080 1652 incommode
2108 1615 2223 1670 post

121 1687 207 1725 net.
231 1674 387 1725 Vara:
403 1677 628 1739 adulter,
650 1678 740 1746 qui
761 1676 898 1727 bonu
931 1694 1019 1727 sua
1055 1677 1107 1726 in
1203 1680 1319 1726 socii
1341 1677 1571 1746 ponitur.
1599 1676 1904 1746 Legendum
1927 1679 2137 1731 fortasse
2155 1686 2223 1730 ri-

119 1749 345 1806 adulterio
379 1753 556 1826 perdit
585 1769 634 1807 et
672 1767 918 1824 expatrat.
952 1755 1106 1808 conf.
1201 1758 1322 1805 vales
1355 1769 1402 1805 et
1430 1760 1549 1806 socii
1589 1757 1854 1825 puellarum
1876 1799 1889 1819 ,
1929 1760 2007 1809 vel
2052 1761 2220 1810 rivales

121 1849 250 1901 supra
276 1833 444 1886 Carni.
473 1835 688 1897 XXIX,
719 1838 770 1886 6.
800 1834 977 1885 Nolim
1001 1835 1105 1885 huc
1196 1841 1397 1905 sociique
1419 1836 1703 1903 puellarum.

122 1910 294 1963 trabere
327 1914 607 1965 obscenam
643 1913 1103 1983 significationem,
1278 1936 1332 1982 9.
1371 1916 1558 1966 Rivales
1599 1920 1715 1966 socii
1746 1917 1949 1986 puellul.
1988 1916 2103 1968 Hoc
2147 1932 2221 1968 est

122 2005 252 2056 quam
294 1992 422 2044 infra
466 1994 626 2045 habet
667 1994 886 2044 verbum
936 2013 1107 2042 vorare
1196 1993 1320 2044 socii
1352 2007 1400 2044 et
1434 2013 1536 2045 una
1565 1994 1750 2047 rivales
1779 1996 2151 2064 puellularum.

657 2197 1212 2285 CARMEN
1295 2197 1647 2282 LVIII.

629 2431 732 2475 AD
802 2430 1168 2475 COELtUM
1230 2431 1326 2474 DF.
1388 2431 1710 2475 LESBIA.

399 2607 612 2671 Cor-:Li
639 2655 657 2683 ,
693 2601 929 2667 Lesbia
968 2615 1190 2667 nostra
1214 2654 1231 2681 ‚
1269 2601 1501 2667 Lesbia
1543 2599 1685 2680 illa,

400 2706 524 2775 Illa
562 2707 835 2788 Lesbia,
868 2730 1063 2798 quam
1102 2703 1399 2773 Catullus
1438 2731 1634 2773 unam

182 2918 302 2970 Am.
329 2919 599 2982 Lesbiam,
619 2936 728 2987 prae
760 2917 953 2968 caeteris
984 2936 1097 2967 oni-
1189 2912 1412 2968 Coelium
1441 2917 1666 2987 pertinet
1687 2917 1823 2967 infra
1850 2919 2026 2969 Carin.
2054 2920 2113 2969 C.
2134 2952 2208 2961 —

121 2994 246 3047 nibus
256 2998 373 3049 olim
393 2998 494 3050 sibi
518 3010 739 3048 amatam
763 3037 775 3058 ,
793 2995 924 3046 adeo
946 3016 975 3046 a
994 2997 1100 3064 pri·
1187 2994 1289 3047 Sed
1330 2996 1484 3046 nimis
1513 3007 1693 3064 argute
1728 2996 1994 3047 Victorius
2034 3010 2086 3048 ct
2124 2999 2207 3049 alii

120 3074 238 3125 uinis
254 3077 481 3129 moribus
501 3077 765 3127 recessisse
782 3074 961 3125 scribit
981 3076 1097 3127 Coe-
1187 3076 1288 3139 sub¹
1312 3075 1511 3126 Lesbiae
1539 3073 1754 3126 nomine
1784 3073 2023 3127 Clodiam
2050 3076 2207 3127 latere

120 3151 250 3216 lio,ut
265 3174 397 3209 nunc
417 3156 727 3208 vilissimum
749 3155 800 3204 in
820 3154 1099 3223 angiportis
1186 3166 1402 3224 putant,
1420 3171 1578 3222 quam
1602 3171 1703 3204 una
1727 3171 1847 3205 cum
1873 3153 2037 3204 Coelio
2061 3173 2206 3205 amo-

117 3231 167 3281 sit
188 3235 536 3301 prostibulum.
1187 3235 1256 3283 ris
1287 3252 1436 3284 causa
1465 3231 1732 3284 Catullum
1762 3230 1943 3284 adiisse
1963 3272 1977 3298 ,
2004 3247 2055 3286 et
2086 3233 2209 3285 hinc

186 3327 224 3363 ι.
261 3314 387 3367 Cati.
426 3314 553 3366 Non
590 3313 700 3364 sine
738 3311 1098 3382 probabilitate
1185 3325 1392 3363 nostram
1409 3314 1517 3382 jam
1538 3313 1976 3375 vocasse‚frustra
1996 3326 2208 3364 conten·

120 3388 309 3457 quadam
328 3412 446 3445 cum
473 3391 1092 3445 Pet,Victor.Var.Lcct.
1183 3390 1336 3442 dunt.
1366 3424 1444 3432 -
1468 3389 1676 3441 Erravit
1705 3392 2003 3461 multosque
2026 3393 2208 3444 fefellit

121 3466 233 3522 Libr.
254 3471 349 3523 XV
353 3473 397 3533 1,
418 3491 465 3525 c.
495 3473 535 3522 1.
557 3472 631 3523 M.
654 3469 877 3523 Coelium
896 3470 1093 3521 Rufum
1182 3469 1434 3540 Apuleius
1453 3470 1507 3520 in
1531 3471 1687 3539 Apol.
1707 3471 1802 3523 nisi
1828 3472 2010 3523 Lesbia
2029 3471 2095 3523 sit
2118 3472 2205 3523 illa

119 3545 365 3620 intelligere
395 3568 704 3622 possumus,
726 3549 778 3600 in
813 3567 970 3619 quem
1004 3567 1092 3599 ex·
1183 3550 1432 3601 famosior
1456 3547 1661 3601 Clodia.
1687 3549 1754 3601 N.

121 3632 367 3682 §intentio
398 3630 698 3692 Ciceronis;
724 3627 822 3679 fuit
851 3640 991 3680 certe
1017 3630 1061 3679 is
1078 3665 1093 3689 ‚
1269 3648 1319 3681 2.
1346 3629 1441 3680 Illa
1460 3628 1632 3679 Lesbia
1656 3650 1668 3679 .·
1692 3631 1969 3697 ἕμφατωιῶς
1995 3627 2208 3681 additur

119 3704 485 3778 quiproindole
509 3727 598 3759 sua
619 3708 766 3760 facik
787 3707 942 3758 rebus
962 3726 1101 3758 ama·
1183 3721 1236 3760 et
1274 3710 1529 3778 repetitur
1571 3710 1684 3769 illa,
1733 3708 1787 3759 h.
1835 3728 1878 3760 e.
1930 3709 2057 3761 olim
2099 3720 2202 3759 tam

121 3785 235 3837 toriis
251 3806 395 3841 sures
410 3788 686 3860 praeberet.
703 3787 1008 3838 Accuratius
1029 3785 1096 3838 de
1184 3788 1424 3839 amabilis
1455 3800 1506 3839 et
1538 3788 1769 3839 honestis
1811 3788 2047 3839 moribus
2076 3805 2203 3839 con·

124 3863 209 3928 ejus
227 3866 322 3919 vita
340 3906 356 3931 ‚
379 3867 616 3920 moribus
637 3880 688 3918 et
717 3866 831 3918 fatis
858 3867 1097 3936 exposuit
1186 3868 1379 3935 spicue.
1406 3866 1492 3919 Sic
1518 3867 1705 3936 Virgil.
1735 3865 1938 3917 AEneid.
1966 3867 2043 3920 11,
2076 3873 2202 3934 274,

122 3939 345 3998 Manutius
373 3946 441 3999 ad
464 3947 632 4017 Epist.
662 3947 827 3998 Cicer.
859 3944 946 3997 ad.
976 3946 1091 3996 Div.
1193 3957 1482 4015 quantum
1498 3946 1801 3997 mutatusab
1816 3946 1905 3997 illo
1921 3944 2195 3996 Hectore.-

125 4018 256 4086 VIIL
298 4044 352 4091 ¹3
385 4027 440 4078 in
473 4026 673 4097 praefat.
705 4023 773 4078 ad
797 4026 1092 4076 Comment.
1186 4026 1263 4076 Cf.
1297 4027 1423 4077 Hor.
1452 4023 1677 4086 Od.1v,
1710 4026 1774 4075 13
1796 4064 1808 4084 ,
1846 4027 2022 4077 18.—
2048 4024 2203 4073 Unam

124 4097 161 4147 i¹¹
182 4100 416 4171 Epistulas
446 4106 728 4169 Coelianas;
770 4103 834 4156 ad
869 4101 1092 4156 eundem
1186 4105 1473 4175 opponitur
1493 4104 1649 4155 bisin
1679 4123 1829 4155 versu
1858 4122 1929 4172 sq.
1954 4102 2198 4153 vocibus:

1708 4200 1836 4278 ιι4
