2986 4935
806 444 1255 512 CARMEN
1314 448 1587 514 LXIV.

2105 456 2253 551 239

244 569 536 662 Squalida
580 569 851 640 desertis
892 574 1123 666 robigo
1165 576 1443 644 infertur
1483 582 1738 649 aratris.
1796 567 1799 570 μ

343 679 547 768 Ipsius
589 692 656 744 at
700 678 922 763 sedes,
959 704 1353 774 quacunque
1387 684 1700 777 opulenta
1737 693 2003 759 recessit

249 782 478 874 Regia,
515 782 791 876 fulgenti
832 783 1179 879 splendent
1220 812 1419 875 aur0,
1462 805 1660 884 atque
1704 811 1998 888 argento.

245 887 488 955 Candet
524 889 687 957 ebur
727 889 933 974 soliis3
974 891 1302 962 collucent
1345 896 1585 988 pocula
1623 905 1900 987 mensis3
2195 941 2245 982 ἧς

157 1060 370 1117 datorum
428 1086 616 1137 genera
680 1069 833 1121 fuisse
868 1139 870 1141 η
899 1072 1137 1124 observat

156 1143 280 1197 Serv.
319 1144 382 1197 ad
410 1147 559 1217 Virg.
599 1150 778 1220 Eclog.
821 1151 846 1200 1
872 1190 887 1215 ,
929 1151 1020 1220 57.
1058 1182 1138 1193 —

157 1227 367 1276 Attenuat
391 1227 550 1278 arbor.
586 1230 735 1281 ambr.
768 1230 927 1281 nimis
956 1229 1141 1282 densas

158 1316 199 1353 et
230 1303 422 1357 inutiles
447 1309 708 1363 arborum
750 1308 964 1360 frondes
995 1329 1137 1362 exse·

157 1395 240 1433 cat.
267 1415 337 1424 ——
363 1385 567 1437 Arboris
598 1387 761 1438 umbra
793 1387 860 1439 de
879 1390 1137 1456 frondibus

158 1464 400 1515 sexcenties
427 1465 572 1536 apud
603 1479 797 1538 poetas.
837 1467 963 1520 vid.
1000 1470 1135 1520 Dra-

159 1540 395 1596 ckenborcli.
422 1545 488 1597 ad
519 1546 613 1597 Sil.
642 1546 756 1597 Ital.
784 1549 882 1612 IV,
910 1549 1036 1599 681.

223 1629 300 1684 4²·
327 1624 549 1690 Infit-eur,
586 1626 806 1678 verbum
834 1627 1042 1696 gravius
1067 1626 1135 1679 ad

158 1700 384 1770 rubiginis
403 1703 510 1756 vim
525 1744 540 1771 ,
562 1722 664 1774 qua
691 1706 858 1757 statim
888 1707 1135 1778 occupari

158 1778 295 1831 solent
314 1796 476 1836 aratra
503 1784 619 1836 sine
649 1803 744 1835 usu
767 1786 988 1854 jacentia
1010 1824 1025 1849 ,
1054 1786 1135 1837 in-

158 1854 416 1913 dicandam.
452 1895 531 1905 --
574 1862 811 1915 Observa
846 1865 1134 1935 elegantem

159 1948 201 1986 et
218 1940 526 1994 artificiosam
552 1942 711 2012 hujus
732 1962 909 1994 versus
931 1963 992 1996 ex
1016 1957 1136 2014 apta

158 2016 470 2085 epithetorum
508 2035 563 2074 et
598 2022 875 2073 nominum
911 2024 1135 2076 colloca·-

160 2095 276 2147 tione
313 2111 659 2165 structuram,
699 2120 856 2171 quam
903 2121 1036 2173 saepe
1080 2104 1133 2154 in

156 2172 240 2226 hoc
272 2180 490 2232 carmine
528 2180 949 2233 animadvertere
984 2183 1134 2247 licet,

158 2266 203 2304 ut
224 2273 268 2306 v.
301 2259 389 2326 39,
417 2266 510 2324 40,
539 2259 647 2326 59,
678 2278 697 2313 1
717 2280 784 2328 ²9
807 2274 856 2311 et
872 2262 1015 2313 alibi.

223 2335 302 2399 43,
322 2342 409 2400 44.
437 2339 622 2392 Heius.
645 2337 698 2389 in
724 2353 833 2392 not.
851 2339 920 2391 ad
943 2340 1133 2393 Catull.

156 2413 253 2466 satis
279 2415 516 2471 audacter
545 2432 598 2471 et
627 2435 814 2488 parum
843 2420 1136 2490 probabili-

158 2502 221 2544 ter
252 2496 448 2567 refingit
491 2499 595 2551 hos
637 2496 772 2549 duos
811 2516 988 2551 versus
1027 2501 1133 2553 sic:

160 2596 176 2616 ι
195 2573 379 2643 Spissius
401 2591 453 2629 at
478 2576 631 2630 sedes
659 2595 978 2648 quocunque
1003 2600 1137 2650 opu-

154 2649 267 2705 lenta
300 2675 473 2709 recessu
515 2656 683 2726 Regia
720 2656 938 2727 fulgenti
978 2661 1133 2729 splen-

151 2729 244 2783 dens
270 2752 392 2787 auro
420 2750 581 2807 atque
609 2749 822 2805 argento
840 2776 853 2798 ‚
879 2763 899 2783 ·

151 2827 222 2861 sus
242 2813 300 2865 sit
324 2815 501 2868 «sedes
520 2814 665 2885 regia
687 2816 740 2866 in
766 2816 912 2867 omni
932 2819 1041 2887 ejus
1058 2838 1137 2869 re·

152 2905 273 2944 cestu
287 2894 492 2964 spissius
514 2909 734 2964 argento
751 2908 800 2946 et
817 2914 946 2947 auro
969 2899 1138 2968 splen-

151 2966 239 3021 det.
251 2997 271 3017 ι
288 2973 542 3042 Splendeas
559 2976 813 3026 nimirum
826 2976 1020 3046 accipit
1037 2997 1133 3046 pro

150 3049 365 3115 splendens
392 3068 494 3115 est,
533 3066 585 3106 et
620 3053 721 3105 hoc
757 3073 853 3124 pro
888 3057 1129 3124 splendet,

150 3140 201 3177 ut
216 3147 260 3182 v.
281 3130 385 3186 308
410 3134 720 3204 complectens
735 3152 756 3195 ‚·
776 3135 842 3185 cf.
868 3133 934 3186 ad
956 3137 1131 3188 Carm.

149 3204 328 3275 LXIII,
356 3214 444 3282 57.
473 3244 556 3255 --
589 3213 742 3283 Ipsius
772 3226 826 3263 ut
855 3215 983 3265 sedes
1014 3235 1132 3285 qua·

148 3303 303 3359 cunque
326 3305 418 3346 etc.
447 3306 500 3345 at
532 3290 668 3343 aedes
699 3292 835 3344 Pelei
859 3333 874 3357 ,
906 3294 960 3345 in
986 3296 1134 3345 omni

148 3367 380 3434 opulenta
424 3372 583 3442 regiae
623 3384 771 3442 parte
812 3386 860 3423 et
900 3391 1097 3424 recessu
1118 3413 1131 3435 ,

148 3444 391 3512 splendent
413 3470 546 3503 auro
573 3462 622 3501 et
645 3463 875 3521 argeum.
903 3453 964 3503 In
993 3472 1133 3504 erro·

147 3540 241 3576 rem
269 3527 366 3581 hoc
405 3532 525 3582 loeo
556 3531 623 3581 ab
654 3530 831 3582 Heius.
864 3550 916 3582 se
950 3531 1129 3584 induci

148 3618 300 3667 passus
326 3623 400 3661 est
431 3610 698 3662 Mitscherl.
717 3647 731 3675 ‚
769 3610 859 3680 qui
886 3612 1128 3680 splendent

145 3697 339 3754 propter
352 3687 555 3758 adjecta
570 3690 702 3740 sedes
724 3692 856 3758 regia
876 3710 982 3742 non
1004 3692 1127 3744 ferri

144 3776 274 3828 posse
299 3780 478 3837 putat,
509 3769 564 3819 in
591 3770 734 3820 Lect.
761 3769 815 3819 in
850 3770 1042 3822 Catull.
1073 3791 1125 3841 p.

147 3838 225 3893 35.
251 3844 364 3898 Non
392 3849 641 3917 cogitavit
665 3848 819 3918 igitur
843 3849 941 3901 Vir
970 3852 1049 3904 Cl.
1070 3853 1125 3904 τὸ

141 3922 252 3972 sedes
272 3964 285 3985 ‚
313 3945 419 3997 quo
441 3927 636 3997 pendet
659 3928 903 3998 splendent
929 3929 979 3980 in
1009 3931 1126 3999 plu·

143 4000 223 4052 nli
258 4018 313 4056 ut
337 4024 388 4058 v.
421 4010 524 4079 48,
556 4021 605 4058 et
647 4011 699 4059 τὸ
734 4010 866 4075 regia
893 4010 1126 4061 substan·

142 4077 229 4132 tive
253 4085 478 4152 positum
509 4104 634 4139 esse.
657 4118 737 4129 —-
758 4087 1016 4139 Caeterum
1042 4108 1127 4139 ex·

937 2751 994 2790 ut
1020 2758 1150 2807 sen·¹

1225 1074 1398 1144 pende
1425 1091 1668 1130 ornatum
1698 1080 1750 1131 in
1776 1082 2044 1137 locutione
2069 1113 2090 1134 ι
2112 1106 2239 1158 qua·

1222 1172 1432 1223 cunque
1450 1159 1703 1226 opulenta
1718 1162 1926 1215 recessit
1944 1165 2084 1234 regia
2097 1194 2117 1213 1·
2144 1188 2243 1239 pro

1223 1233 1425 1303 vulgari
1454 1237 1654 1307 ubique:
1680 1272 1755 1280 —
1780 1245 1878 1310 ipse
1895 1242 2110 1297 honoris
2127 1268 2245 1301 cau·

1223 1331 1277 1364 sa
1303 1332 1437 1384 saepe
1460 1315 1529 1367 de
1553 1335 1643 1382 eo,
1663 1319 1752 1389 qui
1776 1323 1970 1389 primas
1993 1339 2164 1395 partes
2188 1330 2239 1381 in

1222 1392 1397 1463 aliqua
1414 1413 1471 1445 re
1492 1409 1648 1463 tenet,
1670 1399 1751 1448 vel
1770 1397 1836 1451 de
1856 1417 1965 1472 quo
1979 1408 2242 1477 praecipue

1223 1489 1394 1522 sermo
1416 1487 1505 1525 est.
1527 1474 1613 1528 Sic
1632 1496 1770 1547 saepe
1789 1482 1933 1540 αὐτὸς
1954 1480 2021 1534 de
2038 1486 2243 1540 Achille

1220 1548 1367 1620 apud
1408 1552 1699 1607 Homerum
1725 1596 1740 1622 ‚
1766 1557 1834 1610 de
1875 1562 2064 1614 Jasone
2095 1567 2241 1636 apud

1223 1627 1395 1698 Orph.
1444 1635 1639 1703 Argon.
1673 1656 1721 1687 v.
1770 1641 1901 1701 864.
1946 1642 2072 1696 Vid.
2112 1665 2244 1716 quos

1220 1707 1400 1762 laudat
1439 1713 1743 1767 Burmannus
1788 1718 1855 1770 ad
1903 1718 2062 1774 Ovid.
2105 1724 2240 1779 Fast.

1222 1787 1292 1850 V,
1321 1807 1339 1839 1
1353 1828 1368 1852 ,
1393 1791 1482 1851 45.
1504 1824 1583 1835 -—
1606 1793 1865 1864 Splendeat
1884 1801 2100 1853 verbum
2123 1824 2244 1875 pro-

1219 1867 1398 1937 prium
1422 1871 1489 1921 de
1511 1889 1766 1943 apparatu
1792 1879 2083 1946 magnifico.
2107 1884 2236 1940 Vid.

1222 1946 1492 2003 Burmann.
1520 1949 1588 2003 ad
1615 1953 1821 2008 Phaedr.
1854 1957 1977 2010 Fab.
2011 1961 2105 2025 lv,
2133 1983 2200 2031 29
2219 2005 2235 2027 ‚

1223 2045 1308 2078 20.
1324 2059 1402 2068 —
1419 2029 1560 2081 Auro
1582 2043 1720 2103 aeque
1750 2048 1964 2103 argento.
1988 2040 2050 2090 In
2084 2040 2240 2111 hujus

1222 2123 1399 2158 versus
1453 2109 1715 2164 schemate
1759 2116 1937 2183 priscae
1983 2121 2236 2190 rubiginis

1223 2183 1422 2238 luerent
1446 2189 1672 2258 vestigia.

1306 2265 1398 2327 45.
1433 2267 1622 2319 Candet
1645 2270 1759 2321 ebur
1779 2273 1929 2338 soliis,
1954 2278 2119 2330 colluc.
2141 2301 2232 2350 po-

1220 2346 1327 2393 cula
1350 2364 1490 2399 mem.
1512 2348 1713 2402 inversa
1736 2357 2051 2408 constructio
2069 2398 2083 2423 ,
2108 2379 2233 2430 poe-

1223 2423 1287 2474 tis
1315 2424 1712 2481 familiarissima
1730 2470 1745 2494 ,
1774 2451 1870 2503 pro
1910 2461 1931 2482 ι
1960 2437 2086 2489 solia
2112 2458 2233 2491 can-

1222 2501 1349 2556 dent
1371 2506 1530 2558 ebore
1545 2548 1559 2573 ,
1586 2528 1774 2563 mensae
1796 2514 2052 2568 collucent
2075 2538 2238 2589 pocu-

1221 2582 1300 2634 lis.
1329 2609 1347 2628 n
1371 2616 1449 2626 —-
1463 2587 1820 2642 Amicissimus
1838 2595 2040 2647 Lenzius
2058 2598 2112 2650 in
2132 2601 2233 2670 spi-

1222 2662 1408 2732 cilegio
1432 2667 1782 2723 observation.
1807 2672 1875 2724 ad
1900 2675 1934 2726 l.
1955 2695 2000 2727 c.
2023 2680 2197 2732 scribit
2217 2700 2230 2733 :

1232 2767 1252 2787 n
1277 2744 1407 2804 Quae
1438 2743 1506 2796 de
1538 2749 1697 2799 ebore
1727 2748 2002 2819 dicuntur,
2027 2775 2133 2808 non
2165 2759 2233 2812 ad

1222 2820 1493 2874 historicas
1538 2827 1764 2879 rationes
1805 2833 2054 2900 exigenda
2096 2853 2230 2891 sunt.

1222 2900 1379 2951 Poeta
1402 2902 1455 2953 in
1480 2904 1585 2971 his,
1614 2919 1670 2957 ut
1691 2923 1843 2976 poeta
1865 2928 2117 2974 ,versatus
2140 2932 2232 2970 est.

1222 2980 1411 3031 Eboris
1437 2984 1577 3034 enim
1604 3003 1725 3036 usus
1745 3002 1859 3056 post
1882 2992 2123 3062 Trojauae
2141 3015 2228 3048 ex-

1219 3057 1503 3129 peditionis
1521 3075 1758 3132 tempora
1780 3065 1994 3121 demum
2014 3074 2067 3123 iu
2089 3076 2231 3128 Grae·

1220 3139 1352 3189 ciani
1379 3140 1656 3211 importari
1675 3147 1847 3216 coepit.
1869 3146 1969 3199 Sed
1995 3152 2230 3207 Catullus

1218 3218 1513 3270 Homerum
1541 3236 1743 3274 secutus
1768 3245 1874 3277 esse
1903 3228 2111 3284 videtur
2130 3271 2142 3291 ‚
2174 3237 2227 3287 in

1217 3316 1324 3366 quo
1344 3299 1531 3366 passim
1548 3304 1787 3373 exempla
1807 3305 2091 3377 frequentis
2106 3315 2228 3367 ebo·

1216 3377 1287 3426 ris
1321 3395 1440 3428 usus
1474 3378 1527 3429 in
1558 3382 1713 3432 variis
1749 3388 2054 3441 utensilibus
2074 3392 2227 3446 adhi-

1215 3455 1313 3507 biti
1355 3471 1603 3525 prostant.
1626 3487 1646 3503 -
1704 3494 1781 3504 ——
1829 3465 2093 3522 Nimirum
2146 3495 2229 3528 res

1214 3535 1534 3605 antiquiores
1570 3541 1847 3610 saepissime
1882 3546 1947 3597 ad
1973 3568 2062 3602 sua
2090 3564 2222 3605 tem-

1215 3633 1343 3684 pora
1371 3618 1836 3674 accommodarunt
1861 3641 2043 3693 poetae.
2064 3631 2151 3683 Sic
2174 3653 2222 3687 v.

1214 3712 1260 3745 c.
1290 3708 1480 3764 praeter
1521 3709 1816 3769 temporum
1856 3706 2111 3761 rationem
2148 3723 2224 3765 m-

1215 3773 1379 3824 bae-um
1401 3776 1601 3844 clangor
1618 3780 1764 3849 apud
1792 3782 1977 3853 Virgil.
2000 3791 2117 3841 [En.
2143 3793 2195 3843 II
2210 3834 2223 3855 ‚

1218 3851 1248 3902 3
1264 3873 1281 3904 1
1299 3854 1327 3905 3
1344 3860 1958 3925 memoratumssaeterum
1985 3864 2052 3917 de
2078 3870 2224 3921 Vete-

1216 3951 1317 3982 rum
1349 3934 1485 3985 ebore
1512 3948 1562 3987 et
1586 3938 1797 3991 eburneis
1826 3944 1976 4009 signis
2002 3947 2066 3998 cf.
2090 3950 2222 4020 Hey·

1215 4031 1273 4061 ne
1295 4012 1346 4062 in
1372 4013 1506 4065 Nov.
1530 4016 1827 4070 Comment.
1852 4020 1970 4075 Soc.
1995 4025 2077 4077 Sc.
2096 4029 2225 4083 Got-

1216 4091 1341 4159 ting.
1367 4093 1430 4143 T.
1465 4094 1515 4152 Ι,
1543 4113 1595 4147 n.
1624 4104 1692 4164 96
1719 4116 1835 4168 sqq.
