2986 4935
1003 425 1051 477 Ρ
1073 426 1129 477 n
1151 426 1223 478 AE
1247 421 1427 477 FAT
1446 425 1475 477 1
1500 424 1579 477 o.
2220 423 2368 477 xlx

221 541 724 650 manserit,
776 539 1108 661 quippe
1167 542 1322 662 qui
1379 536 1539 626 ubi
1589 571 1636 626 e
1693 538 2164 627 literarum
2220 571 2375 663 gy-

232 690 593 780 mnasio
627 690 1204 801 excesserint,
1230 686 1641 777 civilibus
1677 689 2377 812 intricati‘nego-

238 843 420 954 tiis,
450 872 647 930 non
681 836 940 928 facile
971 837 1265 927 studia
1291 838 1762 927 literarum
1794 840 2380 961 antiquarum

242 1010 713 1114 repetant,
763 1009 965 1103 aut,
1017 991 1087 1077 si
1131 1010 1539 1113 repetere
1569 1010 1866 1103 vacet,
1907 987 2375 1103 libentius,

242 1174 478 1266 quos
544 1142 879 1229 teneris
935 1137 1050 1228 ab
1107 1141 1366 1228 annis
1429 1141 1994 1229 convictores
2048 1137 2383 1228 habue-

240 1294 473 1403 rint,
516 1288 633 1380 ad
675 1322 827 1379 eos
875 1290 1354 1412 scriptores
1399 1309 2002 1379 revertantur.
2043 1292 2384 1415 Legen-

245 1463 433 1531 tem
475 1473 847 1565 quoque
884 1436 1199 1529 obsitae
1236 1440 1649 1562 plurimis
1688 1442 1783 1527 in
1822 1439 2042 1529 locis
2082 1438 2388 1530 sordes

249 1592 478 1683 adeo
491 1588 1003 1704 offendunt,
1017 1610 1121 1678 ut
1142 1624 1325 1714 prae
1340 1588 1699 1680 fastidio
1715 1622 2385 1715 nonnunquam

249 1740 601 1831 librum
630 1743 986 1830 emittat
1025 1774 1071 1830 e
1108 1739 1572 1855 manibus,
1609 1762 1697 1830 et
1735 1740 2168 1862 Apollinis
2198 1742 2387 1830 alu-

247 1925 582 1982 mnum
601 1893 697 1979 in
737 1893 1123 1981 amicam
1160 1892 1356 1982 luto
1397 1925 1654 1981 suem
1684 1890 1985 1982 subito
2016 1925 2387 1981 conver·-

254 2078 460 2134 sum
507 2045 830 2132 sect'ari
873 2076 1135 2131 mens
1179 2041 1693 2132 abhorreat.
1741 2046 1994 2131 Duos
2037 2045 2162 2131 ita
2218 2040 2392 2130 dis-

245 2226 520 2317 pares
555 2196 795 2281 inter
831 2226 923 2281 se
960 2213 1232 2316 atque
1270 2195 1393 2283 ita
1431 2191 2040 2314 discrepantes
2075 2195 2171 2280 in
2200 2225 2390 2281 uno

258 2340 767 2467 eodemque
812 2344 1231 2432 exsistere
1270 2345 1414 2430 vix
1466 2341 1891 2432 credibile
1936 2364 2095 2432 est.
2151 2345 2264 2431 At
2321 2345 2391 2432 si

252 2496 709 2618 requiraS,
760 2495 917 2617 qui
954 2494 1152 2582 fieri
1176 2497 1493 2616 possit,
1535 2514 1682 2607 ut,
1726 2494 1981 2614 eujus
2023 2527 2394 2583 carmen

248 2647 662 2735 dictante
708 2645 1236 2735 Gratiarum
1286 2645 1804 2734 decentium
1853 2646 2136 2736 choro
2185 2648 2395 2737 scri-

256 2816 531 2920 ptum
560 2828 789 2908 esse,
821 2815 910 2884 et
940 2794 1168 2883 illud
1199 2817 1765 2913 unguentum,
1796 2795 2059 2917 quod,
2098 2818 2202 2885 ut
2231 2799 2391 2912 ait,

242 2952 581 3080 puelfae
632 2978 817 3034 suae
877 2948 1319 3035 donarunt
1368 2979 1733 3036 veneres
1774 2950 2394 3068 czqm'dc'nesque
2496 2923 2499 2926 Δ

261 3096 672 3222 fragrare
688 3093 1195 3208 videbatur,
1221 3098 1523 3184 statim
1555 3100 1626 3185 is
1653 3071 1974 3186 canina
1995 3096 2243 3185 rabie
2266 3100 2399 3185 in-

264 3251 690 3359 stinctuS,
733 3266 891 3334 aut
926 3245 1346 3367 lupanari
1376 3246 1699 3336 ardens
1735 3246 2141 3363 libidine,
2177 3251 2397 3338 hau-

261 3416 505 3486 stam
551 3431 601 3486 e
648 3396 975 3486 cloacis
1024 3395 1431 3486 illuviem
1476 3419 1881 3512 evomat3
1940 3400 2052 3489 ad
2103 3434 2404 3490 mores

256 3549 909 3637 Romanorum
963 3547 1629 3669 respiciendum
1689 3570 1823 3638 est
1849 3622 1870 3663 ,
1923 3554 2080 3674 qui
2105 3623 2126 3662 ,
2182 3551 2400 3640 dum

258 3699 489 3787 luxu
527 3699 1009 3820 repentino
1052 3696 1607 3813 diffluerent,
1653 3733 1875 3789 auro
1912 3700 2283 3825 quidem
2319 3725 2408 3793 et

254 3880 685 3972 purpura
728 3846 1076 3963 decori,
1105 3869 1197 3938 at
1233 3849 1814 3939 manentibus
1864 3855 2134 3974 prisci
2171 3855 2407 3943 ruris

253 3999 671 4124 vestigiis
696 4069 718 4111 ,
778 4017 870 4086 et
935 3996 1265 4088 ferocia
1340 4000 1709 4088 militari
1771 3999 2020 4090 domi
2091 4001 2411 4092 debac-

252 4149 646 4264 chante,
689 4151 786 4238 in
836 4150 1052 4238 vitia
1096 4183 1475 4272 quaeque
1527 4152 2175 4243 immanissima
2227 4187 2412 4243 sese
