2986 4935
783 470 1216 537 CARMEN
1282 468 1649 542 LXVIII.

2137 471 2273 555 341

384 602 680 668 Nosce-ns
720 599 1033 668 omnivoli
1076 599 1354 693 plurima
1398 600 1569 667 furta
1609 605 1807 670 Jovis.
2215 633 2286 673 ,40

284 710 475 798 Atqui
522 732 640 774 nec
686 709 875 774 Divis
922 707 1219 774 homines
1264 710 1648 798 componier
1688 733 1946 800 aequum
1994 724 2127 791 est;

174 942 382 993 fortiori
404 941 640 992 remedio
665 982 678 1009 ,
698 961 806 1012 quo
834 940 1073 1009 indigere
1097 941 1183 991 hic

174 1023 324 1071 locus
350 1019 653 1082 videbatur,
681 1020 954 1073 Eldickius
980 1033 1031 1071 et.
1053 1021 1181 1070 San·

177 1100 348 1151 tenius
365 1138 379 1163 ‚
399 1098 483 1150 ille
502 1101 770 1169 proposita
794 1099 1182 1163 emendatione,

180 1179 412 1247 Conjugis
454 1182 503 1227 in
533 1180 672 1248 culpa
690 1181 943 1248 flagrante
973 1184 1177 1229 reconci-

176 1259 337 1318 liata;
378 1257 499 1322 hic,
545 1259 774 1326 Conjugis
812 1263 861 1309 in
909 1259 1048 1326 calpa
1074 1260 1181 1326 sla-

171 1349 391 1403 graneem
410 1342 614 1387 continet
637 1342 774 1388 iram.
799 1369 877 1379 -—
904 1338 1177 1406 Flagravit.

174 1416 349 1466 Etiam
383 1416 525 1465 Juno
565 1415 871 1485 quotidiana
910 1418 1018 1467 fere
1053 1435 1178 1467 con·

170 1496 307 1564 jugis
341 1495 478 1546 furta
517 1508 724 1564 experta
769 1508 879 1556 est,
915 1508 967 1547 et
1008 1510 1178 1547 tamen

159 1576 423 1641 flagravit,
459 1574 512 1625 h.
539 1594 583 1625 e.
614 1573 858 1626 ardenter
888 1593 1012 1626 eum
1040 1594 1178 1626 ama·

174 1654 274 1712 vit,
304 1671 480 1705 amore
513 1654 624 1723 ejus
661 1653 912 1723 flagravit.
947 1686 1022 1695 —
1050 1655 1181 1706 Vult

171 1734 423 1783 nimirum
459 1732 686 1783 Junonis
727 1733 963 1802 exemplo
1003 1746 1177 1784 osten·

172 1809 300 1861 dere
317 1851 332 1875 ,
352 1813 488 1863 furta
507 1829 718 1881 quoque
737 1812 789 1862 in
809 1830 985 1862 amore
1003 1813 1177 1864 locum

171 1891 368 1941 babere
398 1909 576 1960 posse,
603 1909 700 1942 nec
725 1891 915 1942 amoris
943 1892 1177 1943 [ructum

173 1968 297 2020 ideo
326 1970 455 2022 tolli.
491 1998 570 2008 —-
606 1967 708 2021 Alii
741 1971 980 2038 flagravit
1009 1970 1176 2040 expli·

170 2061 295 2100 cant
340 2076 362 2095 ι
387 2049 463 2100 ira
499 2048 811 2111 excanduit,
842 2049 1067 2118 graviter
1096 2050 1175 2100 in·

169 2127 382 2196 dignata
399 2141 491 2179 est.
505 2154 525 2172 ι
557 2127 659 2179 Sed
681 2129 755 2180 sic
774 2128 931 2179 Poeta
956 2129 1009 2179 in
1027 2149 1176 2180 versu

168 2206 501 2258 antecedenti
543 2226 652 2259 nou
692 2208 830 2275 Soepe
863 2211 1035 2269 etiam,
1086 2206 1173 2259 sed

167 2286 310 2352 Soepe
334 2288 516 2357 quidem
533 2325 547 2346 ‚
577 2287 879 2356 scripsisset.
911 2287 1068 2337 Ferre
1097 2288 1174 2337 ni·

167 2365 364 2416 mirum
395 2366 449 2416 in
479 2377 743 2435 posterum
770 2366 1008 2418 Catullus
1033 2366 1174 2417 vole·

166 2444 262 2496 bat
286 2443 516 2497 modesta
544 2446 728 2514 puellae
758 2446 894 2497 furta
913 2485 927 2511 ,
948 2464 1044 2497 uec
1071 2465 1176 2497 am-

168 2526 311 2592 plius
327 2525 706 2577 obtrectatione
721 2526 768 2576 ei
786 2526 1030 2577 molestus
1048 2545 1173 2588 esse,

164 2602 425 2674 additque
458 2605 512 2655 in
544 2623 691 2656 suum
724 2606 868 2674 quasi
902 2606 1140 2655 solatium
1161 2645 1174 2665 ,

164 2683 312 2751 Saepe
339 2687 480 2734 etiam
507 2696 605 2737 etc.
635 2717 712 2725 -
743 2683 871 2746 Sed,
899 2696 956 2734 ut
983 2686 1173 2745 fatear,

163 2764 526 2832 integritatem
545 2764 706 2831 hujus
728 2763 830 2814 loci
845 2801 859 2826 ‚
881 2763 974 2832 qui
999 2764 1173 2813 nescio

167 2840 307 2910 quid
366 2843 535 2894 scabri
592 2854 645 2894 et
694 2842 938 2894 salebrosi
990 2842 1144 2893 habet
1161 2880 1174 2902 ,

161 2919 419 2990 equidem
457 2934 698 2990 praestare
736 2921 917 2972 nolim.
944 2921 1176 2990 Vulpius

147 3002 399 3069 flagravit
432 3000 644 3070 exponit
681 3024 702 3041 ε
724 3000 932 3051 infamia
969 3000 1173 3051 labora-

163 3080 279 3142 vit3
302 3107 322 3124 -
357 3078 445 3130 sed
479 3081 612 3131 banc
640 3081 911 3130 notionem
940 3079 1051 3131 sine
1083 3077 1173 3130 ad-

160 3158 287 3210 dito
334 3158 553 3211 nomine
599 3162 798 3223 infamia
847 3159 927 3209 vix
983 3158 1176 3208 habere

162 3251 349 3307 potest
388 3238 604 3289 verbum
631 3240 871 3308 flagrare.
912 3269 989 3277 —
1031 3237 1176 3289 Nihil

159 3316 427 3369 salebrosi
455 3317 512 3368 in
538 3318 589 3368 h.
624 3318 658 3370 l.
690 3336 772 3369 me
800 3315 1055 3379 offendit,
1083 3317 1175 3386 qui

155 3397 337 3448 nolim
357 3394 423 3447 ad
444 3396 755 3448 severiorem
778 3413 1015 3447 normam
1040 3415 1177 3447 cum·

159 3475 497 3544 parationem
517 3477 736 3544 exigere.
754 3476 961 3528 Haecest
976 3488 1178 3527 senten-

159 3556 232 3607 tia
261 3554 460 3607 Catulli
485 3573 496 3605 :
523 3577 544 3594 ·
563 3573 659 3624 ego
686 3555 821 3606 ferre
849 3554 1018 3607 debeo
1042 3556 1176 3607 furta

163 3653 332 3695 meae,
358 3632 621 3703 siquidem
648 3647 701 3685 et
731 3635 843 3703 ipsa
872 3635 1065 3686 Divum
1097 3654 1177 3686 re·

157 3714 289 3781 gina
316 3713 398 3764 sui
426 3712 664 3783 conjugis
690 3727 899 3782 peccata
926 3713 1071 3774 tulit,
1094 3714 1177 3764 in-

155 3792 341 3844 doluit
366 3791 674 3862 quotidiana
696 3793 844 3844 Jovis
872 3792 1043 3862 culpa.
1076 3792 1175 3844 Sed

158 3871 361 3941 aliquis
374 3870 538 3924 dicet:
558 3891 662 3923 uon
688 3889 894 3941 aequum
915 3884 990 3921 est
1005 3890 1176 3922 exem-

158 3953 248 4020 pla
278 3953 517 4001 Deorum
548 3950 852 4002 homiuibus
885 3970 1177 4002 accommo-

156 4029 312 4081 dare.
331 4028 498 4081 Cedo·
522 4030 660 4097 Ergo
677 4042 792 4081 utar
819 4031 1055 4099 exemplo
1083 4031 1175 4081 liu>

158 4127 358 4161 mano:
379 4109 490 4161 noli
511 4109 651 4161 senis
670 4109 898 4179 parentis
917 4110 1179 4162 tristitiem

1269 939 1499 993 dominae
1527 943 2045 1011 objicere.Praeterea
2073 943 2182 994 baec
2206 957 2281 994 est

1271 1038 1427 1071 causa
1455 1022 1616 1072 altera
1652 1041 1747 1073 cur
1781 1040 1961 1091 aspere
2002 1040 2125 1074 cum
2169 1042 2279 1074 mea

1270 1118 1375 1149 non
1390 1098 1801 1169 utar.Quidquid
1822 1099 1948 1153 mihi
1967 1101 2278 1162 ravennana

1271 1177 1379 1246 Iege
1421 1191 1598 1230 coacta
1636 1180 1775 1231 facit.
1810 1181 1949 1248 Ergo
1981 1179 2102 1232 licet
2133 1180 2276 1233 haud

1270 1256 1587 1326 inculpatam
1650 1280 1705 1310 se
1763 1260 1988 1328 praebeat
2007 1299 2020 1320 ,
2087 1272 2238 1310 tamen
2260 1302 2273 1322 ‚

1268 1354 1438 1412 quum
1472 1357 1578 1387 non
1616 1338 1679 1388 sit
1719 1357 1830 1389 mea
1871 1339 2100 1408 conjux,
2143 1339 2277 1391 illud

1268 1415 1389 1466 satis
1424 1429 1528 1477 est,
1558 1416 1599 1467 si
1634 1415 1789 1468 datur
1827 1435 1961 1468 unus
1991 1415 2104 1468 dies
2134 1431 2267 1469 etc.-
2308 1483 2311 1486 Δ

1269 1493 1503 1546 Haudius
1521 1509 1750 1565 quatuor
1776 1515 1952 1547 versus
1981 1497 2268 1559 138--141

1269 1586 1514 1643 tanquam
1542 1576 1746 1644 spurios
1772 1588 1946 1626 censet
1974 1594 2274 1644 expungen-

1266 1650 1390 1714 dus,
1413 1654 1791 1723 refragantibus
1812 1655 1962 1705 libris
1986 1658 2275 1708 manuscri-

1268 1732 1371 1800 ptis
1406 1733 1668 1785 omnibus.
1707 1736 1820 1785 Hoc
1851 1748 2160 1803 argumento
2191 1738 2270 1787 ni-

1267 1811 1412 1874 titur,
1432 1810 1579 1882 quod
1592 1813 1748 1863 series
1760 1814 2133 1864 sententiarum
2152 1832 2268 1882 per·

1267 1892 1526 1943 turbetur.
1541 1892 1573 1940 J
1576 1911 1657 1942 am
1680 1911 1776 1961 ego
1791 1911 1929 1943 nunc
1945 1891 2272 1959 respondisse

1266 1968 1463 2020 videor.
1513 1975 1579 2020 At
1624 1972 1774 2022 metri
1818 1972 1976 2022 etiarn
2015 1972 2272 2024 rationem

1265 2049 1445 2117 objicit
1466 2089 1479 2112 ‚
1501 2068 1616 2118 quae
1645 2069 1826 2101 vocem
1846 2050 2123 2120 quotidiana
2140 2091 2152 2110 ‚
2176 2071 2269 2102 cu-

1258 2130 1345 2196 jus
1397 2129 1562 2196 prima
1612 2129 1815 2193 brevis,
1852 2126 2077 2180 secunda
2117 2130 2269 2199 longa

1263 2208 1459 2276 syllaba
1481 2226 1591 2258 esse
1613 2208 1742 2259 solet
1757 2248 1772 2270 ‚
1790 2207 2012 2259 omnino
2036 2207 2267 2260 damnat.

1264 2286 1500 2337 Catullus
1511 2305 1636 2338 vero
1645 2304 2029 2355 uoununquam
2044 2288 2271 2357 autiquae

1264 2383 1478 2434 poeseos
1505 2366 1710 2417 licentia
1738 2385 1863 2418 usus
1889 2385 2003 2435 quae
2032 2385 2137 2417 non
2157 2387 2268 2419 cer-

1264 2458 1366 2496 tam
1404 2447 1665 2516 fixamque
1702 2445 1837 2498 adeo
1873 2447 2124 2517 cujusque
2165 2448 2269 2516 syl-

1264 2525 1389 2576 labae
1441 2528 1784 2594 quantitatem
1833 2526 2097 2588 habebat,
2139 2527 2268 2596 quin

1260 2622 1373 2653 eam
1421 2625 1517 2672 pro
1552 2605 1727 2655 lubitu
1769 2603 1982 2675 quando
2028 2617 2266 2658 mutaret.

1261 2682 1345 2734 Sic
1380 2684 1712 2745 Pharsaliam,
1757 2685 2013 2735 Pharsalia
2058 2697 2181 2734 tecta
2220 2706 2261 2736 c.

1261 2762 1458 2826 Lxlv,
1476 2765 1636 2830 37,et
1663 2763 1970 2815 Terentium
2000 2762 2267 2815 advocabo

1261 2841 1349 2909 qui
1396 2840 1675 2893 secundam
1726 2844 2108 2911 quotidianarum
2151 2844 2269 2895 bre-

1262 2938 1377 2970 vem
1407 2920 1530 2971 fecit
1562 2914 1827 2986 (Eunucb.
1857 2923 1934 2983 lI,
1967 2920 2026 2981 3,
2061 2913 2146 2984 6);
2175 2941 2268 2991 po-

1262 2998 1362 3049 tuit
1393 3018 1602 3069 quoque
1635 3001 1799 3069 prima
1833 2997 2055 3069 produci
2091 3000 2271 3052 iterata

1262 3077 1411 3129 litera
1443 3092 1476 3128 t.
1511 3079 1575 3129 N.

1352 3176 1367 3207 ι
1384 3165 1468 3220 40.
1500 3157 1737 3208 Omnivoli
1753 3161 1993 3224 ignoscens
2014 3160 2269 3222 conjectat

1265 3236 1527 3287 Heinsius
1552 3269 1626 3276 —-
1657 3236 1922 3299 omnivoli,
1951 3237 2270 3306 appetentis,

1264 3315 1527 3386 quidquid
1570 3328 1646 3366 est
1690 3316 2035 3366 formosarum
2073 3315 2270 3386 puella-

1265 3414 1405 3447 rum.

1354 3482 1478 3536 ¹4¹·
1519 3476 1678 3546 Atque
1717 3475 1769 3524 in
1805 3473 2071 3525 nonnullis
2100 3472 2270 3525 Codd.

1267 3586 1341 3595 --—
1380 3555 1544 3624 Aeque
1580 3575 1663 3604 nec
1701 3574 1730 3603 ο
1762 3554 1882 3605 divis
1921 3554 1974 3604 in
2016 3570 2122 3604 uno
2160 3554 2267 3605 MS.

1266 3634 1516 3685 Santenii.
1544 3665 1620 3674 -—
1643 3635 1765 3703 Aeq.
1794 3652 1926 3684 unus
1952 3630 2167 3684 Mediol.
2196 3662 2278 3697 ·····.

1268 3715 1341 3764 Ae
1370 3719 1479 3784 quia
1514 3713 1642 3764 alter
1669 3712 1922 3763 Datianus
1948 3730 2066 3762 cuni
2102 3710 2274 3763 Gudi-

1264 3812 1366 3844 ano
1406 3805 1459 3843 et
1505 3790 1741 3843 Riccard.
1780 3823 1856 3831 —
1903 3791 1974 3841 ,Ac
2017 3810 2122 3859 qua·
2165 3789 2275 3840 duo

1269 3872 1541 3922 Saibantis.
1575 3873 1860 3939 componere
1879 3875 2052 3932 justum
2084 3870 2163 3919 vel
2192 3873 2275 3937 [as

1270 3969 1365 4018 pro
1388 3970 1570 4018 tequam
1594 3952 1724 4002 {nale
1747 3949 1999 3999 edebatur
2017 3960 2135 3999 ante
2158 3950 2274 4000 Cal-

1272 4030 1541 4097 purnium.
1576 4059 1653 4069 --
1687 4030 1838 4093 Λῑεμιὶ
1880 4048 1962 4077 uec
2001 4028 2134 4078 Divis
2178 4041 2277 4079 etc.

1276 4109 1395 4160 Non
1431 4127 1548 4159 raro
1574 4121 1743 4158 tannen
1768 4126 1794 4157 a
1823 4108 2017 4175 puetis,
2042 4107 2283 4177 inprimi<-x

1839 4200 1980 4281 223
