2986 4935
575 466 580 472 ,
681 446 821 526 „4

1197 445 1270 510 C.
1308 443 1740 511 VALERII
1799 443 2264 511 CATULLI

877 573 1043 642 Solis
1089 573 1283 642 licere
1322 574 1640 668 quidquid
1684 590 1781 643 est
1822 573 2187 668 puellarum

878 679 1319 762 Constituere,
1358 696 1424 749 et
1468 694 1701 776 putare
1738 696 2011 750 caeteros
2048 679 2309 749 hircos?
2776 716 2793 749 s

877 789 1015 869 An,
1050 789 1461 855 continenter
1496 787 1672 881 quod
1712 787 1948 855 sedetis
1993 786 2218 856 insulsi

879 895 1163 961 Centum
1185 947 1204 975 ,
1238 907 1353 962 aut
1389 893 1685 979 ducenti,
1719 919 1851 961 non
1886 895 2127 987 putatis
2163 916 2475 961 ausurum

874 1000 988 1066 Me
1024 1022 1158 1065 una
1199 998 1520 1068 ducentos
1556 1001 1888 1067 inrumare
1930 997 2256 1068 sessores?

876 1106 1075 1197 Atqui
1111 1120 1337 1197 putate
1371 1131 1386 1172 ε
1434 1130 1718 1198 namque
1754 1106 1957 1174 totius
1990 1105 2176 1173 vobis

876 1213 1185 1279 Frontem
1231 1212 1519 1281 tabernae
1553 1212 1955 1305 scipionibus
1999 1212 2300 1281 scribam.

667 1402 923 1472 templum
943 1403 1169 1455 Castoris
1185 1416 1235 1455 et
1250 1402 1476 1455 Pollucis
1492 1403 1548 1454 in
1567 1402 1693 1455 foro'

665 1482 905 1533 Romano
942 1481 1009 1533 ad
1060 1483 1236 1535 lucum
1279 1480 1682 1535 suturnae.vid.

668 1560 846 1611 Adlers
870 1562 1196 1628 ausfia'hrle'elie
1221 1562 1580 1631 Beschtet'bu‘ng
1601 1562 1687 1613 der

664 1638 811 1691 Stude
832 1642 983 1705 Rom,
1007 1660 1060 1711 p.
1091 1646 1220 1704 246.

747 1726 803 1783 4.
847 1722 1081 1792 quidquid
1122 1734 1193 1773 est
1234 1721 1505 1791 puellm-um
1522 1758 1537 1785 ,
1580 1721 1684 1773 ele·

665 1813 847 1868 gauter
874 1818 888 1852 :
916 1820 1097 1853 omnes
1126 1802 1328 1872 puellas
1360 1803 1469 1854 sine
1500 1799 1683 1853 discri-

665 1897 824 1932 mine.

747 1957 799 2011 5.
826 1961 1005 2011 Hit-cos
1019 1997 1034 2020 ,
1056 1960 1109 2013 h.
1135 1978 1181 2012 e.
1203 1960 1296 2032 qui
1318 1960 1459 2012 viros
1480 1979 1535 2011 se
1556 1979 1686 2031 prae·

663 2049 797 2090 stare
831 2054 1129 2111 nequeunt,
1157 2040 1320 2093 hircis
1350 2040 1578 2093 castratis
1616 2040 1683 2091 si·

666 2118 830 2172 miles.
874 2121 1191 2190 Interpretes
1231 2122 1492 2190 explicant
1532 2123 1683 2172 hircos

665 2195 906 2250 homines
951 2198 1117 2251 foedos
1138 2239 1152 2264 ,
1191 2199 1399 2252 hircum
1453 2200 1679 2256 olentes,

662 2275 720 2329 h.
761 2297 808 2330 e.
851 2292 985 2331 tetro
1019 2279 1297 2331 axillarum
1338 2279 1506 2332 odore
1536 2280 1680 2331 labo-

663 2371 835 2408 rantes
849 2394 866 2420 ,
893 2372 944 2410 et
964 2358 1090 2409 hinc
1112 2358 1301 2429 puellis
1325 2357 1682 2421 detestandos,

664 2433 731 2488 de
776 2456 880 2508 qua
915 2457 974 2490 re
1011 2436 1121 2490 vid.
1154 2436 1221 2491 ad
1254 2439 1430 2491 Carm.
1464 2439 1641 2491 LXIX
1665 2478 1679 2503 ,

667 2519 700 2566 6
721 2556 732 2568 .
765 2515 870 2568 Sed
905 2518 1054 2588 prior
1085 2518 1368 2588 explicatio
1399 2519 1571 2589 aptius
1597 2539 1679 2573 re·

660 2594 883 2665 spondet
913 2597 1084 2649 versui
1113 2597 1163 2650 3.

743 2679 799 2727 6.
849 2676 936 2727 An
953 2715 968 2738 ,
1012 2680 1303 2728 continenter·
1340 2678 1471 2748 quod
1510 2678 1679 2730 sedetis

660 2756 854 2816 insuLu',
890 2768 989 2807 etc.
1022 2756 1194 2809 Sedere
1235 2757 1451 2827 proprie
1485 2754 1679 2810 dicitur

661 2833 728 2886 de
769 2834 860 2898 iis,
889 2835 980 2905 qui
1017 2834 1222 2889 desides
1251 2837 1305 2888 in
1343 2838 1521 2907 aliquo
1561 2837 1677 2889 loco

661 2928 1085 2982 commorantur,
1116 2929 1167 2968 et
1204 2917 1394 2987 ignavo
1427 2918 1539 2969 otio
1572 2915 1676 2968 dif-

659 2994 860 3058 fluunt;
889 2993 942 3046 id
988 2994 1134 3067 quod
1172 2997 1254 3048 vel
1283 2997 1513 3048 maxime
1541 2997 1678 3047 valet

658 3074 727 3127 de
751 3073 1057 3127 hominibus
1079 3075 1319 3128 libidinis
1340 3094 1490 3127 causa
1523 3075 1576 3127 in
1606 3088 1677 3127 ta·

657 3152 836 3206 bernis
857 3152 1180 3219 sedentibus,
1206 3156 1298 3226 qui
1329 3155 1426 3225 ipsi
1451 3155 1676 3206 suaviter

659 3233 783 3286 inde
828 3252 878 3285 v.
932 3237 998 3298 8,
1041 3249 1295 3286 vocantur
1336 3254 1553 3286 sessores.
1592 3233 1676 3286 Sic

653 3312 798 3383 apud
821 3312 1033 3365 Groecos
1045 3309 1189 3371 ἧσθαι
1212 3327 1263 3366 et
1284 3311 1672 3371 zuflieOat.W'id.

658 3412 776 3463 quae
805 3392 1078 3445 ambitiose
1104 3393 1156 3444 in
1188 3393 1326 3445 hanc
1350 3412 1461 3446 rem
1484 3395 1674 3445 consti-

654 3472 797 3542 pavit
816 3472 1041 3523 Klotzius
1058 3471 1126 3526 ad
1145 3474 1415 3543 Tyrtaeum
1429 3512 1442 3537 ,
1459 3492 1515 3544 p.
1544 3491 1564 3524 1
1580 3473 1648 3535 43
1661 3511 1671 3522 .

654 3581 733 3592 -
773 3551 1108 3616 continenter,
1157 3553 1293 3604 nach
1339 3549 1435 3604 der
1475 3552 1673 3615 fle-ibe,

654 3631 801 3683 einer
826 3630 961 3683 nach
986 3629 1110 3684 dem
1135 3630 1368 3693 andern3
1397 3651 1504 3684 uno
1527 3632 1672 3702 quasi

650 3709 839 3763 ordine
854 3723 906 3763 et
922 3724 1122 3764 tenore.
1140 3711 1226 3764 Sic
1249 3711 1419 3764 Gra-,ci
1442 3719 1670 3778 συνεχῶς,

651 3791 919 3861 ἐπισχερὼ,
949 3792 1071 3853 ὅξῆς.

733 3889 786 3938 7.
813 3872 1012 3923 Centum
1031 3912 1046 3933 ,
1068 3882 1155 3923 ant
1175 3870 1393 3934 ducenti,
1418 3888 1672 3923 numerus

647 3948 906 4002 rotundus
929 3969 1028 4021 pro
1053 3950 1244 4002 multis.

733 4032 785 4081 8.
813 4031 1055 4081 lammam
1071 4071 1084 4092 ,
1108 4029 1257 4081 flocci
1282 4028 1541 4100 pendere,
1562 4050 1668 4082 non

649 4127 863 4167 curare,
906 4109 1096 4177 injuria
1155 4110 1416 4163 lacessere.
1465 4109 1548 4160 Cf.
1600 4108 1665 4161 ad

1773 1403 1948 1456 Carm.
1975 1402 2158 1454 XXIX
2176 1440 2191 1465 ‚
2214 1421 2315 1466 103
2339 1416 2390 1454 et
2418 1401 2469 1453 X
2487 1440 2504 1467 ,
2530 1421 2619 1455 ια.
2648 1404 2794 1457 Dilu-

1770 1480 1888 1534 cide
1919 1495 2093 1533 autem
2121 1500 2182 1534 ex
2208 1481 2313 1533 hoc
2339 1482 2459 1534 loco
2487 1497 2707 1554 apparet
2739 1489 2792 1537 τὸ

1771 1565 2010 1613 int-amare
2035 1579 2143 1612 non
2172 1561 2387 1632 propria
2417 1562 2792 1631 significatione

1768 1639 2136 1709 accipiendum
2160 1658 2293 1703 esse,
2318 1659 2484 1712 quum
2503 1643 2679 1694 statim
2700 1641 2792 1695 ad-

1771 1719 1918 1772 ditur
1938 1738 2198 1790 ·namque
2214 1720 2371 1772 totius
2391 1720 2543 1772 vobis
2561 1722 2790 1775 frontem

1771 1802 1998 1853 taberna
2028 1798 2351 1869 scipionibus
2384 1800 2610 1854 scribam
2631 1838 2649 1865 ,
2675 1826 2699 1848 ι
2735 1802 2789 1854 h.

1771 1899 1818 1931 e.
1847 1879 2006 1931 totius
2036 1879 2261 1931 taberna
2289 1879 2450 1931 fronti
2475 1880 2510 1930 i.
2544 1898 2591 1933 e.
2621 1894 2792 1934 exue·

1772 1978 1870 2011 mae
1883 1960 2018 2028 parti
2038 1952 2141 2022 [vel
2156 1959 2330 2029 potius
2348 1962 2580 2010 anteriori
2590 1959 2641 2011 N
2651 1957 2685 2022 .]
2707 1960 2795 2013 fla·

1769 2039 1895 2106 gitia
1911 2053 2075 2090 vestra
2088 2038 2367 2102 inscribam
2388 2052 2469 2103 ‚ut
2479 2039 2655 2109 palam
2666 2040 2794 2093 fiant

1770 2131 1820 2169 et
1851 2120 1918 2170 ab
1956 2117 2205 2170 omnibus
2234 2117 2673 2187 pretereuntibus
2700 2138 2791 2172 oo-

1769 2211 2100 2266 gnoscantur.
2121 2198 2240 2249 Non
2258 2214 2381 2249 raro
2399 2198 2540 2249 enim
2555 2236 2572 2263 ,
2600 2198 2791 2252 ‹arbo-

1768 2277 1923 2329 nibus
1952 2277 2251 2349 praecipue,
2278 2276 2333 2327 in
2361 2274 2555 2329 edium
2584 2278 2793 2331 foribus

1766 2358 1834 2407 ab
1864 2357 2090 2409 inimicis
2113 2356 2284 2409 notari
2315 2357 2625 2428 vulgarique
2654 2360 2791 2410 nole-

1767 2437 1893 2489 bant
1927 2438 2206 2489 hominum
2240 2434 2381 2488 vitia.
2420 2435 2585 2490 Plaut.
2619 2436 2787 2492 Herc.

1767 2518 1854 2578 ΙΙ,
1884 2516 1913 2567 3
1937 2555 1951 2580 ,
1981 2525 2083 2587 74ε
2109 2518 2468 2587 «Impleantur
2493 2534 2623 2569 mee
2651 2518 2793 2571 rom
2852 2539 2859 2544 ⁴

1765 2597 2056 2665 elogiorum
2108 2596 2453 2659 carbonibus3
2475 2621 2497 2640 ι
2546 2595 2640 2647 ubi
2676 2597 2787 2650 vid.

1765 2677 2046 2745 Interpret.
2096 2676 2221 2728 hinc
2257 2676 2460 2727 cae-bone
2499 2687 2665 2727 notare
2714 2690 2790 2730 est

1765 2757 2126 2826 perstringere.
2153 2756 2283 2808 Hor.
2313 2756 2418 2808 Sat.
2444 2756 2497 2806 11
2517 2794 2532 2820 ,
2560 2754 2589 2806 3
2606 2794 2623 2820 ,
2652 2760 2787 2820 248.

1764 2866 1842 2877 --
1886 2836 2005 2887 Non
2042 2833 2323 2888 commode
2356 2833 2424 2888 ad
2465 2852 2576 2887 rem
2609 2835 2788 2890 Plauti

1765 2915 1936 2965 locum
1967 2914 2075 2967 huc
2110 2915 2422 2985 Doeringius
2470 2914 2669 2976 attulit,
2718 2916 2789 2968 si

1762 2994 1979 3064 quidem
2028 2992 2096 3046 de
2133 2996 2400 3047 amatoriis
2427 2993 2791 3065 inscriptio-ni

1762 3075 1905 3126 bus
1892 3093 1945 3125 m
1986 3093 2050 3126 eo
2085 3074 2144 3126 fit
2167 3074 2379 3126 mentio.
2410 3076 2478 3125 At
2501 3076 2558 3125 τὸ
2582 3075 2789 3127 oarbom

1763 3167 1930 3204 notare
1946 3152 2069 3206 ideo
2087 3154 2335 3214 damnare,
2362 3155 2595 3220 bisantem
2615 3155 2789 3220 valet,

1763 3232 1910 3303 quod
1939 3235 2101 3285 carbo
2125 3232 2291 3301 niger,
2321 3246 2374 3285 et
2405 3233 2494 3284 hic
2520 3232 2666 3303 apud
2694 3254 2786 3287 ve·

1766 3325 1899 3364 teres
1924 3313 2182 3365 infaustus
2207 3312 2355 3364 color
2383 3313 2502 3364 fuit.
2527 3313 2638 3367 Tit.
2664 3314 2783 3368 Liv.

1763 3394 2010 3444 XXVIII
2029 3430 2043 3455 ,
2076 3411 2147 3460 ²9
2178 3409 2191 3442 :
2230 3417 2252 3437 ι
2274 3393 2485 3444 Atrium
2513 3392 2784 3446 Umbrum

1762 3471 1991 3524 nominis
2009 3472 2163 3524 etiam
2174 3470 2512 3524 abominandi
2529 3471 2726 3526 ducem
2737 3500 2760 3520 υ
2770 3513 2782 3525 .

1764 3552 1947 3605 Horat.
1986 3552 2094 3604 Sat.
2124 3552 2178 3614 1,
2208 3557 2271 3615 4,
2298 3550 2370 3603 85
2400 3567 2414 3602 τ
2448 3576 2471 3598 ι
2496 3552 2600 3605 Hie
2632 3554 2785 3623 niger

1762 3645 1869 3694 est,
1907 3632 2048 3683 hunc
2082 3643 2139 3683 tu
2160 3671 2173 3692 ‚
2218 3632 2484 3696 Romane,
2516 3644 2725 3685 caveto.
2756 3659 2779 3679 ι

1761 3710 1904 3763 Pers.
1929 3710 2112 3774 Sat.v‚
2130 3711 2236 3762 108
2260 3728 2273 3762 :
2302 3709 2431 3762 -llla
2442 3711 2589 3781 prins
2608 3724 2782 3775 creta,

1761 3808 1883 3842 mox
1904 3792 2014 3842 haec
2032 3790 2259 3842 carbone
2277 3791 2469 3843 notasti
2482 3816 2505 3836 ι
2518 3828 2531 3841 .
2552 3790 2624 3842 Ν.

1841 3889 1875 3938 9
1886 3870 2073 3931 .Vobis,
2088 3871 2141 3922 in
2153 3881 2375 3921 vestram
2389 3868 2780 3922 contumeliam.

1850 3969 1936 4002 ιο.
1991 3950 2153 4021 Scipio
2204 3950 2310 4002 hoc
2360 3950 2478 4002 loco
2530 3949 2782 4003 bacillum

1761 4032 2064 4083 semiustum
2090 4043 2271 4082 notare
2294 4026 2521 4093 videtur,
2543 4047 2653 4100 quo
2675 4030 2782 4081 for·

1759 4122 1885 4160 tasse
1913 4129 1975 4161 eo
2004 4109 2222 4161 consilio
2246 4112 2353 4177 jam
2382 4110 2627 4162 carbonis
2665 4110 2780 4162 loon
