2986 4935
858 547 1301 614 CARMEN
1360 550 1646 618 LXIV.

2164 547 2308 641 267

288 681 379 744 Te
421 702 754 769 quaerenS,
792 676 1111 760 Ariadna,
1143 692 1387 771 tuoque
1425 680 1729 746 incensus
1767 703 2022 762 amore;

291 784 421 870 Qui
452 797 592 850 tum
624 780 872 851 alacres
904 785 1147 878 passim
1188 782 1525 877 lymphata
1563 799 1780 852 mente
1820 783 2157 868 furebant,
2242 819 2317 854 2551

289 893 471 957 Evoe
507 888 941 974 bacchantes,
978 915 1174 972 evoe,
1210 892 1424 984 capita
1463 891 1892 959 inflectentes.

292 999 544 1062 Horum
587 1019 739 1088 pars
777 1010 948 1064 tecta
985 997 1367 1089 quatiebant
1411 996 1680 1090 cuspide
1726 997 2021 1088 thyrsos3

294 1106 446 1169 Pars
483 1126 518 1168 e
551 1100 808 1169 divulso
840 1102 1189 1196 raptabant
1224 1103 1522 1170 membra
1550 1103 1881 1194 juvenco;

293 1210 446 1275 Pars
491 1232 628 1275 sese
675 1211 862 1276 tortis
904 1210 1315 1301 serpentibus
1354 1208 1806 1301 incingeban13

293 1317 445 1381 Pars
483 1315 763 1381 obscura
811 1317 989 1382 cavis
1031 1314 1452 1383 celebrabant
1489 1317 1674 1408 orgia
1715 1317 1924 1398 cisti3‚
2242 1342 2317 1379 ,συ

197 1494 346 1547 modo
365 1494 428 1547 ad
453 1507 683 1546 montem
703 1534 716 1556 ,
741 1494 899 1546 modo
923 1496 988 1546 ad
1013 1496 1194 1547 urbem

195 1573 343 1643 hujus
380 1574 645 1635 nominis,
686 1574 873 1626 Bacchi
921 1593 1038 1638 res,
1078 1576 1197 1627 satis

196 1666 367 1705 notum
399 1667 489 1706 est.
522 1652 649 1705 Vid.
684 1655 853 1726 Heyne
879 1653 946 1705 ad
978 1655 1196 1724 Apollo·

197 1731 303 1785 dor.
333 1734 384 1784 in
418 1746 527 1785 not.
560 1751 616 1803 p.
649 1733 778 1784 563.

270 1814 393 1866 255.
423 1814 695 1885 Lympham
735 1813 967 1865 -dicitur
989 1832 1019 1863 a
1041 1831 1196 1884 nym-

196 1893 289 1962 pha
326 1893 575 1964 lympha.
598 1933 611 1944 .
634 1933 647 1944 .
666 1932 679 1943 .
716 1895 777 1943 ln
816 1892 1019 1945 Graecia
1064 1912 1198 1962 quos

194 1976 552 2043 λυμφολήπτους
578 1973 875 2043 appellant,
902 1972 967 2023 ab
985 1991 1047 2023 eo
1067 1973 1200 2043 lym·

197 2053 369 2120 phatos
394 2051 650 2105 dixerunt
680 2053 859 2102 nostri.
882 2079 901 2098 ι
930 2053 1101 2102 Varro
1132 2049 1198 2103 de

198 2132 227 2180 l·
245 2133 277 2183 Ι.
299 2133 374 2184 Vl
391 2168 408 2193 ‚
434 2133 488 2194 5,
511 2132 563 2183 5.
595 2132 886 2202 ·Lympbae
907 2130 1061 2183 dictae
1078 2143 1199 2182 sunt

196 2230 221 2261 a
239 2213 503 2283 nymphis.
525 2209 705 2281 Vul'go
727 2224 902 2262 autem
934 2211 1200 2262 memoria:

198 2290 451 2360 proditum
489 2303 602 2354 est,
636 2291 944 2361 quicunque
972 2291 1197 2359 speciem

193 2370 461 2441 quamdam
511 2389 540 2420 e
586 2371 731 2422 sonte
750 2409 763 2432 ,
804 2371 837 2422 i.
882 2388 927 2420 e.
975 2370 1201 2439 effigiem

192 2451 428 2522 nymphas
451 2448 719 2509 viderint,
750 2447 960 2502 furendi
987 2470 1093 2501 non
1125 2450 1200 2500 fe-

192 2532 311 2583 cisse
351 2533 549 2593 finem,
595 2549 726 2601 quos
757 2531 927 2582 Graeci
960 2529 1199 2599 νυμφολή-

192 2630 330 2671 πτους
350 2622 578 2674 vocant,
601 2610 770 2662 Latini
797 2610 1093 2680 lymphatos
1109 2629 1200 2679 ap-

192 2690 390 2758 pellant.
418 2718 438 2735 n
480 2690 666 2740 Festus
707 2709 757 2741 v.
808 2690 1049 2760 Lymplaoe.
1098 2688 1200 2740 Adi

194 2770 298 2823 Cic.
320 2769 387 2823 dc
419 2771 545 2821 Div.
582 2771 636 2832 Ι,
661 2769 753 2839 37,
786 2769 1002 2820 Pacuvii
1025 2788 1201 2819 versus

195 2850 530 2902 referentem:
572 2876 593 2894 ι
616 2849 919 2900 Flexanima
952 2862 1199 2918 tanquam

193 2926 480 2999 lymphata,
502 2941 562 2980 ut
585 2928 773 2979 Bacchi
795 2929 952 2980 sacris
974 2946 1203 2978 commo·

196 3019 239 3058 ta
265 3021 359 3061 etc.
386 3037 407 3055 ι
449 3010 518 3060 Ν.

270 3089 396 3141 256.
447 3088 626 3157 Capita
678 3088 962 3156 Instectenees
983 3129 996 3148 ,
1055 3105 1201 3138 more

192 3168 362 3220 furore
388 3180 777 3237 correptorum.
800 3167 975 3218 Carm.
1000 3167 1199 3228 LXIII,

198 3247 261 3299 23
286 3264 299 3298 ε
323 3249 425 3299 «Ut
450 3247 626 3317 capita
650 3244 912 3299 Maenades
933 3246 983 3297 vi
1002 3246 1199 3317 jaciunt

192 3323 520 3398 hederigerae.
542 3353 561 3371 ·

269 3409 399 3476 ²57·
436 3407 645 3478 Thynos
674 3419 797 3456 tecta
816 3406 1030 3474 cuspide,
1055 3405 1200 3456 fron·

191 3483 336 3538 dibus
365 3486 661 3558 pampineis
688 3487 886 3537 velatos
903 3523 918 3546 ‚
950 3498 999 3536 et
1027 3483 1199 3534 obdu-

189 3578 309 3619 ctos.
337 3568 386 3618 T
383 3567 551 3634 hyr-sos
574 3564 826 3617 describit
843 3566 991 3633 Virg.
1022 3564 1199 3632 Eclog.

193 3644 255 3705 V,
294 3645 402 3697 31:
449 3672 471 3691 ι
498 3646 563 3697 Et
599 3645 737 3696 foliis
776 3646 938 3695 lentas
972 3645 1201 3695 intexere

189 3724 464 3777 frondibus
507 3725 748 3789 hastas‚-
791 3724 886 3775 ubi
919 3724 985 3774 cf.
1025 3723 1198 3774 Cer-da.

189 3835 263 3847 —-
305 3806 495 3856 Hostus
525 3808 803 3873 pampineas
841 3802 979 3855 idem
1020 3804 1202 3873 thyrsos

190 3897 334 3936 vocat
379 3887 507 3935 AEn.
545 3884 685 3946 VII,
730 3883 857 3956 396.
906 3914 982 3922 —-
1022 3885 1199 3951 Θύρσιι

187 3967 397 4016 κισσοῖσι
456 3964 725 4030 πλοκάμοις
801 3960 1197 4032 ιαταὲρέμοντις

188 4041 330 4112 apud
360 4045 553 4094 Anacr.
581 4041 684 4094 Od.
711 4044 808 4106 vl,
842 4044 888 4095 5.

269 4123 402 4176 258.
451 4122 716 4173 lactabant
755 4124 936 4173 Venet.
986 4122 1198 4191 Gryph.

189 4199 382 4254 Mutet.
404 4214 459 4254 et
481 4201 718 4272 plerique
740 4202 861 4254 libri
883 4214 1107 4263 veteres,
1130 4215 1201 4252 te·

1284 1509 1450 1548 stante
1479 1509 1532 1547 et
1568 1498 1827 1566 probante
1860 1496 2067 1548 Vossio.
2099 1497 2310 1565 §parge-

1286 1575 1402 1625 baut
1436 1578 1558 1625 euim
1579 1617 1594 1636 ,
1626 1575 1797 1646 inquit
1825 1575 1915 1628 ille
1937 1613 1952 1637 ‚
1991 1589 2038 1627 et
2063 1577 2311 1642 jactabant

1282 1675 1448 1704 carnes
1484 1659 1591 1705 istoe
1619 1656 1903 1716 Maenades,·
1935 1655 1989 1706 in
2018 1673 2175 1727 quam
2196 1675 2307 1707 rem

1283 1732 1459 1787 laudat
1489 1733 1730 1803 Euripid.
1759 1736 1947 1786 Bacch.
1981 1735 2091 1804 738
2125 1753 2138 1786 :
2168 1763 2187 1782 ι
2209 1728 2306 1789 L).-

1281 1820 1362 1865 λαι
1392 1809 1451 1865 δὲ
1475 1811 1711 1884 δαμάλας
1735 1810 1982 1883 διεφόρουν
2002 1819 2310 1885 σπαράγμα-

1285 1913 1378 1944 σιν.
1419 1888 1562 1954 Εἶδες
1594 1889 1646 1943 δ’
1683 1894 1737 1944 ἂν
1776 1895 1807 1949 ἢ
1845 1901 2011 1964 πὶ.εὗρ’
2043 1896 2075 1950 ἢ
2104 1890 2306 1961 δίχηλον

1283 1971 1491 2041 ἷμὲασιν
1512 2012 1527 2037 ,
1547 1964 1810 2042 ῥιπτόμεν’
1836 1975 1935 2024 ἅνω
1959 1994 2013 2025 τε
2043 1974 2125 2025 καὶ
2147 1979 2307 2026 κάτω.

1284 2051 1385 2102 Sed
1420 2071 1481 2103 ex
1519 2071 1628 2103 mea
1665 2054 1914 2104 sententia
1950 2054 2207 2121 raptabant
2227 2073 2313 2104 eo·

1285 2131 1405 2182 dem
1424 2132 1533 2182 fere
1546 2130 2060 2199 redit.—Rapeubane
2081 2154 2106 2182 e
2129 2133 2312 2184 divulso

1276 2213 1472 2279 juvenc.
1511 2210 1881 2262 Bacchantium
1916 2211 2056 2261 enim
2078 2213 2230 2263 turba
2255 2212 2307 2263 in

1288 2291 1556 2342 montibus
1580 2304 1630 2341 et
1651 2290 1786 2359 agris
1805 2288 2107 2341 discurrens
2123 2294 2308 2361 juven·

1287 2387 1375 2418 cos
1414 2370 1657 2439 inprimis
1687 2371 1768 2420 vel
1803 2370 1993 2420 vitulos
2031 2370 2083 2420 in
2123 2372 2302 2423 furore

1287 2447 1618 2501 dilaniandos
1655 2463 1704 2501 et
1746 2448 2121 2520 discerpendos
2161 2451 2307 2503 inva-

1287 2528 1462 2581 debat.
1507 2530 1786 2582 Notissima
1838 2543 1912 2582 est
1956 2530 2129 2583 fabula
2175 2532 2308 2582 Pen-

1290 2610 1413 2661 thei.

1370 2689 1501 2757 259.
1549 2692 1708 2741 Tot-eis
1749 2691 2056 2760 serpentibus.
2101 2693 2177 2743 De
2217 2710 2310 2741 usu

1291 2769 1618 2839 serpentium
1640 2808 1653 2828 .
1710 2770 1902 2839 quibus
1959 2784 2063 2822 tam
2123 2790 2314 2840 corpus

1289 2867 1446 2917 quam
1472 2867 1679 2900 comam
1700 2849 2037 2919 implicabant
2054 2851 2312 2901 bacchan-

1289 2942 1396 2988 tes,
1430 2928 1643 2997 copiose
1672 2926 1735 2977 ad
1773 2929 1821 2979 Ιι.
1854 2929 1885 2979 Ι.
1918 2927 2152 2998 disputat
2178 2930 2309 2981 Vos-

1287 3007 1419 3069 sius;
1445 3006 1581 3059 adde
1605 3008 1891 3058 Muretum.

1374 3091 1497 3139 260.
1530 3088 1634 3138 Pro
1667 3086 1964 3136 celebrabam
1995 3088 2307 3158 conjiciebat

1292 3166 1687 3219 Brouckbusius
1717 3167 1768 3216 in
1807 3166 2076 3217 anecdotis
2113 3170 2305 3220 notulis

1287 3246 1534 3308 celabunt,
1567 3245 1923 3297 intercedente
1954 3247 2210 3298 Dorvillio
2237 3248 2303 3300 ad

1289 3326 1487 3377 Charit.
1523 3345 1575 3395 p.
1613 3324 1756 3393 359,
1789 3326 1877 3375 ubi
1912 3323 2066 3377 docte
2101 3326 2167 3377 de
2200 3327 2301 3381 hoc

1288 3406 1404 3456 loco
1436 3404 1682 3475 disputat.
1704 3437 1782 3445 —
1810 3406 1968 3474 Orgia
1996 3404 2062 3457 de
2087 3407 2302 3477 quibus-

1287 3503 1390 3554 que
1421 3485 1579 3536 sacris
1604 3483 1746 3554 apud
1777 3486 2014 3549 Graecos,
2042 3486 2131 3538 sed
2159 3488 2298 3555 apud

1288 3565 1500 3616 Latinos
1522 3564 1788 3634 praecipue
1815 3563 1881 3616 de
1899 3567 2054 3617 sacris
2078 3568 2267 3619 Bacchi
2288 3609 2303 3632 ,

1287 3642 1423 3695 dicta
1468 3641 1612 3695 haud
1655 3642 1817 3696 dubie
1856 3646 1959 3706 ita,
1999 3644 2142 3716 quod
2179 3666 2299 3698 cum

1286 3723 1460 3793 aliqua
1500 3720 1648 3793 ὀργῇ,
1685 3725 1863 3775 furore
1899 3737 1948 3774 et
1979 3726 2141 3776 animi
2169 3745 2297 3776 con-

1288 3804 1565 3865 citatione,
1614 3803 1815 3854 fierent.
1870 3803 2120 3854 Celebrare
2162 3810 2302 3873 orgia

1289 3894 1364 3933 est
1410 3884 1720 3935 Graecorum
1759 3884 2009 3951 ὀργιάζειν.
2050 3882 2174 3935 Vid.
2219 3905 2300 3936 in-

1296 3962 1476 4030 primis
1504 3963 1660 4014 Cer-da
1684 3961 1748 4013 ad
1771 3962 1962 4030 Virgil.
1992 3961 2182 4032 Georg.
2202 3966 2298 4027 IV,

1294 4043 1360 4093 52
1380 4062 1396 4092 ι
1411 4081 1425 4103 ,
1447 4043 1726 4092 Rectam-laus.
1749 4040 1816 4092 ad
1841 4042 2072 4110 Oppian.
2098 4044 2300 4115 Cyneg.

1291 4122 1387 4182 IV,
1426 4135 1552 4189 πη,
1583 4136 1632 4172 et
1665 4122 1837 4172 Barth.
1873 4119 1938 4173 ad
1968 4123 2096 4174 Stat.
2128 4123 2298 4178 Theb.

1288 4202 1370 4263 11,
1398 4205 1527 4253 662.
1559 4232 1633 4241 -—
1661 4201 1879 4251 Obscura
1908 4202 2120 4269 mystica
2146 4220 2195 4257 et
2214 4225 2304 4254 oe·
