2986 4935
684 429 832 502 286

1198 431 1276 497 C.
1320 430 1766 498 VALERII
1823 429 2294 498 CATULLI

786 563 1063 658 Optavit
1101 562 1360 657 genitor
1404 563 1702 657 primaevi
1745 563 1978 630 funera
2021 566 2238 656 gnati,

788 672 988 739 Liber
1023 683 1098 737 ut
1134 671 1430 764 innuptae
1467 683 1812 763 poteretur
1849 669 2013 736 {lore
2050 694 2394 753 novercae;

787 781 1032 870 Ignaro
1076 791 1287 844 mater
1334 776 1762 845 substernens
1805 800 1873 844 se
1916 776 2118 869 impia
2151 791 2394 870 gnate,

787 884 1000 977 Impia
1043 907 1181 949 non
1217 882 1427 951 verita
1463 895 1565 950 est
1601 881 1789 951 divos
1825 879 2146 950 scelerare
2182 897 2495 976 penates3
2734 910 2799 952 ...ε

789 990 1036 1058 Omnia
1078 988 1314 1075 fanda,
1354 988 1676 1075 nefanda,
1719 987 1895 1057 malo
1933 990 2260 1084 permixta
2300 988 2526 1058 furore

785 1095 1152 1165 Justificam
1190 1095 1380 1163 nobis
1419 1109 1711 1164 mentem
1748 1108 2048 1163 avertere
2084 1098 2408 1164 Deorum.

790 1204 1017 1291 Quare
1052 1224 1176 1269 nec
1212 1200 1375 1269 tales
1415 1201 1776 1297 dignantur
1813 1204 2024 1270 visere
2066 1216 2307 1288 coetus,

790 1312 934 1378 Nec
963 1333 1034 1376 se
1071 1309 1367 1400 contingi
1403 1312 1748 1404 patiuntur
1783 1307 2030 1376 lumine
2063 1305 2264 1376 claro.

769 1508 894 1565 40²·
920 1500 1148 1571 Captaoie
1165 1519 1264 1571 pro
1280 1503 1486 1570 optavit,
1511 1512 1568 1552 ut
1585 1519 1703 1570 gra-

687 1583 830 1645 vius,
854 1580 1067 1652 prasert
1093 1579 1381 1632 Mitscherl.

766 1660 891 1725 403.
925 1660 1033 1711 Lib.
1065 1672 1120 1709 ut
1146 1663 1331 1729 innupt.
1365 1673 1462 1711 etc.
1499 1672 1558 1712 ut
1595 1659 1709 1711 sine

690 1740 1074 1813 impedimento
1093 1737 1369 1790 florentem
1392 1750 1541 1790 aetate
1564 1739 1710 1808 puel-

692 1825 798 1874 lam
830 1819 887 1871 in
922 1817 1319 1870 matrimonium
1360 1816 1556 1870 ducere
1589 1837 1710 1888 pos·

691 1915 784 1954 set.
823 1900 1040 1952 Nouerca
1079 1897 1341 1967 eleganter
1373 1909 1425 1948 et
1455 1896 1711 1949 invidiose

692 2001 793 2052 pro
809 1978 973 2051 puella
992 2017 1008 2040 ,
1031 1995 1148 2048 quoe
1167 1995 1396 2029 noverca
1418 1976 1598 2029 futura
1618 1991 1711 2030 est.

695 2060 861 2113 Invisi
894 2069 1072 2110 autem
1108 2069 1231 2108 sunt
1257 2055 1490 2126 privigni
1521 2076 1713 2108 nover-

694 2142 804 2206 cis,
833 2151 889 2191 et
924 2155 1109 2189 eorum
1142 2154 1296 2188 causa
1334 2155 1471 2205 saepe
1506 2138 1715 2207 nuptias

691 2219 992 2292 repudiant.
1003 2216 1352 2278 —Potiremr‚
1373 2217 1442 2269 al.
1464 2216 1716 2267 Petet-etur

693 2297 1031 2354 scribendum
1073 2308 1148 2348 est
1184 2295 1401 2365 antiquo
1442 2313 1626 2358 more,
1657 2308 1717 2346 ut

694 2381 759 2433 sit
776 2377 950 2431 brevis
969 2374 1397 2444 antepenultima.
1425 2373 1582 2426 ovid.
1603 2375 1717 2426 Me·

696 2474 819 2514 tam.
855 2455 1022 2519 XIII,
1063 2455 1210 2507 130:

696 2539 826 2602 mis,
858 2554 955 2588 nos
986 2548 1037 2586 te
1070 2545 1405 2604 poteremur,
1435 2534 1659 2587 Achille.
1685 2561 1707 2580 ι

699 2622 769 2673 At
792 2616 859 2669 de
881 2612 1135 2666 sententia
1154 2630 1287 2664 verS.
1315 2617 1448 2675 402,
1476 2614 1611 2679 403,
1640 2615 1719 2666 in-

695 2707 978 2769 terpretes,
996 2692 1170 2764 inquit
1182 2692 1428 2762 vulpina,
1441 2706 1582 2745 recte
1604 2694 1716 2746 ani-

693 2773 1088 2830 madverterunt
1111 2792 1141 2825 a
1176 2771 1385 2824 Catullo
1412 2774 1583 2825 notari
1607 2793 1715 2826 sce·

694 2857 779 2910 lus
799 2854 1058 2907 nefarium
1085 2852 1326 2905 catilinae
1341 2891 1356 2915 ‚
1374 2852 1469 2922 qui
1484 2889 1502 2917 ,
1526 2867 1584 2906 ut
1605 2853 1716 2906 Sal-

695 2936 883 2990 lustius
909 2932 1070 2985 refert
1101 2950 1148 2984 c.
1189 2931 1255 2985 15
1276 2972 1293 2998 ,
1329 2944 1512 3003 mptus
1535 2951 1716 2985 amore

693 3016 921 3070 Aureliae
941 3011 1252 3065 Aurestillae.
1270 3052 1283 3065 .
1306 3051 1321 3065 .
1337 3049 1351 3063 .
1371 3010 1518 3082 quod
1537 3031 1598 3064 ea
1614 3032 1716 3064 nu-

693 3098 821 3150 bere
867 3092 946 3147 illi
995 3090 1270 3144 dubitabat
1313 3091 1505 3143 timens
1547 3092 1715 3162 privi-

692 3194 859 3247 gnum
874 3170 1117 3226 adultum
1138 3184 1302 3234 atate,
1321 3190 1419 3242 pro
1437 3183 1584 3223 certo
1602 3190 1715 3223 cre·

694 3255 868 3320 ditur,
895 3262 1080 3304 necato
1106 3251 1220 3302 filio
1245 3268 1462 3303 vacuam
1492 3249 1714 3303 domum

592 3342 595 3345 ’
693 3333 921 3388 scelestis
932 3329 1132 3399 nuptiis
1147 3329 1554 3400 secisse.Vulpio
1572 3331 1718 3400 equi·

696 3412 821 3465 dem
864 3408 1118 3464 assentior
1134 3447 1150 3471 ,
1196 3409 1322 3479 quia
1362 3409 1467 3461 hoc
1510 3410 1716 3463 sceleris

689 3491 998 3562 exemplum
1024 3486 1277 3540 eximium
1302 3500 1379 3540 est
1398 3487 1537 3541 inter
1562 3501 1715 3541 cate-

693 3591 779 3627 m
795 3590 913 3643 qun
934 3564 1078 3641 apud
1099 3577 1281 3639 poetas
1299 3566 1353 3619 in
1376 3568 1547 3621 ferrea
1565 3581 1715 3623 aetate

691 3645 1040 3707 describenda
1059 3646 1311 3720 imagines
1327 3661 1615 3701 occurrunt
1634 3661 1716 3713 ,et

688 3732 932 3789 Catullus
950 3727 1150 3782 amicus
1166 3726 1416 3780 Ciceroni
1434 3726 1537 3778 fuit
1558 3740 1610 3781 et
1628 3748 1716 3781 eo·

693 3812 815 3866 dem
829 3829 937 3883 quo
953 3826 1137 3861 omnes
1148 3806 1569 3860 bonicatilinam
1583 3805 1712 3861 odio

692 3888 1020 3966 perhorruit.
1046 3887 1115 3941 N.

775 3977 908 4035 404.
944 3968 1009 4022 Se
1046 3967 1316 4020 obstet-nens
1359 3966 1534 4019 minus
1573 3968 1711 4023 hene

696 4052 869 4107 Barth.
899 4044 970 4102 nd
999 4047 1128 4102 Stat.
1150 4046 1322 4099 Theb.
1351 4044 1435 4109 H,
1467 4051 1598 4101 663.
1629 4080 1711 4094 —-

1244 2480 1264 2499 ι
1288 2454 1478 2524 Tuque
1507 2454 1609 2507 tuis
1641 2475 1719 2507 ar·

1795 1499 1860 1551 Se
1898 1497 2197 1550 substernens
2214 1539 2230 1561 ,
2257 1519 2422 1571 quam
2458 1501 2710 1574 graphice
2746 1500 2801 1554 de

1796 1579 1986 1631 lasciva
2022 1580 2280 1644 muliere,
2313 1599 2432 1651 quae
2462 1582 2600 1634 mari
2630 1600 2683 1634 se
2719 1583 2799 1634 ob·

1797 1655 1967 1711 trudit
2007 1671 2060 1711 et
2101 1656 2340 1711 libidinis
2371 1660 2606 1713 fructum
2645 1673 2801 1714 extor-

1797 1751 1941 1809 quet.
1957 1768 2038 1778 —
2061 1739 2260 1808 Ignara,
2283 1738 2467 1804 inscio,
2483 1760 2540 1793 se
2560 1759 2676 1794 rem
2692 1760 2799 1794 cum

1799 1831 1965 1870 matre
1992 1818 2204 1870 habere.

1793 1935 1818 1952 .
1882 1897 2010 1959 405.
2042 1900 2194 1950 Divos
2217 1899 2449 1951 scelerare
2472 1913 2723 1972 pamm,
2753 1912 2801 1952 ut

1799 1977 2160 2047 intelligantur
2192 1987 2414 2049 πατρῷοι
2439 1983 2572 2046 θεοὶ,
2605 1981 2689 2033 Dii
2720 1998 2799 2050 pa·

1799 2057 1962 2120 terni,
1996 2059 2249 2129 proponit
2277 2077 2343 2109 ex
2365 2078 2460 2112 suo
2487 2060 2627 2112 libro
2652 2072 2703 2111 et
2725 2057 2798 2111 de·

1800 2133 1972 2187 fendit
2009 2137 2261 2207 Scaliger.
2302 2136 2408 2191 Sed
2443 2157 2544 2210 ego
2577 2137 2798 2206 revocavi

1792 2227 1989 2284 penates
2008 2257 2022 2278 ,
2046 2216 2193 2286 quod
2216 2229 2292 2269 est
2318 2218 2374 2269 in
2397 2219 2647 2272 omnibus
2666 2216 2795 2272 editt.

1796 2295 2204 2366 antiquioribuz.
2217 2295 2345 2349 Vid.
2367 2311 2481 2350 not.
2510 2298 2605 2351 inf.
2624 2332 2703 2341 —
2721 2299 2799 2349 Pe·

1801 2386 1935 2426 nates
1958 2388 2008 2427 et
2029 2390 2252 2446 parentes
2279 2396 2418 2448 supe
2446 2379 2656 2431 oonfmi
2681 2389 2797 2429 sunt.

1803 2452 1932 2508 Vid.
1955 2456 2123 2509 But-m.
2144 2454 2214 2509 ad
2230 2457 2351 2510 Val.
2374 2457 2547 2512 Flaoc.
2566 2459 2702 2523 VII,
2723 2456 2797 2510 50.

1801 2566 1882 2576 —-·
1918 2536 2070 2587 Dit’os
2099 2537 2329 2588 scelerare
2351 2551 2583 2610 penates,
2616 2549 2797 2591 sanctos

1801 2614 1989 2677 Lares,
2012 2629 2189 2669 sancta
2209 2615 2400 2669 domus
2418 2619 2539 2687 jura
2560 2616 2797 2671 contami·

1802 2712 1928 2745 nare
1965 2708 2018 2747 et
2047 2697 2302 2766 polluere.
2340 2697 2426 2750 cf.
2466 2697 2608 2751 infra
2640 2699 2795 2752 carm.

1803 2773 2065 2832 LXVIII,
2090 2775 2195 2827 23:
2223 2802 2244 2823 ι
2263 2774 2370 2828 Sed
2389 2777 2690 2848 pater-illius
2704 2774 2796 2828 nati

1803 2851 2024 2906 violasse
2044 2855 2223 2908 cubile
2243 2856 2480 2921 Dicitur,
2499 2870 2557 2911 et
2576 2857 2796 2909 miseram

1802 2934 2174 2986 conscelerasse
2200 2933 2440 2988 domum.
2457 2962 2482 2983 ι-

1886 3017 2012 3075 406.
2042 3016 2288 3067 Permissa
2316 3015 2454 3068 male
2479 3016 2540 3068 in
2570 3011 2796 3088 quibusd-

1887 3098 2020 3162 407.
2053 3094 2298 3148 Avertere.
2337 3094 2533 3167 Vir-gil.
2572 3099 2689 3148 ΑΕΒ.
2723 3095 2795 3154 ΙΙ.

1810 3188 1955 3241 170:
1983 3192 2209 3227 «aversa
2229 3176 2352 3228 Deae
2371 3188 2542 3228 mens.
2563 3174 2692 3228 -Ν.

1886 3254 2018 3312 408.
2054 3254 2232 3320 Tales,
2265 3267 2372 3307 tam
2403 3236 2629 3326 impio?
2637 3266 2690 3307 et
2722 3270 2799 3305 ne·

1804 3329 2018 3383 fundos.

1882 3409 2010 3480 4⁰9·
2046 3412 2153 3465 Nec
2180 3432 2231 3465 se
2261 3417 2478 3485 ωιιείιιςὶ
2504 3417 2706 3487 μείω.
2735 3411 2798 3461 la·

1802 3493 1924 3541 mine
1936 3492 2092 3555 dam,-
2111 3512 2213 3547 nee
2226 3493 2455 3566 amplius
2467 3512 2643 3548 eornm
2656 3508 2798 3564 appa·

1799 3582 1949 3635 rent,
1968 3585 2020 3625 et
2047 3573 2203 3626 claris
2225 3573 2392 3627 oeulis
2419 3592 2475 3627 se
2501 3571 2696 3646 adspici
2718 3587 2796 3643 pn-

1803 3649 2031 3703 tiuntur.
2056 3682 2136 3693 —
2157 3652 2449 3725 Οοηευιςεη
2477 3655 2676 3727 aliq-en
2701 3667 2797 3701 οω-

1802 3729 1863 3780 lis
1889 3728 2092 3784 dictum
2120 3743 2231 3797 eet,
2260 3745 2320 3785 ut
2353 3745 2640 3787 mamm
2663 3726 2795 3782 ml&

1799 3807 1947 3881 apud
1964 3810 2131 3864 Tacit.
2153 3798 2348 3866 Annnl.
2365 3814 2474 3879 111,
2493 3831 2578 3879 η,
2596 3803 2793 3867 univi&

1799 3889 2001 3941 Ernesti
2017 3910 2071 3963 p.
2099 3891 2232 3944 235.
2250 3923 2331 3935 —-
2348 3892 2508 3946 Forte
2529 3892 2683 3946 etiam
2702 3884 2795 3956 leli

1799 3968 2000 4039 possit:
2029 3970 2176 4026 «Nee
2201 3989 2258 4024 se
2281 3973 2520 4043 contingi
2544 3971 2797 4044 patiuntur

1798 4049 1999 4102 lumine
2023 4050 2206 4103 claros.
2232 4076 2255 4097 ι
