2986 4935
789 387 1229 454 CARMEN
1287 384 1566 450 LXVI.

2089 388 2234 459 305

332 523 618 615 Jupiter,
662 533 735 586 ut
777 516 1121 610 Chalybon
1166 540 1362 582 omne
1408 540 1614 608 genus
1656 533 1919 609 pereat3

240 632 321 697 Et
360 630 464 721 qui
509 626 832 721 principio
870 624 991 692 sub
1030 638 1205 690 terra
1238 645 1530 714 quaerere
1568 646 1768 691 venas

338 734 607 817 Institit,
652 755 728 798 ac
771 730 924 798 ferri
963 728 1211 822 fingere
1255 724 1601 794 duritiem!
2189 767 2238 803 5,

238 841 566 932 Abjunctae
602 835 824 931 paullo
868 849 1019 903 ante
1057 857 1261 901 comae
1295 857 1441 899 mea
1485 832 1619 901 fata
1656 860 1915 922 sorores

339 943 712 1038 Lugebant,
754 966 956 1034 quum
1003 965 1071 1007 se
1115 940 1491 1007 Memnonis
1538 939 1860 1034 AEthiopis

242 1052 528 1144 Unigena
563 1046 905 1142 impellens
950 1044 1333 1113 nutantibus
1370 1069 1522 1112 aera
1560 1047 1789 1138 pennis

340 1155 594 1224 Obtulit
629 1155 941 1221 Arsinoes
979 1150 1327 1221 Chloridos
1368 1149 1499 1218 ales
1545 1176 1774 1244 equus.

216 1343 308 1402 48.
340 1338 413 1390 Ex
443 1335 653 1406 antiqua
688 1335 912 1387 lectione
946 1334 1139 1385 celicum

136 1420 261 1471 fecit
302 1417 519 1487 Scaliger
566 1416 798 1466 sicelicam
824 1453 839 1475 ,
889 1432 951 1464 ex
992 1416 1141 1482 cujus

137 1510 310 1551 mente
321 1498 515 1548 sicelices
527 1495 610 1546 vel
629 1495 825 1546 sicilicos
843 1493 1009 1544 cultra
1031 1503 1141 1542 ton-

134 1579 271 1630 soria
294 1589 491 1628 notant.
513 1571 615 1625 Sed
631 1574 847 1624 Vossius
868 1570 993 1623 inde
1015 1572 1142 1621 scul-

134 1657 239 1728 psit
255 1657 415 1707 celtum
433 1694 447 1717 ,
474 1654 562 1706 cui
582 1654 713 1703 celtis
728 1665 802 1703 est
815 1651 1141 1721 sculptorum

136 1750 186 1788 et
195 1733 537 1807 lapicidarum
550 1733 955 1783 instrumentum
967 1767 984 1793 ,
999 1728 1139 1780 idem

135 1817 248 1869 fere
268 1855 283 1879 ,
330 1810 471 1884 quod
522 1811 708 1864 caelum
731 1833 744 1873 3
789 1810 901 1879 lege
923 1847 938 1872 ,
983 1827 1140 1879 quam

134 1894 294 1946 docte
318 1906 535 1962 uterque
565 1908 664 1961 pro
698 1908 752 1940 re
791 1908 881 1940 sua
911 1887 1139 1959 pugnet!

133 1975 201 2026 In
236 1971 502 2024 nonnullis
523 1987 821 2040 expressum
855 1980 928 2019 est
955 1968 1145 2036 Jupiter

132 2065 191 2104 ut
224 2053 418 2104 telorum
434 2091 451 2113 ,
479 2048 667 2120 quidni
699 2048 951 2098 cultrorum
971 2055 999 2096 Ρ
1036 2047 1145 2096 Nos

132 2131 513 2203 acquiescimus
536 2129 591 2180 in
621 2127 849 2178 lectiono
874 2126 1064 2196 Jupiter
1094 2137 1146 2174 ut

127 2209 390 2280 χαλὺὅων,
414 2226 570 2279 quam
604 2226 666 2258 ex
695 2206 957 2274 Fragmm.
988 2204 1146 2257 Calli-

131 2289 314 2344 machi
332 2291 437 2358 jam
472 2286 738 2338 revocavit
766 2286 982 2354 Angelus
1010 2285 1146 2335 Poli-

129 2376 299 2423 tianus
313 2387 334 2428 ,·
359 2380 408 2418 ct
432 2366 504 2417 sic
524 2379 598 2416 est
618 2366 671 2416 'm
689 2362 1005 2415 editionibus
1027 2364 1149 2414 Mu·

126 2450 234 2505 reti
254 2487 272 2512 ,
300 2447 470 2500 Graev.
496 2445 661 2515 Vulp.
685 2476 765 2484 —
785 2443 964 2495 Verba
990 2443 1150 2495 Calli-

126 2527 345 2590 machi,
365 2543 479 2595 quae
496 2524 685 2576 Noster
702 2523 973 2594 expressit,
987 2524 1152 2575 citan-

127 2624 222 2663 tur
258 2605 332 2659 ad
374 2605 620 2676 Apollon.
657 2603 758 2653 Rb.
794 2603 883 2666 ΙΙ,
917 2601 1024 2670 375
1052 2640 1065 2665 ,
1096 2602 1151 2652 in

122 2686 373 2742 Scholiis
388 2685 495 2736 sic:
523 2709 545 2730 ι
565 2679 806 2735 Χαλὺἕων
837 2685 898 2740 ὡς
925 2683 1152 2731 ἀπόλοιτο

120 2770 277 2840 γένος
311 2765 495 2817 Γειόθιν
528 2764 852 2819 ἀντέλλοντα,
896 2763 1040 2813 κακὸν
1075 2780 1155 2828 ‹pu-

120 2853 214 2901 τὸν
235 2883 256 2911 ‚
284 2845 332 2896 οἴ
359 2864 438 2912 μιν
460 2845 653 2911 ἔφῃναν.
679 2866 699 2886 ι
729 2841 962 2891 Fuerunt
979 2852 1154 2891 autem

119 2923 415 2994 Chalybes
428 2920 691 2973 fortissimi
708 2920 931 2988 Scythiae
945 2919 1126 2989 populi
1142 2957 1156 2980 ,

117 3010 291 3061 ferro
322 3001 588 3072 prucipue
618 2996 865 3052 cudendo
904 2999 1158 3067 insignes,

113 3088 199 3141 cf.
226 3081 415 3136 Schol.
440 3078 507 3131 ad
527 3079 704 3149 Apoll.
720 3076 893 3129 Rhod.
911 3079 938 3128 1
953 3117 967 3139 ,
986 3095 1004 3127 1
1020 3079 1049 3128 3
1062 3096 1085 3126 2
1099 3077 1129 3126 3
1146 3116 1159 3140 ,

113 3181 179 3219 et
215 3164 429 3217 Mun-et.
456 3158 526 3211 ad
548 3160 603 3210 h.
625 3157 660 3210 l.
681 3190 761 3199 —
782 3156 1033 3226 Chalybon
1056 3157 1161 3207 for-

113 3264 225 3298 ma
276 3257 481 3312 graem,
511 3251 570 3289 ut
598 3237 771 3290 hiatus
809 3236 1050 3287 evitetur.
1079 3235 1165 3285 Ju-

100 3326 273 3397 piter
293 3360 312 3382 ‚
343 3331 396 3369 ut
415 3359 430 3380 ,
469 3318 708 3379 utinam3
738 3314 950 3385 antiqua
980 3327 1163 3383 optan-

108 3406 278 3458 tium
311 3411 365 3451 et
404 3395 777 3447 devoventium
811 3393 1066 3456 formula,
1098 3394 1163 3444 cf.

104 3483 225 3539 hic
256 3477 434 3547 Vulp-

220 3561 330 3612 50.
354 3555 462 3608 Alii
485 3555 665 3626 legunt
675 3555 925 3621 frangere.
941 3582 1020 3593 —
1037 3553 1175 3603 Insti-

106 3646 188 3695 tit
204 3682 222 3702 ,
252 3633 501 3699 studuit,
519 3633 753 3685 tentavit.
773 3633 856 3683 Sic
868 3632 1051 3702 passim
1073 3632 1175 3683 hoc

100 3720 381 3775 verbum
408 3713 624 3766 inservit
649 3711 970 3782 periphrasi;
1003 3729 1178 3762 exem-

96 3802 219 3873 pla
278 3793 507 3862 collegit
552 3792 919 3843 Drackenborclz
954 3789 1020 3842 ad
1061 3791 1174 3841 Liv.

96 3875 349 3935 XXX,
398 3871 670 3934 12‚Tom.
706 3871 811 3928 IV,
838 3889 891 3940 p.
930 3871 1058 3930 428.

210 3958 250 4010 5
268 3972 326 4007 1.
359 3952 608 4019 Abruptoe
639 3950 880 4020 Scaliger.

1228 1332 1482 1384 Muretus.
1536 1365 1614 1374 —
1661 1334 1967 1386 Nictamibus
2024 1340 2246 1409 conjecit

1229 1411 1514 1463 Bentleius.
1538 1441 1615 1453 —-
1637 1414 1769 1463 Aere
1790 1415 1924 1466 male
1948 1417 2105 1469 etiam
2132 1431 2244 1470 ten-

1229 1503 1301 1542 tat
1323 1490 1531 1543 Statius,

1314 1571 1400 1630 54.
1433 1572 1659 1621 Arsiaoes
1695 1573 1923 1624 Loci-idos
1958 1575 2058 1646 legi
2094 1578 2243 1646 jubet

1230 1649 1521 1715 Bentleius,
1550 1649 1694 1720 quod
1711 1654 2124 1706 nemoVeterum
2138 1675 2243 1709 me·

1230 1728 1410 1779 moriae
1458 1728 1754 1798 prodiderit
1772 1769 1787 1793 ,
1831 1734 2106 1785 Arsinoem
2151 1756 2242 1788 seu

1232 1809 1498 1859 Venerem
1572 1807 1852 1861 Chloridos
1929 1816 2243 1881 cognomine

1230 1905 1374 1937 usam
1421 1905 1561 1951 esse;
1605 1900 1658 1938 at
1704 1889 1948 1940 Locridem
1980 1893 2240 1946 Venerem

1229 1984 1322 2016 seu
1342 1966 1614 2017 Arsinoem
1637 1966 1823 2018 eodem
1852 1968 2011 2020 modo
2036 1991 2063 2021 a
2087 1972 2243 2025 Poeta

1232 2043 1336 2095 dici
1372 2045 1598 2112 potuisse
1619 2046 1720 2096 Vir
1758 2046 1941 2099 doctus
1975 2061 2242 2115 autumat,

1233 2143 1339 2193 quo
1370 2124 1459 2175 illa
1489 2143 1641 2174 versu
1676 2125 1743 2192 57
1786 2127 2066 2196 Zephjritis
2105 2128 2242 2183 dicta

1234 2215 1332 2264 est;
1358 2230 1379 2248 α
1406 2221 1527 2253 nam
1547 2242 1562 2266 ,
1595 2207 1768 2273 pergit
1802 2205 1891 2255 ille
1911 2244 1925 2267 ‚
1953 2220 2007 2257 ut
2034 2209 2242 2280 Zephy-

1234 2283 1348 2334 ritis
1370 2302 1396 2333 a
1431 2283 1694 2352 Zephyrio
1720 2283 1907 2335 Africae
1937 2303 2245 2355 promonto-

1236 2361 1315 2412 rio
1339 2401 1353 2425 ,
1389 2361 1458 2413 ita
1489 2376 1542 2413 et
1584 2363 1763 2413 Locris
1797 2361 2001 2416 dicetur
2034 2385 2062 2417 a
2092 2383 2244 2437 gente

1237 2442 1529 2493 Locrorum
1545 2482 1559 2505 ,
1577 2440 1666 2511 qui
1682 2442 1945 2512 regionem
1965 2464 2079 2498 eam
2102 2460 2245 2501 tene-

1239 2522 1378 2572 bant.
1404 2546 1426 2566 ·
1448 2522 1690 2574 Testatur
1712 2536 1848 2574 certe
1881 2526 2110 2578 Achilles
2132 2529 2248 2581 Sta·

1242 2599 1369 2662 tius,
1395 2600 1446 2650 in
1470 2599 1678 2652 duobus
1695 2601 1847 2654 MSS.
1876 2622 1975 2673 pro
1993 2607 2246 2663 Chloridos

1240 2693 1505 2731 exaratum
1555 2680 1708 2731 fuisse
1751 2682 2021 2735 lact-ldicos
2038 2727 2051 2748 ,
2107 2702 2159 2741 et
2194 2691 2248 2741 in

1242 2778 1349 2810 uno
1379 2760 1609 2810 Locrieos.
1633 2793 1713 2801 —
1735 2761 1854 2811 Ales
1880 2783 2016 2832 eques
2053 2772 2252 2820 mavult

1243 2838 1453 2890 Statius.

1328 2919 1522 2980 51-54.
1556 2918 1744 2970 Sensus
1769 2934 1878 2971 est:
1910 2947 1931 2967 ι
1955 2923 2172 2978 Flebant
2204 2943 2254 2980 et

1246 2997 1523 3062 dolebant,
1548 3016 1574 3048 a
1598 2999 1792 3068 quibus
1817 3002 1995 3068 paullo
2018 3017 2137 3055 ante
2155 3005 2257 3057 dis·

1246 3080 1422 3146 jimcta
1445 3096 1586 3140 sum,
1610 3078 1802 3130 relictae
1824 3078 1877 3130 in
1909 3083 2076 3151 capite
2100 3086 2255 3136 Bere-

1249 3175 1390 3207 nices
1416 3174 1578 3208 comae
1613 3170 1802 3208 sortem
1848 3177 2018 3211 meam
2045 3198 2060 3223 ‚
2091 3182 2256 3233 quum

1252 3235 1551 3304 Zephyrus,
1572 3236 1664 3306 qui
1684 3255 1768 3287 me
1783 3237 2008 3291 auferret
2023 3278 2039 3303 ,
2061 3260 2123 3293 ex
2143 3262 2263 3297 aere

1253 3315 1514 3385 apparuit.
1539 3342 1559 3359 ι
1599 3348 1679 3356 -
1707 3316 1826 3368 Jam
1879 3316 2150 3374 videamus
2198 3322 2265 3375 de

1260 3394 1472 3463 singulis
1487 3412 1501 3445 :
1516 3395 1710 3448 relictae
1738 3396 1792 3447 in
1811 3398 1981 3465 capite
1998 3401 2269 3454 Berenices

1264 3493 1427 3525 comae
1454 3470 1602 3535 (nam
1636 3494 1698 3525 ex
1729 3477 1920 3527 vertice
1955 3491 2154 3531 tantum
2188 3502 2273 3533 co-

1266 3572 1374 3605 mas
1388 3554 1483 3604 sibi
1499 3552 1788 3605 absciderat
1800 3556 2068 3618 Berenice)
2087 3557 2274 3612 dieun-

1267 3645 1354 3683 tur
1380 3652 1560 3683 sorores
1583 3673 1597 3693 ,
1629 3652 1691 3683 ex
1719 3632 1904 3685 eadem
1932 3638 2078 3704 quasi
2114 3640 2275 3709 stirpe

1266 3725 1453 3775 enatae3
1486 3711 1752 3779 abjunctae,
1775 3714 1896 3782 quia
1922 3727 2066 3767 arcto
2086 3730 2206 3768 ante
2227 3731 2279 3770 et

1267 3791 1470 3842 sororio
1499 3791 1710 3841 vinculo
1746 3792 1883 3842 inter
1909 3810 1964 3843 se
1991 3797 2283 3865 conjunctae

1270 3870 1502 3931 fuerant3
1538 3888 1758 3938 agnosce
1793 3869 2081 3925 dictionem
2116 3888 2287 3944 poetae

1274 3946 1616 3999 Alexandrini
1636 3987 1651 4011 ,
1663 3967 1896 4019 personae
1909 3990 1923 4013 ,
1938 3969 2053 4019 quoe
2067 3953 2291 4023 loquens

208 4039 247 4089 5
263 4034 329 4085 3.
373 4032 605 4097 Unigeua
625 4031 884 4098 impellente
913 4028 1184 4079 natantibus
1274 4026 1490 4079 inducta
1505 4041 1578 4077 est
1596 4064 1610 4085 ‚
1629 4027 2031 4081 commodatam.
2053 4067 2126 4073 —
2151 4033 2296 4084 Chlo-

1883 4163 1978 4206 20
