<?xml version="1.0" encoding="UTF-8"?>
<!DOCTYPE html PUBLIC "-//W3C//DTD XHTML 1.0 Transitional//EN"
    "http://www.w3.org/TR/xhtml1/DTD/xhtml1-transitional.dtd">
<html xmlns="http://www.w3.org/1999/xhtml" xml:lang="en" lang="en">
 <head>
  <title>
</title>
<meta http-equiv="Content-Type" content="text/html;charset=utf-8" />
  <meta name='ocr-system' content='tesseract 3.04.00' />
  <meta name='ocr-capabilities' content='ocr_page ocr_carea ocr_par ocr_line ocrx_word'/>
</head>
<body>
  <div class='ocr_page' id='page_1' title='image "./cvaleriuscatull00naudgoog_0074.png"; bbox 0 0 2986 4935; ppageno 0'>
   <div class='ocr_carea' id='block_1_1' title="bbox 662 393 760 478">
    <p class='ocr_par' dir='ltr' id='par_1_1' title="bbox 662 393 760 478">
     <span class='ocr_line' id='line_1_1' title="bbox 662 393 760 478; baseline 0 -15"><span class='ocrx_word' id='word_1_1' title='bbox 662 393 760 478; x_wconf 76' lang='lat'>46</span> 
     </span>
    </p>
   </div>
   <div class='ocr_carea' id='block_1_2' title="bbox 1193 397 2266 466">
    <p class='ocr_par' dir='ltr' id='par_1_2' title="bbox 1193 397 2266 466">
     <span class='ocr_line' id='line_1_2' title="bbox 1193 397 2266 466; baseline 0.003 -4"><span class='ocrx_word' id='word_1_2' title='bbox 1193 400 1268 462; x_wconf 84' lang='lat' dir='ltr'>C.</span> <span class='ocrx_word' id='word_1_3' title='bbox 1308 397 1424 463; x_wconf 81' lang='lat' dir='ltr'>VA</span> <span class='ocrx_word' id='word_1_4' title='bbox 1448 399 1743 464; x_wconf 82' lang='lat' dir='ltr'>LERll</span> <span class='ocrx_word' id='word_1_5' title='bbox 1802 400 2266 466; x_wconf 86' lang='lat' dir='ltr'><strong>CATULLI</strong></span> 
     </span>
    </p>
   </div>
   <div class='ocr_carea' id='block_1_3' title="bbox 1330 622 2136 710">
    <p class='ocr_par' dir='ltr' id='par_1_3' title="bbox 1330 622 2136 710">
     <span class='ocr_line' id='line_1_3' title="bbox 1330 622 2136 710; baseline -0.002 0"><span class='ocrx_word' id='word_1_6' title='bbox 1330 622 1892 710; x_wconf 87' lang='lat' dir='ltr'><strong>CARMEN</strong></span> <span class='ocrx_word' id='word_1_7' title='bbox 1977 626 2136 708; x_wconf 92' lang='lat' dir='ltr'>VI.</span> 
     </span>
    </p>
   </div>
   <div class='ocr_carea' id='block_1_4' title="bbox 1434 851 2018 894">
    <p class='ocr_par' dir='ltr' id='par_1_4' title="bbox 1434 851 2018 894">
     <span class='ocr_line' id='line_1_4' title="bbox 1434 851 2018 894; baseline -0.002 -1"><span class='ocrx_word' id='word_1_8' title='bbox 1434 851 1537 893; x_wconf 72' lang='lat' dir='ltr'>AD</span> <span class='ocrx_word' id='word_1_9' title='bbox 1613 851 2018 894; x_wconf 75' lang='lat' dir='ltr'>FLAVlUM.</span> 
     </span>
    </p>
   </div>
   <div class='ocr_carea' id='block_1_5' title="bbox 973 1034 2796 1875">
    <p class='ocr_par' dir='ltr' id='par_1_5' title="bbox 977 1034 2091 1122">
     <span class='ocr_line' id='line_1_5' title="bbox 977 1034 2091 1122; baseline -0.002 -18"><span class='ocrx_word' id='word_1_10' title='bbox 977 1041 1259 1122; x_wconf 66' lang='lat' dir='ltr'>me,</span> <span class='ocrx_word' id='word_1_11' title='bbox 1297 1036 1560 1104; x_wconf 84' lang='lat' dir='ltr'>delicias</span> <span class='ocrx_word' id='word_1_12' title='bbox 1606 1050 1750 1104; x_wconf 89' lang='lat' dir='ltr'>tuas</span> <span class='ocrx_word' id='word_1_13' title='bbox 1789 1034 2091 1119; x_wconf 76' lang='lat' dir='ltr'>Catullo,</span> 
     </span>
    </p>

    <p class='ocr_par' dir='ltr' id='par_1_6' title="bbox 973 1140 2286 1236">
     <span class='ocr_line' id='line_1_6' title="bbox 973 1140 2286 1236; baseline -0.002 -23"><span class='ocrx_word' id='word_1_14' title='bbox 973 1144 1061 1213; x_wconf 89' lang='lat' dir='ltr'>Ni</span> <span class='ocrx_word' id='word_1_15' title='bbox 1108 1145 1236 1212; x_wconf 88' lang='lat' dir='ltr'>siut</span> <span class='ocrx_word' id='word_1_16' title='bbox 1280 1140 1556 1235; x_wconf 67' lang='lat' dir='ltr'>illepidae</span> <span class='ocrx_word' id='word_1_17' title='bbox 1601 1157 1798 1235; x_wconf 85' lang='lat' dir='ltr'>atque</span> <span class='ocrx_word' id='word_1_18' title='bbox 1846 1140 2286 1236; x_wconf 78' lang='lat' dir='ltr'>inelegantcS,</span> 
     </span>
    </p>

    <p class='ocr_par' dir='ltr' id='par_1_7' title="bbox 979 1247 2200 1341">
     <span class='ocr_line' id='line_1_7' title="bbox 979 1247 2200 1341; baseline -0.002 -24"><span class='ocrx_word' id='word_1_19' title='bbox 979 1247 1199 1318; x_wconf 89' lang='lat' dir='ltr'>Velles</span> <span class='ocrx_word' id='word_1_20' title='bbox 1244 1249 1499 1333; x_wconf 80' lang='lat' dir='ltr'>dicere,</span> <span class='ocrx_word' id='word_1_21' title='bbox 1539 1273 1659 1316; x_wconf 92' lang='lat' dir='ltr'>nec</span> <span class='ocrx_word' id='word_1_22' title='bbox 1703 1264 1921 1316; x_wconf 88' lang='lat' dir='ltr'>tacere</span> <span class='ocrx_word' id='word_1_23' title='bbox 1959 1274 2200 1341; x_wconf 67' lang='lat' dir='ltr'>posses</span> 
     </span>
    </p>

    <p class='ocr_par' dir='ltr' id='par_1_8' title="bbox 978 1354 2106 1448">
     <span class='ocr_line' id='line_1_8' title="bbox 978 1354 2106 1448; baseline -0.002 -25"><span class='ocrx_word' id='word_1_24' title='bbox 978 1357 1230 1425; x_wconf 89' lang='lat' dir='ltr'>Verum</span> <span class='ocrx_word' id='word_1_25' title='bbox 1270 1357 1492 1424; x_wconf 91' lang='lat' dir='ltr'>nescio</span> <span class='ocrx_word' id='word_1_26' title='bbox 1534 1354 1689 1448; x_wconf 88' lang='lat' dir='ltr'>quid</span> <span class='ocrx_word' id='word_1_27' title='bbox 1731 1354 2106 1423; x_wconf 81' lang='lat' dir='ltr'><strong>febriculosi</strong></span> 
     </span>
    </p>

    <p class='ocr_par' dir='ltr' id='par_1_9' title="bbox 976 1460 2796 1660">
     <span class='ocr_line' id='line_1_9' title="bbox 976 1460 2796 1557; baseline -0.002 -26"><span class='ocrx_word' id='word_1_28' title='bbox 976 1464 1191 1532; x_wconf 88' lang='lat' dir='ltr'>Scorti</span> <span class='ocrx_word' id='word_1_29' title='bbox 1235 1462 1450 1557; x_wconf 83' lang='lat' dir='ltr'>diligis</span> <span class='ocrx_word' id='word_1_30' title='bbox 1489 1489 1504 1529; x_wconf 76' lang='grc' dir='ltr'><strong><em>ε</em></strong></span> <span class='ocrx_word' id='word_1_31' title='bbox 1547 1462 1676 1530; x_wconf 89' lang='lat' dir='ltr'>hoc</span> <span class='ocrx_word' id='word_1_32' title='bbox 1719 1460 1923 1555; x_wconf 91' lang='lat' dir='ltr'>pudet</span> <span class='ocrx_word' id='word_1_33' title='bbox 1967 1462 2176 1531; x_wconf 87' lang='lat' dir='ltr'>fateri.</span> <span class='ocrx_word' id='word_1_34' title='bbox 2779 1490 2796 1522; x_wconf 62' lang='lat' dir='ltr'><em>z</em></span> 
     </span>
     <span class='ocr_line' id='line_1_10' title="bbox 978 1568 2270 1660; baseline 0.001 -25"><span class='ocrx_word' id='word_1_35' title='bbox 978 1572 1188 1655; x_wconf 88' lang='lat' dir='ltr'>Nam,</span> <span class='ocrx_word' id='word_1_36' title='bbox 1233 1584 1298 1638; x_wconf 88' lang='lat' dir='ltr'>te</span> <span class='ocrx_word' id='word_1_37' title='bbox 1337 1595 1469 1637; x_wconf 89' lang='lat' dir='ltr'>non</span> <span class='ocrx_word' id='word_1_38' title='bbox 1516 1568 1743 1636; x_wconf 90' lang='lat' dir='ltr'>viduas</span> <span class='ocrx_word' id='word_1_39' title='bbox 1780 1568 2001 1660; x_wconf 84' lang='lat' dir='ltr'>jacere</span> <span class='ocrx_word' id='word_1_40' title='bbox 2041 1583 2270 1637; x_wconf 86' lang='lat' dir='ltr'>noctes</span> 
     </span>
    </p>

    <p class='ocr_par' dir='ltr' id='par_1_10' title="bbox 977 1674 2330 1769">
     <span class='ocr_line' id='line_1_11' title="bbox 977 1674 2330 1769; baseline 0.001 -28"><span class='ocrx_word' id='word_1_41' title='bbox 977 1675 1440 1769; x_wconf 83' lang='lat' dir='ltr'>Nequidquam</span> <span class='ocrx_word' id='word_1_42' title='bbox 1482 1677 1754 1744; x_wconf 86' lang='lat' dir='ltr'>tacitum</span> <span class='ocrx_word' id='word_1_43' title='bbox 1795 1674 2008 1742; x_wconf 85' lang='lat' dir='ltr'>cubile</span> <span class='ocrx_word' id='word_1_44' title='bbox 2055 1674 2330 1763; x_wconf 88' lang='lat' dir='ltr'>clamat,</span> 
     </span>
    </p>

    <p class='ocr_par' dir='ltr' id='par_1_11' title="bbox 978 1781 2123 1875">
     <span class='ocr_line' id='line_1_12' title="bbox 978 1781 2123 1875; baseline -0.002 -25"><span class='ocrx_word' id='word_1_45' title='bbox 978 1784 1182 1851; x_wconf 87' lang='lat' dir='ltr'>Sertis</span> <span class='ocrx_word' id='word_1_46' title='bbox 1227 1807 1305 1850; x_wconf 87' lang='lat' dir='ltr'>ac</span> <span class='ocrx_word' id='word_1_47' title='bbox 1339 1784 1530 1875; x_wconf 88' lang='lat' dir='ltr'>Syrio</span> <span class='ocrx_word' id='word_1_48' title='bbox 1575 1782 1875 1874; x_wconf 83' lang='lat' dir='ltr'>fragrans</span> <span class='ocrx_word' id='word_1_49' title='bbox 1912 1781 2123 1865; x_wconf 88' lang='lat' dir='ltr'>olivo,</span> 
     </span>
    </p>
   </div>
   <div class='ocr_carea' id='block_1_6' title="bbox 642 1993 1684 4129">
    <p class='ocr_par' dir='ltr' id='par_1_12' title="bbox 652 1993 1684 3240">
     <span class='ocr_line' id='line_1_13' title="bbox 738 1993 1684 2062; baseline 0 -17"><span class='ocrx_word' id='word_1_50' title='bbox 738 1997 873 2045; x_wconf 75' lang='lat' dir='ltr'>Aac.</span> <span class='ocrx_word' id='word_1_51' title='bbox 924 1995 1133 2045; x_wconf 83' lang='lat' dir='ltr'><strong>Frustra</strong></span> <span class='ocrx_word' id='word_1_52' title='bbox 1177 2012 1206 2045; x_wconf 89' lang='lat' dir='ltr'>a</span> <span class='ocrx_word' id='word_1_53' title='bbox 1252 1993 1430 2045; x_wconf 78' lang='lat' dir='ltr'>Flavio</span> <span class='ocrx_word' id='word_1_54' title='bbox 1468 1993 1684 2062; x_wconf 86' lang='lat' dir='ltr'>petierat</span> 
     </span>
     <span class='ocr_line' id='line_1_14' title="bbox 664 2072 1684 2136; baseline -0.002 -10"><span class='ocrx_word' id='word_1_55' title='bbox 664 2074 929 2136; x_wconf 84' lang='lat' dir='ltr'><strong>Catullus,</strong></span> <span class='ocrx_word' id='word_1_56' title='bbox 964 2086 1022 2124; x_wconf 92' lang='lat' dir='ltr'>ut</span> <span class='ocrx_word' id='word_1_57' title='bbox 1068 2072 1163 2123; x_wconf 85' lang='lat' dir='ltr'>sibi</span> <span class='ocrx_word' id='word_1_58' title='bbox 1209 2072 1460 2126; x_wconf 87' lang='lat' dir='ltr'>indicaret</span> <span class='ocrx_word' id='word_1_59' title='bbox 1490 2073 1684 2124; x_wconf 84' lang='lat' dir='ltr'>amoris</span> 
     </span>
     <span class='ocr_line' id='line_1_15' title="bbox 658 2152 1680 2222; baseline -0.002 -17"><span class='ocrx_word' id='word_1_60' title='bbox 658 2155 735 2205; x_wconf 87' lang='lat' dir='ltr'>sui</span> <span class='ocrx_word' id='word_1_61' title='bbox 767 2152 1003 2217; x_wconf 84' lang='lat' dir='ltr'>delicias,</span> <span class='ocrx_word' id='word_1_62' title='bbox 1032 2166 1082 2205; x_wconf 88' lang='lat' dir='ltr'>et</span> <span class='ocrx_word' id='word_1_63' title='bbox 1101 2193 1116 2217; x_wconf 91' lang='lat'>‚</span> <span class='ocrx_word' id='word_1_64' title='bbox 1146 2172 1252 2222; x_wconf 87' lang='lat' dir='ltr'>quo</span> <span class='ocrx_word' id='word_1_65' title='bbox 1284 2154 1467 2204; x_wconf 82' lang='lat' dir='ltr'>beatus</span> <span class='ocrx_word' id='word_1_66' title='bbox 1498 2153 1680 2203; x_wconf 82' lang='lat' dir='ltr'>vulne·</span> 
     </span>
     <span class='ocr_line' id='line_1_16' title="bbox 655 2233 1682 2305; baseline -0.003 -19"><span class='ocrx_word' id='word_1_67' title='bbox 655 2253 715 2285; x_wconf 89' lang='lat' dir='ltr'>re</span> <span class='ocrx_word' id='word_1_68' title='bbox 730 2273 742 2295; x_wconf 89' lang='lat'>,</span> <span class='ocrx_word' id='word_1_69' title='bbox 774 2253 877 2305; x_wconf 89' lang='lat' dir='ltr'>qua</span> <span class='ocrx_word' id='word_1_70' title='bbox 897 2234 1093 2304; x_wconf 82' lang='lat' dir='ltr'>periret</span> <span class='ocrx_word' id='word_1_71' title='bbox 1113 2233 1288 2303; x_wconf 84' lang='lat' dir='ltr'>sagitta</span> <span class='ocrx_word' id='word_1_72' title='bbox 1310 2272 1324 2295; x_wconf 90' lang='lat'>,</span> <span class='ocrx_word' id='word_1_73' title='bbox 1344 2249 1519 2283; x_wconf 90' lang='lat' dir='ltr'>secum</span> <span class='ocrx_word' id='word_1_74' title='bbox 1541 2250 1682 2283; x_wconf 89' lang='lat' dir='ltr'>com·</span> 
     </span>
     <span class='ocr_line' id='line_1_17' title="bbox 657 2311 1681 2381; baseline -0.002 -17"><span class='ocrx_word' id='word_1_75' title='bbox 657 2315 963 2365; x_wconf 82' lang='lat' dir='ltr'>municaret.</span> <span class='ocrx_word' id='word_1_76' title='bbox 1016 2313 1094 2364; x_wconf 89' lang='lat' dir='ltr'>Ex</span> <span class='ocrx_word' id='word_1_77' title='bbox 1151 2313 1251 2364; x_wconf 86' lang='lat' dir='ltr'>hac</span> <span class='ocrx_word' id='word_1_78' title='bbox 1303 2312 1460 2381; x_wconf 84' lang='lat' dir='ltr'>igitur</span> <span class='ocrx_word' id='word_1_79' title='bbox 1520 2311 1681 2362; x_wconf 80' lang='lat' dir='ltr'>Flavii</span> 
     </span>
     <span class='ocr_line' id='line_1_18' title="bbox 657 2391 1677 2463; baseline -0.002 -19"><span class='ocrx_word' id='word_1_80' title='bbox 657 2394 1076 2461; x_wconf 78' lang='lat' dir='ltr'>tergiversatione</span> <span class='ocrx_word' id='word_1_81' title='bbox 1152 2392 1469 2463; x_wconf 86' lang='lat' dir='ltr'>suspicatur,</span> <span class='ocrx_word' id='word_1_82' title='bbox 1529 2391 1677 2442; x_wconf 88' lang='lat' dir='ltr'>illum</span> 
     </span>
     <span class='ocr_line' id='line_1_19' title="bbox 654 2472 1680 2542; baseline -0.002 -18"><span class='ocrx_word' id='word_1_83' title='bbox 654 2474 894 2524; x_wconf 88' lang='lat' dir='ltr'>laborare</span> <span class='ocrx_word' id='word_1_84' title='bbox 926 2474 978 2524; x_wconf 90' lang='lat' dir='ltr'>in</span> <span class='ocrx_word' id='word_1_85' title='bbox 1003 2472 1092 2522; x_wconf 77' lang='lat' dir='ltr'>vili</span> <span class='ocrx_word' id='word_1_86' title='bbox 1125 2473 1297 2542; x_wconf 87' lang='lat' dir='ltr'>aliqua</span> <span class='ocrx_word' id='word_1_87' title='bbox 1330 2472 1680 2539; x_wconf 72' lang='lat' dir='ltr'>morbos-aque</span> 
     </span>
     <span class='ocr_line' id='line_1_20' title="bbox 658 2552 1680 2621; baseline -0.002 -18"><span class='ocrx_word' id='word_1_88' title='bbox 658 2553 962 2614; x_wconf 81' lang='lat' dir='ltr'>meretrice,</span> <span class='ocrx_word' id='word_1_89' title='bbox 994 2568 1111 2621; x_wconf 79' lang='lat' dir='ltr'>quae</span> <span class='ocrx_word' id='word_1_90' title='bbox 1143 2552 1279 2603; x_wconf 86' lang='lat' dir='ltr'>salva</span> <span class='ocrx_word' id='word_1_91' title='bbox 1309 2552 1578 2602; x_wconf 87' lang='lat' dir='ltr'>honestate</span> <span class='ocrx_word' id='word_1_92' title='bbox 1606 2553 1680 2602; x_wconf 88' lang='lat' dir='ltr'>in·</span> 
     </span>
     <span class='ocr_line' id='line_1_21' title="bbox 655 2629 1676 2701; baseline -0.001 -19"><span class='ocrx_word' id='word_1_93' title='bbox 655 2631 818 2684; x_wconf 87' lang='lat' dir='ltr'>dicari</span> <span class='ocrx_word' id='word_1_94' title='bbox 867 2650 975 2682; x_wconf 88' lang='lat' dir='ltr'>non</span> <span class='ocrx_word' id='word_1_95' title='bbox 1025 2632 1219 2701; x_wconf 56' lang='lat' dir='ltr'>possin</span> <span class='ocrx_word' id='word_1_96' title='bbox 1264 2648 1420 2701; x_wconf 86' lang='lat' dir='ltr'>quam</span> <span class='ocrx_word' id='word_1_97' title='bbox 1460 2629 1676 2699; x_wconf 84' lang='lat' dir='ltr'>quidem</span> 
     </span>
     <span class='ocr_line' id='line_1_22' title="bbox 652 2710 1680 2782; baseline 0 -21"><span class='ocrx_word' id='word_1_98' title='bbox 652 2712 997 2782; x_wconf 78' lang='lat' dir='ltr'>suspicionem</span> <span class='ocrx_word' id='word_1_99' title='bbox 1022 2711 1118 2762; x_wconf 86' lang='lat' dir='ltr'>alia</span> <span class='ocrx_word' id='word_1_100' title='bbox 1148 2710 1387 2780; x_wconf 69' lang='lat' dir='ltr'>quaedam</span> <span class='ocrx_word' id='word_1_101' title='bbox 1421 2710 1563 2780; x_wconf 88' lang='lat' dir='ltr'>signa</span> <span class='ocrx_word' id='word_1_102' title='bbox 1595 2729 1680 2761; x_wconf 87' lang='lat' dir='ltr'>ex-</span> 
     </span>
     <span class='ocr_line' id='line_1_23' title="bbox 655 2791 1678 2843; baseline 0.002 -2"><span class='ocrx_word' id='word_1_103' title='bbox 655 2804 800 2843; x_wconf 86' lang='lat' dir='ltr'>terna</span> <span class='ocrx_word' id='word_1_104' title='bbox 850 2791 1248 2842; x_wconf 82' lang='lat' dir='ltr'>confirmabant.</span> <span class='ocrx_word' id='word_1_105' title='bbox 1290 2792 1486 2841; x_wconf 86' lang='lat' dir='ltr'>Iterum</span> <span class='ocrx_word' id='word_1_106' title='bbox 1535 2809 1678 2843; x_wconf 87' lang='lat' dir='ltr'>nunc</span> 
     </span>
     <span class='ocr_line' id='line_1_24' title="bbox 656 2871 1676 2941; baseline 0.002 -21"><span class='ocrx_word' id='word_1_107' title='bbox 656 2884 803 2941; x_wconf 84' lang='lat' dir='ltr'>rogat</span> <span class='ocrx_word' id='word_1_108' title='bbox 823 2871 1060 2922; x_wconf 77' lang='lat' dir='ltr'>Flavium</span> <span class='ocrx_word' id='word_1_109' title='bbox 1078 2911 1091 2932; x_wconf 91' lang='lat'>,</span> <span class='ocrx_word' id='word_1_110' title='bbox 1115 2883 1171 2921; x_wconf 91' lang='lat' dir='ltr'>ut</span> <span class='ocrx_word' id='word_1_111' title='bbox 1188 2908 1202 2932; x_wconf 92' lang='lat'>,</span> <span class='ocrx_word' id='word_1_112' title='bbox 1228 2871 1542 2940; x_wconf 86' lang='lat' dir='ltr'>cuicumque</span> <span class='ocrx_word' id='word_1_113' title='bbox 1564 2882 1676 2922; x_wconf 86' lang='lat' dir='ltr'>tan-</span> 
     </span>
     <span class='ocr_line' id='line_1_25' title="bbox 656 2949 1677 3018; baseline 0.001 -18"><span class='ocrx_word' id='word_1_114' title='bbox 656 2949 777 3002; x_wconf 86' lang='lat' dir='ltr'>dem</span> <span class='ocrx_word' id='word_1_115' title='bbox 830 2952 996 3001; x_wconf 84' lang='lat' dir='ltr'>amori</span> <span class='ocrx_word' id='word_1_116' title='bbox 1038 2963 1215 3011; x_wconf 78' lang='lat' dir='ltr'>vacet,</span> <span class='ocrx_word' id='word_1_117' title='bbox 1259 2949 1455 3001; x_wconf 83' lang='lat' dir='ltr'>diutius</span> <span class='ocrx_word' id='word_1_118' title='bbox 1503 2951 1677 3018; x_wconf 85' lang='lat' dir='ltr'>ipsum</span> 
     </span>
     <span class='ocr_line' id='line_1_26' title="bbox 655 3028 1678 3099; baseline 0 -19"><span class='ocrx_word' id='word_1_119' title='bbox 655 3049 722 3080; x_wconf 89' lang='lat' dir='ltr'>ne</span> <span class='ocrx_word' id='word_1_120' title='bbox 768 3030 930 3094; x_wconf 87' lang='lat' dir='ltr'>celet,</span> <span class='ocrx_word' id='word_1_121' title='bbox 978 3028 1153 3080; x_wconf 89' lang='lat' dir='ltr'>addita</span> <span class='ocrx_word' id='word_1_122' title='bbox 1197 3030 1576 3099; x_wconf 82' lang='lat' dir='ltr'>promissione,</span> <span class='ocrx_word' id='word_1_123' title='bbox 1625 3048 1678 3080; x_wconf 84' lang='lat' dir='ltr'>se</span> 
     </span>
     <span class='ocr_line' id='line_1_27' title="bbox 654 3109 1679 3179; baseline -0.001 -18"><span class='ocrx_word' id='word_1_124' title='bbox 654 3111 1036 3162; x_wconf 84' lang='lat' dir='ltr'>celebraturum</span> <span class='ocrx_word' id='word_1_125' title='bbox 1062 3127 1168 3160; x_wconf 67' lang='lat' dir='ltr'>esse</span> <span class='ocrx_word' id='word_1_126' title='bbox 1189 3110 1300 3179; x_wconf 85' lang='lat' dir='ltr'>ejus</span> <span class='ocrx_word' id='word_1_127' title='bbox 1322 3126 1527 3161; x_wconf 87' lang='lat' dir='ltr'>amores</span> <span class='ocrx_word' id='word_1_128' title='bbox 1551 3109 1679 3179; x_wconf 87' lang='lat' dir='ltr'>lepi-</span> 
     </span>
     <span class='ocr_line' id='line_1_28' title="bbox 654 3189 1096 3240; baseline 0 -1"><span class='ocrx_word' id='word_1_129' title='bbox 654 3189 734 3240; x_wconf 85' lang='lat' dir='ltr'>dis</span> <span class='ocrx_word' id='word_1_130' title='bbox 762 3189 1096 3240; x_wconf 84' lang='lat' dir='ltr'>carminibus.</span> 
     </span>
    </p>

    <p class='ocr_par' dir='ltr' id='par_1_13' title="bbox 646 3267 1677 3896">
     <span class='ocr_line' id='line_1_29' title="bbox 743 3267 1675 3338; baseline 0 -18"><span class='ocrx_word' id='word_1_131' title='bbox 743 3288 792 3321; x_wconf 87' lang='lat'>1.</span> <span class='ocrx_word' id='word_1_132' title='bbox 837 3270 1049 3318; x_wconf 76' lang='lat' dir='ltr'>Delicias</span> <span class='ocrx_word' id='word_1_133' title='bbox 1086 3281 1209 3318; x_wconf 81' lang='lat' dir='ltr'>tuas.</span> <span class='ocrx_word' id='word_1_134' title='bbox 1257 3267 1522 3330; x_wconf 83' lang='lat' dir='ltr'>Puellam,</span> <span class='ocrx_word' id='word_1_135' title='bbox 1570 3286 1675 3338; x_wconf 84' lang='lat' dir='ltr'>qua</span> 
     </span>
     <span class='ocr_line' id='line_1_30' title="bbox 651 3347 1677 3409; baseline -0.002 -9"><span class='ocrx_word' id='word_1_136' title='bbox 651 3347 922 3400; x_wconf 87' lang='lat' dir='ltr'>delectaris</span> <span class='ocrx_word' id='word_1_137' title='bbox 941 3386 955 3409; x_wconf 95' lang='lat'>‚</span> <span class='ocrx_word' id='word_1_138' title='bbox 984 3360 1099 3398; x_wconf 85' lang='lat' dir='ltr'>tuos</span> <span class='ocrx_word' id='word_1_139' title='bbox 1129 3365 1347 3398; x_wconf 83' lang='lat' dir='ltr'>amores.</span> <span class='ocrx_word' id='word_1_140' title='bbox 1372 3379 1451 3387; x_wconf 89' lang='lat'>—</span> <span class='ocrx_word' id='word_1_141' title='bbox 1481 3348 1677 3399; x_wconf 84' lang='lat' dir='ltr'>Catullo</span> 
     </span>
     <span class='ocr_line' id='line_1_31' title="bbox 652 3427 1675 3498; baseline 0.001 -20"><span class='ocrx_word' id='word_1_142' title='bbox 652 3429 913 3498; x_wconf 85' lang='lat' dir='ltr'>eleganter</span> <span class='ocrx_word' id='word_1_143' title='bbox 946 3446 1046 3496; x_wconf 87' lang='lat' dir='ltr'>pro</span> <span class='ocrx_word' id='word_1_144' title='bbox 1089 3427 1228 3484; x_wconf 77' lang='lat' dir='ltr'>mihi,</span> <span class='ocrx_word' id='word_1_145' title='bbox 1266 3444 1481 3477; x_wconf 83' lang='lat' dir='ltr'>summae</span> <span class='ocrx_word' id='word_1_146' title='bbox 1525 3428 1675 3479; x_wconf 85' lang='lat' dir='ltr'>fami·</span> 
     </span>
     <span class='ocr_line' id='line_1_32' title="bbox 650 3505 1676 3560; baseline 0 -1"><span class='ocrx_word' id='word_1_147' title='bbox 650 3507 881 3559; x_wconf 90' lang='lat' dir='ltr'>liaritatis</span> <span class='ocrx_word' id='word_1_148' title='bbox 907 3505 1233 3558; x_wconf 69' lang='lat' dir='ltr'>declarandae</span> <span class='ocrx_word' id='word_1_149' title='bbox 1257 3524 1426 3557; x_wconf 85' lang='lat' dir='ltr'>causa.</span> <span class='ocrx_word' id='word_1_150' title='bbox 1453 3508 1676 3560; x_wconf 82' lang='lat' dir='ltr'>—Pace</span> 
     </span>
     <span class='ocr_line' id='line_1_33' title="bbox 651 3584 1675 3657; baseline 0 -20"><span class='ocrx_word' id='word_1_151' title='bbox 651 3586 920 3655; x_wconf 87' lang='lat' dir='ltr'>Doeringii</span> <span class='ocrx_word' id='word_1_152' title='bbox 941 3584 1114 3638; x_wconf 82' lang='lat' dir='ltr'>dicere</span> <span class='ocrx_word' id='word_1_153' title='bbox 1133 3585 1309 3648; x_wconf 88' lang='lat' dir='ltr'>liceat,</span> <span class='ocrx_word' id='word_1_154' title='bbox 1332 3604 1439 3636; x_wconf 84' lang='lat' dir='ltr'>non</span> <span class='ocrx_word' id='word_1_155' title='bbox 1467 3586 1675 3657; x_wconf 84' lang='lat' dir='ltr'>reperio</span> 
     </span>
     <span class='ocr_line' id='line_1_34' title="bbox 651 3665 1676 3737; baseline -0.001 -19"><span class='ocrx_word' id='word_1_156' title='bbox 651 3685 809 3737; x_wconf 89' lang='lat' dir='ltr'>quam</span> <span class='ocrx_word' id='word_1_157' title='bbox 833 3667 938 3718; x_wconf 81' lang='lat' dir='ltr'>vim</span> <span class='ocrx_word' id='word_1_158' title='bbox 969 3684 1186 3717; x_wconf 74' lang='lat' dir='ltr'>summm</span> <span class='ocrx_word' id='word_1_159' title='bbox 1209 3665 1565 3718; x_wconf 83' lang='lat' dir='ltr'>familiaritatis</span> <span class='ocrx_word' id='word_1_160' title='bbox 1588 3665 1676 3717; x_wconf 86' lang='lat' dir='ltr'>de-</span> 
     </span>
     <span class='ocr_line' id='line_1_35' title="bbox 648 3745 1672 3816; baseline 0 -18"><span class='ocrx_word' id='word_1_161' title='bbox 648 3745 905 3798; x_wconf 80' lang='lat' dir='ltr'>clarandae</span> <span class='ocrx_word' id='word_1_162' title='bbox 927 3746 1114 3797; x_wconf 84' lang='lat' dir='ltr'>habeat</span> <span class='ocrx_word' id='word_1_163' title='bbox 1134 3763 1330 3796; x_wconf 86' lang='lat' dir='ltr'>nomen</span> <span class='ocrx_word' id='word_1_164' title='bbox 1355 3745 1553 3797; x_wconf 81' lang='lat' dir='ltr'>Catullo</span> <span class='ocrx_word' id='word_1_165' title='bbox 1573 3765 1672 3816; x_wconf 90' lang='lat' dir='ltr'>pro</span> 
     </span>
     <span class='ocr_line' id='line_1_36' title="bbox 646 3825 1130 3896; baseline -0.002 -19"><span class='ocrx_word' id='word_1_166' title='bbox 646 3828 762 3878; x_wconf 74' lang='lat' dir='ltr'>milti</span> <span class='ocrx_word' id='word_1_167' title='bbox 789 3827 1035 3896; x_wconf 78' lang='lat' dir='ltr'>positum.</span> <span class='ocrx_word' id='word_1_168' title='bbox 1059 3825 1111 3876; x_wconf 88' lang='lat' dir='ltr'>N</span> <span class='ocrx_word' id='word_1_169' title='bbox 1117 3863 1130 3875; x_wconf 85' lang='lat'><strong>.</strong></span> 
     </span>
    </p>

    <p class='ocr_par' dir='ltr' id='par_1_14' title="bbox 642 3904 1671 4129">
     <span class='ocr_line' id='line_1_37' title="bbox 732 3904 1671 3974; baseline -0.002 -16"><span class='ocrx_word' id='word_1_170' title='bbox 732 3907 979 3958; x_wconf 71' lang='lat' dir='ltr'>2.N1·s1·m</span> <span class='ocrx_word' id='word_1_171' title='bbox 1012 3904 1221 3973; x_wconf 59' lang='lat' dir='ltr'>illepidae</span> <span class='ocrx_word' id='word_1_172' title='bbox 1234 3918 1375 3974; x_wconf 74' lang='lat' dir='ltr'>atque</span> <span class='ocrx_word' id='word_1_173' title='bbox 1395 3904 1505 3956; x_wconf 77' lang='lat' dir='ltr'>incl.</span> <span class='ocrx_word' id='word_1_174' title='bbox 1530 3904 1582 3955; x_wconf 90' lang='lat' dir='ltr'>ni</span> <span class='ocrx_word' id='word_1_175' title='bbox 1608 3904 1671 3956; x_wconf 87' lang='lat' dir='ltr'>sit</span> 
     </span>
     <span class='ocr_line' id='line_1_38' title="bbox 647 3984 1668 4054; baseline 0 -18"><span class='ocrx_word' id='word_1_176' title='bbox 647 3985 993 4054; x_wconf 84' lang='lat' dir='ltr'>prostibulum</span> <span class='ocrx_word' id='word_1_177' title='bbox 1012 4023 1028 4047; x_wconf 90' lang='lat'>,</span> <span class='ocrx_word' id='word_1_178' title='bbox 1054 3984 1212 4035; x_wconf 77' lang='lat' dir='ltr'>veluti</span> <span class='ocrx_word' id='word_1_179' title='bbox 1246 4002 1367 4035; x_wconf 83' lang='lat' dir='ltr'>mox</span> <span class='ocrx_word' id='word_1_180' title='bbox 1398 4004 1448 4037; x_wconf 76' lang='lat' dir='ltr'>v.</span> <span class='ocrx_word' id='word_1_181' title='bbox 1483 3991 1512 4046; x_wconf 74' lang='grc'><em>4</em></span> <span class='ocrx_word' id='word_1_182' title='bbox 1533 4023 1548 4044; x_wconf 83' lang='lat'>,</span> <span class='ocrx_word' id='word_1_183' title='bbox 1580 4003 1668 4036; x_wconf 78' lang='lat' dir='ltr'>vo-</span> 
     </span>
     <span class='ocr_line' id='line_1_39' title="bbox 642 4063 1382 4129; baseline -0.004 -13"><span class='ocrx_word' id='word_1_184' title='bbox 642 4078 787 4116; x_wconf 78' lang='lat' dir='ltr'>catur</span> <span class='ocrx_word' id='word_1_185' title='bbox 813 4076 1014 4115; x_wconf 80' lang='lat' dir='ltr'>scortum</span> <span class='ocrx_word' id='word_1_186' title='bbox 1028 4063 1382 4129; x_wconf 67' lang='lat' dir='ltr'>febriculosum.</span> 
     </span>
    </p>
   </div>
   <div class='ocr_carea' id='block_1_7' title="bbox 1773 1992 2796 2145">
    <p class='ocr_par' dir='ltr' id='par_1_15' title="bbox 1773 1992 2796 2145">
     <span class='ocr_line' id='line_1_40' title="bbox 1857 1992 2796 2063; baseline 0.002 -19"><span class='ocrx_word' id='word_1_187' title='bbox 1857 1992 1906 2044; x_wconf 87' lang='lat'>3.</span> <span class='ocrx_word' id='word_1_188' title='bbox 1939 1993 2074 2042; x_wconf 78' lang='lat' dir='ltr'>Velis</span> <span class='ocrx_word' id='word_1_189' title='bbox 2098 2005 2149 2043; x_wconf 92' lang='lat' dir='ltr'>et</span> <span class='ocrx_word' id='word_1_190' title='bbox 2170 1996 2325 2061; x_wconf 81' lang='lat' dir='ltr'>possis</span> <span class='ocrx_word' id='word_1_191' title='bbox 2351 1995 2610 2063; x_wconf 89' lang='lat' dir='ltr'>conjectat</span> <span class='ocrx_word' id='word_1_192' title='bbox 2639 1995 2796 2048; x_wconf 84' lang='lat' dir='ltr'>Hein-</span> 
     </span>
     <span class='ocr_line' id='line_1_41' title="bbox 1773 2070 2794 2145; baseline 0.002 -21"><span class='ocrx_word' id='word_1_193' title='bbox 1773 2074 1877 2124; x_wconf 81' lang='lat' dir='ltr'>sius</span> <span class='ocrx_word' id='word_1_194' title='bbox 1913 2073 1966 2124; x_wconf 90' lang='lat' dir='ltr'>in</span> <span class='ocrx_word' id='word_1_195' title='bbox 2009 2084 2120 2124; x_wconf 88' lang='lat' dir='ltr'>not.</span> <span class='ocrx_word' id='word_1_196' title='bbox 2160 2070 2228 2123; x_wconf 86' lang='lat' dir='ltr'>ad</span> <span class='ocrx_word' id='word_1_197' title='bbox 2278 2073 2564 2124; x_wconf 86' lang='lat' dir='ltr'>Catullum.</span> <span class='ocrx_word' id='word_1_198' title='bbox 2610 2094 2794 2145; x_wconf 86' lang='lat' dir='ltr'>parum</span> 
     </span>
    </p>
   </div>
   <div class='ocr_carea' id='block_1_8' title="bbox 1772 2151 2893 2222">
    <p class='ocr_par' dir='ltr' id='par_1_16' title="bbox 1772 2151 2893 2222">
     <span class='ocr_line' id='line_1_42' title="bbox 1772 2151 2893 2222; baseline 0.003 -18"><span class='ocrx_word' id='word_1_199' title='bbox 1772 2164 1925 2204; x_wconf 87' lang='lat' dir='ltr'>recte.</span> <span class='ocrx_word' id='word_1_200' title='bbox 1961 2151 2171 2221; x_wconf 81' lang='lat' dir='ltr'>Cogita,</span> <span class='ocrx_word' id='word_1_201' title='bbox 2196 2152 2463 2204; x_wconf 88' lang='lat' dir='ltr'>Catullum</span> <span class='ocrx_word' id='word_1_202' title='bbox 2494 2155 2601 2222; x_wconf 84' lang='lat' dir='ltr'>jam</span> <span class='ocrx_word' id='word_1_203' title='bbox 2649 2170 2795 2207; x_wconf 86' lang='lat' dir='ltr'>antea</span> <span class='ocrx_word' id='word_1_204' title='bbox 2887 2157 2893 2165; x_wconf 86' lang='grc'><strong><em>’</em></strong></span> 
     </span>
    </p>
   </div>
   <div class='ocr_carea' id='block_1_9' title="bbox 1740 2232 2799 4132">
    <p class='ocr_par' dir='ltr' id='par_1_17' title="bbox 1767 2232 2798 2462">
     <span class='ocr_line' id='line_1_43' title="bbox 1771 2232 2798 2304; baseline 0.003 -22"><span class='ocrx_word' id='word_1_205' title='bbox 1771 2233 2043 2302; x_wconf 82' lang='lat' dir='ltr'>explorare</span> <span class='ocrx_word' id='word_1_206' title='bbox 2071 2232 2294 2282; x_wconf 71' lang='lat' dir='ltr'>voluisse</span> <span class='ocrx_word' id='word_1_207' title='bbox 2328 2232 2563 2283; x_wconf 86' lang='lat' dir='ltr'>Flavium</span> <span class='ocrx_word' id='word_1_208' title='bbox 2593 2232 2667 2287; x_wconf 86' lang='lat' dir='ltr'>de</span> <span class='ocrx_word' id='word_1_209' title='bbox 2692 2238 2798 2304; x_wconf 84' lang='lat' dir='ltr'>ejus</span> 
     </span>
     <span class='ocr_line' id='line_1_44' title="bbox 1767 2310 2793 2381; baseline 0.004 -19"><span class='ocrx_word' id='word_1_210' title='bbox 1767 2330 1947 2363; x_wconf 88' lang='lat' dir='ltr'>amore</span> <span class='ocrx_word' id='word_1_211' title='bbox 1974 2351 1987 2375; x_wconf 94' lang='lat'>,</span> <span class='ocrx_word' id='word_1_212' title='bbox 2043 2310 2133 2363; x_wconf 83' lang='lat' dir='ltr'>sed</span> <span class='ocrx_word' id='word_1_213' title='bbox 2196 2312 2344 2362; x_wconf 88' lang='lat' dir='ltr'>illum</span> <span class='ocrx_word' id='word_1_214' title='bbox 2405 2312 2793 2381; x_wconf 81' lang='lat' dir='ltr'>tergiversatum</span> 
     </span>
     <span class='ocr_line' id='line_1_45' title="bbox 1768 2390 2660 2462; baseline 0.004 -21"><span class='ocrx_word' id='word_1_215' title='bbox 1768 2410 1875 2442; x_wconf 85' lang='lat' dir='ltr'>esse</span> <span class='ocrx_word' id='word_1_216' title='bbox 1904 2410 1916 2442; x_wconf 91' lang='lat'><strong>:</strong></span> <span class='ocrx_word' id='word_1_217' title='bbox 1951 2390 2062 2443; x_wconf 82' lang='lat' dir='ltr'>vid.</span> <span class='ocrx_word' id='word_1_218' title='bbox 2088 2404 2456 2461; x_wconf 85' lang='lat' dir='ltr'>argumentum</span> <span class='ocrx_word' id='word_1_219' title='bbox 2483 2410 2660 2462; x_wconf 85' lang='lat' dir='ltr'>supra.</span> 
     </span>
    </p>

    <p class='ocr_par' dir='ltr' id='par_1_18' title="bbox 1759 2472 2799 3876">
     <span class='ocr_line' id='line_1_46' title="bbox 1849 2472 2793 2543; baseline 0.002 -21"><span class='ocrx_word' id='word_1_220' title='bbox 1849 2491 1900 2541; x_wconf 90' lang='lat'>7.</span> <span class='ocrx_word' id='word_1_221' title='bbox 1938 2473 2252 2543; x_wconf 77' lang='lat' dir='ltr'>Nequaquam</span> <span class='ocrx_word' id='word_1_222' title='bbox 2296 2472 2409 2523; x_wconf 87' lang='lat' dir='ltr'>vult</span> <span class='ocrx_word' id='word_1_223' title='bbox 2445 2472 2692 2526; x_wconf 86' lang='lat' dir='ltr'>Heinsius</span> <span class='ocrx_word' id='word_1_224' title='bbox 2745 2475 2793 2525; x_wconf 89' lang='lat' dir='ltr'>in</span> 
     </span>
     <span class='ocr_line' id='line_1_47' title="bbox 1765 2551 2795 2620; baseline 0.004 -19"><span class='ocrx_word' id='word_1_225' title='bbox 1765 2552 1901 2603; x_wconf 85' lang='lat' dir='ltr'>notis</span> <span class='ocrx_word' id='word_1_226' title='bbox 1925 2551 1990 2603; x_wconf 89' lang='lat' dir='ltr'>ad</span> <span class='ocrx_word' id='word_1_227' title='bbox 2007 2553 2270 2604; x_wconf 89' lang='lat' dir='ltr'>Catullum</span> <span class='ocrx_word' id='word_1_228' title='bbox 2288 2574 2300 2615; x_wconf 84' lang='lat'><em>3</em></span> <span class='ocrx_word' id='word_1_229' title='bbox 2316 2564 2505 2620; x_wconf 64' lang='lat' dir='ltr'>praeter</span> <span class='ocrx_word' id='word_1_230' title='bbox 2522 2554 2795 2606; x_wconf 54' lang='lat' dir='ltr'>necessita-</span> 
     </span>
     <span class='ocr_line' id='line_1_48' title="bbox 1768 2631 2798 2691; baseline 0.002 -11"><span class='ocrx_word' id='word_1_231' title='bbox 1768 2633 1897 2683; x_wconf 87' lang='lat' dir='ltr'>tem!</span> <span class='ocrx_word' id='word_1_232' title='bbox 1914 2633 2161 2683; x_wconf 73' lang='lat' dir='ltr'>-Recte</span> <span class='ocrx_word' id='word_1_233' title='bbox 2173 2631 2434 2691; x_wconf 48' lang='lat' dir='ltr'>Heinsius</span> <span class='ocrx_word' id='word_1_234' title='bbox 2452 2632 2644 2684; x_wconf 82' lang='lat' dir='ltr'>frustra</span> <span class='ocrx_word' id='word_1_235' title='bbox 2665 2632 2798 2685; x_wconf 88' lang='lat' dir='ltr'>reni·</span> 
     </span>
     <span class='ocr_line' id='line_1_49' title="bbox 1766 2712 2796 2781; baseline 0.001 -20"><span class='ocrx_word' id='word_1_236' title='bbox 1766 2722 1904 2762; x_wconf 86' lang='lat' dir='ltr'>tente</span> <span class='ocrx_word' id='word_1_237' title='bbox 1916 2713 2071 2763; x_wconf 88' lang='lat' dir='ltr'>Doer.</span> <span class='ocrx_word' id='word_1_238' title='bbox 2086 2714 2134 2764; x_wconf 90' lang='lat' dir='ltr'>N</span> <span class='ocrx_word' id='word_1_239' title='bbox 2141 2712 2476 2781; x_wconf 70' lang='lat' dir='ltr'>.—Nequidq.</span> <span class='ocrx_word' id='word_1_240' title='bbox 2496 2717 2632 2763; x_wconf 74' lang='lat' dir='ltr'>tacit.</span> <span class='ocrx_word' id='word_1_241' title='bbox 2647 2713 2796 2763; x_wconf 82' lang='lat' dir='ltr'>cubile</span> 
     </span>
     <span class='ocr_line' id='line_1_50' title="bbox 1764 2789 2794 2860; baseline 0.006 -22"><span class='ocrx_word' id='word_1_242' title='bbox 1764 2789 1944 2841; x_wconf 82' lang='lat' dir='ltr'>clamat</span> <span class='ocrx_word' id='word_1_243' title='bbox 1969 2811 1988 2841; x_wconf 90' lang='lat'>.·</span> <span class='ocrx_word' id='word_1_244' title='bbox 2017 2793 2256 2860; x_wconf 70' lang='lat' dir='ltr'>quamvis</span> <span class='ocrx_word' id='word_1_245' title='bbox 2297 2804 2351 2842; x_wconf 91' lang='lat' dir='ltr'>tu</span> <span class='ocrx_word' id='word_1_246' title='bbox 2400 2804 2565 2852; x_wconf 76' lang='lat' dir='ltr'>taceS,</span> <span class='ocrx_word' id='word_1_247' title='bbox 2605 2793 2794 2844; x_wconf 84' lang='lat' dir='ltr'>frustra</span> 
     </span>
     <span class='ocr_line' id='line_1_51' title="bbox 1765 2870 2796 2932; baseline 0.004 -14"><span class='ocrx_word' id='word_1_248' title='bbox 1765 2881 1936 2922; x_wconf 81' lang='lat' dir='ltr'>tamen</span> <span class='ocrx_word' id='word_1_249' title='bbox 1980 2883 2110 2922; x_wconf 87' lang='lat' dir='ltr'>tacet</span> <span class='ocrx_word' id='word_1_250' title='bbox 2156 2871 2361 2932; x_wconf 87' lang='lat' dir='ltr'>cubile,</span> <span class='ocrx_word' id='word_1_251' title='bbox 2392 2870 2558 2920; x_wconf 88' lang='lat' dir='ltr'>immo</span> <span class='ocrx_word' id='word_1_252' title='bbox 2606 2873 2796 2924; x_wconf 89' lang='lat' dir='ltr'>clamat</span> 
     </span>
     <span class='ocr_line' id='line_1_52' title="bbox 1762 2949 2796 3021; baseline 0.004 -23"><span class='ocrx_word' id='word_1_253' title='bbox 1762 2961 1918 3018; x_wconf 84' lang='lat' dir='ltr'>atque</span> <span class='ocrx_word' id='word_1_254' title='bbox 1947 2949 2011 3000; x_wconf 86' lang='lat' dir='ltr'>ad</span> <span class='ocrx_word' id='word_1_255' title='bbox 2034 2950 2226 3002; x_wconf 84' lang='lat' dir='ltr'>claram</span> <span class='ocrx_word' id='word_1_256' title='bbox 2262 2950 2382 3001; x_wconf 85' lang='lat' dir='ltr'>solis</span> <span class='ocrx_word' id='word_1_257' title='bbox 2401 2949 2568 3000; x_wconf 88' lang='lat' dir='ltr'>lucem</span> <span class='ocrx_word' id='word_1_258' title='bbox 2591 2953 2796 3021; x_wconf 85' lang='lat' dir='ltr'>profert</span> 
     </span>
     <span class='ocr_line' id='line_1_53' title="bbox 1763 3029 2794 3098; baseline 0.005 -22"><span class='ocrx_word' id='word_1_259' title='bbox 1763 3030 2048 3098; x_wconf 86' lang='lat' dir='ltr'>nequitiam</span> <span class='ocrx_word' id='word_1_260' title='bbox 2113 3042 2271 3080; x_wconf 87' lang='lat' dir='ltr'>tuam.</span> <span class='ocrx_word' id='word_1_261' title='bbox 2297 3029 2536 3093; x_wconf 89' lang='lat' dir='ltr'>Quilibet</span> <span class='ocrx_word' id='word_1_262' title='bbox 2581 3044 2794 3091; x_wconf 83' lang='lat' dir='ltr'>autem,</span> 
     </span>
     <span class='ocr_line' id='line_1_54' title="bbox 1763 3107 2790 3173; baseline 0.006 -18"><span class='ocrx_word' id='word_1_263' title='bbox 1763 3109 1846 3160; x_wconf 77' lang='lat' dir='ltr'>vel</span> <span class='ocrx_word' id='word_1_264' title='bbox 1875 3128 1960 3160; x_wconf 88' lang='lat' dir='ltr'>me</span> <span class='ocrx_word' id='word_1_265' title='bbox 1978 3128 2084 3159; x_wconf 87' lang='lat' dir='ltr'>non</span> <span class='ocrx_word' id='word_1_266' title='bbox 2107 3122 2354 3161; x_wconf 80' lang='lat' dir='ltr'>monente</span> <span class='ocrx_word' id='word_1_267' title='bbox 2370 3148 2383 3173; x_wconf 93' lang='lat'>,</span> <span class='ocrx_word' id='word_1_268' title='bbox 2404 3107 2552 3160; x_wconf 88' lang='lat' dir='ltr'>facile</span> <span class='ocrx_word' id='word_1_269' title='bbox 2575 3111 2790 3172; x_wconf 85' lang='lat' dir='ltr'>sentiet,</span> 
     </span>
     <span class='ocr_line' id='line_1_55' title="bbox 1763 3189 2797 3260; baseline 0.002 -22"><span class='ocrx_word' id='word_1_270' title='bbox 1763 3205 1921 3256; x_wconf 88' lang='lat' dir='ltr'>quam</span> <span class='ocrx_word' id='word_1_271' title='bbox 1949 3189 2172 3240; x_wconf 84' lang='lat' dir='ltr'>suaviter</span> <span class='ocrx_word' id='word_1_272' title='bbox 2198 3190 2346 3239; x_wconf 76' lang='lat' dir='ltr'>cubili</span> <span class='ocrx_word' id='word_1_273' title='bbox 2370 3189 2694 3260; x_wconf 78' lang='lat' dir='ltr'>nequidquam</span> <span class='ocrx_word' id='word_1_274' title='bbox 2726 3203 2797 3240; x_wconf 81' lang='lat' dir='ltr'>ta-</span> 
     </span>
     <span class='ocr_line' id='line_1_56' title="bbox 1763 3269 2792 3337; baseline 0.006 -22"><span class='ocrx_word' id='word_1_275' title='bbox 1763 3272 1857 3318; x_wconf 83' lang='lat' dir='ltr'>cito</span> <span class='ocrx_word' id='word_1_276' title='bbox 1887 3269 2068 3318; x_wconf 81' lang='lat' dir='ltr'>clamor</span> <span class='ocrx_word' id='word_1_277' title='bbox 2098 3269 2357 3319; x_wconf 87' lang='lat' dir='ltr'>tribuatur</span> <span class='ocrx_word' id='word_1_278' title='bbox 2387 3282 2630 3337; x_wconf 84' lang='lat' dir='ltr'>respectu</span> <span class='ocrx_word' id='word_1_279' title='bbox 2664 3270 2754 3321; x_wconf 88' lang='lat' dir='ltr'>alti</span> <span class='ocrx_word' id='word_1_280' title='bbox 2778 3307 2792 3330; x_wconf 76' lang='grc'>,</span> 
     </span>
     <span class='ocr_line' id='line_1_57' title="bbox 1761 3346 2794 3415; baseline 0.004 -18"><span class='ocrx_word' id='word_1_281' title='bbox 1761 3365 1870 3415; x_wconf 89' lang='lat' dir='ltr'>quo</span> <span class='ocrx_word' id='word_1_282' title='bbox 1926 3365 2158 3399; x_wconf 84' lang='lat' dir='ltr'>amorem</span> <span class='ocrx_word' id='word_1_283' title='bbox 2221 3366 2374 3398; x_wconf 89' lang='lat' dir='ltr'>suum</span> <span class='ocrx_word' id='word_1_284' title='bbox 2429 3346 2794 3400; x_wconf 82' lang='lat' dir='ltr'>dissimulabat</span> 
     </span>
     <span class='ocr_line' id='line_1_58' title="bbox 1764 3426 2796 3489; baseline 0.001 -12"><span class='ocrx_word' id='word_1_285' title='bbox 1764 3426 1996 3489; x_wconf 80' lang='lat' dir='ltr'>Flavius,</span> <span class='ocrx_word' id='word_1_286' title='bbox 2029 3426 2231 3477; x_wconf 89' lang='lat' dir='ltr'>silentii.</span> <span class='ocrx_word' id='word_1_287' title='bbox 2269 3428 2464 3477; x_wconf 79' lang='lat' dir='ltr'>Tacitus</span> <span class='ocrx_word' id='word_1_288' title='bbox 2499 3441 2547 3478; x_wconf 87' lang='lat' dir='ltr'>et</span> <span class='ocrx_word' id='word_1_289' title='bbox 2580 3428 2796 3478; x_wconf 75' lang='lat' dir='ltr'>clamare</span> 
     </span>
     <span class='ocr_line' id='line_1_59' title="bbox 1761 3504 2797 3576; baseline 0.003 -20"><span class='ocrx_word' id='word_1_290' title='bbox 1761 3506 2021 3576; x_wconf 82' lang='lat' dir='ltr'>eleganter</span> <span class='ocrx_word' id='word_1_291' title='bbox 2049 3504 2114 3556; x_wconf 90' lang='lat' dir='ltr'>ad</span> <span class='ocrx_word' id='word_1_292' title='bbox 2140 3525 2221 3556; x_wconf 88' lang='lat' dir='ltr'>res</span> <span class='ocrx_word' id='word_1_293' title='bbox 2240 3505 2548 3557; x_wconf 81' lang='lat' dir='ltr'>inanimatas</span> <span class='ocrx_word' id='word_1_294' title='bbox 2574 3508 2797 3559; x_wconf 83' lang='lat' dir='ltr'>transfe-</span> 
     </span>
     <span class='ocr_line' id='line_1_60' title="bbox 1759 3584 2795 3655; baseline 0.001 -19"><span class='ocrx_word' id='word_1_295' title='bbox 1759 3599 1948 3637; x_wconf 87' lang='lat' dir='ltr'>runtur</span> <span class='ocrx_word' id='word_1_296' title='bbox 1975 3586 2130 3636; x_wconf 88' lang='lat' dir='ltr'>etiam</span> <span class='ocrx_word' id='word_1_297' title='bbox 2155 3584 2298 3655; x_wconf 85' lang='lat' dir='ltr'>apud</span> <span class='ocrx_word' id='word_1_298' title='bbox 2330 3586 2477 3638; x_wconf 80' lang='lat' dir='ltr'>alios.</span> <span class='ocrx_word' id='word_1_299' title='bbox 2516 3585 2603 3638; x_wconf 85' lang='lat' dir='ltr'>Sic</span> <span class='ocrx_word' id='word_1_300' title='bbox 2641 3591 2795 3639; x_wconf 77' lang='lat' dir='ltr'>tacita</span> 
     </span>
     <span class='ocr_line' id='line_1_61' title="bbox 1759 3663 2794 3735; baseline 0.004 -21"><span class='ocrx_word' id='word_1_301' title='bbox 1759 3669 1905 3716; x_wconf 69' lang='lat' dir='ltr'>vestis</span> <span class='ocrx_word' id='word_1_302' title='bbox 1935 3663 2078 3734; x_wconf 83' lang='lat' dir='ltr'>apud</span> <span class='ocrx_word' id='word_1_303' title='bbox 2118 3664 2452 3735; x_wconf 84' lang='lat' dir='ltr'>Propertium</span> <span class='ocrx_word' id='word_1_304' title='bbox 2485 3665 2535 3725; x_wconf 85' lang='lat' dir='ltr'>I,</span> <span class='ocrx_word' id='word_1_305' title='bbox 2568 3684 2651 3731; x_wconf 79' lang='lat' dir='ltr'>nr,</span> <span class='ocrx_word' id='word_1_306' title='bbox 2691 3674 2794 3731; x_wconf 73' lang='lat'>14,</span> 
     </span>
     <span class='ocr_line' id='line_1_62' title="bbox 1760 3742 2799 3818; baseline 0.006 -25"><span class='ocrx_word' id='word_1_307' title='bbox 1760 3745 1848 3796; x_wconf 88' lang='lat' dir='ltr'>ubi</span> <span class='ocrx_word' id='word_1_308' title='bbox 1906 3742 1973 3794; x_wconf 89' lang='lat' dir='ltr'>de</span> <span class='ocrx_word' id='word_1_309' title='bbox 2022 3755 2246 3813; x_wconf 87' lang='lat' dir='ltr'>utroque</span> <span class='ocrx_word' id='word_1_310' title='bbox 2286 3744 2527 3813; x_wconf 84' lang='lat' dir='ltr'>exempla</span> <span class='ocrx_word' id='word_1_311' title='bbox 2575 3747 2799 3818; x_wconf 77' lang='lat' dir='ltr'>collegit</span> 
     </span>
     <span class='ocr_line' id='line_1_63' title="bbox 1761 3823 2092 3876; baseline 0.006 -2"><span class='ocrx_word' id='word_1_312' title='bbox 1761 3823 2092 3876; x_wconf 77' lang='lat' dir='ltr'>Passeratius·</span> 
     </span>
    </p>

    <p class='ocr_par' dir='ltr' id='par_1_19' title="bbox 1740 3902 2798 4132">
     <span class='ocr_line' id='line_1_64' title="bbox 1839 3902 2798 3972; baseline 0.004 -18"><span class='ocrx_word' id='word_1_313' title='bbox 1839 3905 1891 3954; x_wconf 89' lang='lat'>8.</span> <span class='ocrx_word' id='word_1_314' title='bbox 1917 3905 2082 3954; x_wconf 88' lang='lat' dir='ltr'>Vetus</span> <span class='ocrx_word' id='word_1_315' title='bbox 2115 3902 2270 3953; x_wconf 86' lang='lat' dir='ltr'>lectio</span> <span class='ocrx_word' id='word_1_316' title='bbox 2311 3902 2461 3954; x_wconf 75' lang='lat' dir='ltr'>Sertis</span> <span class='ocrx_word' id='word_1_317' title='bbox 2489 3903 2709 3972; x_wconf 65' lang='lat' dir='ltr'>Asere&#39;o</span> <span class='ocrx_word' id='word_1_318' title='bbox 2747 3917 2798 3958; x_wconf 85' lang='lat' dir='ltr'>et</span> 
     </span>
     <span class='ocr_line' id='line_1_65' title="bbox 1756 3983 2796 4054; baseline 0.001 -19"><span class='ocrx_word' id='word_1_319' title='bbox 1756 3983 1996 4054; x_wconf 55' lang='lat' dir='ltr'>Ser-telique</span> <span class='ocrx_word' id='word_1_320' title='bbox 2025 3983 2266 4053; x_wconf 46' lang='lat' dir='ltr'>Astyrum·</span> <span class='ocrx_word' id='word_1_321' title='bbox 2307 4002 2404 4052; x_wconf 83' lang='lat' dir='ltr'>pro</span> <span class='ocrx_word' id='word_1_322' title='bbox 2425 3985 2675 4051; x_wconf 77' lang='lat' dir='ltr'>fragrans</span> <span class='ocrx_word' id='word_1_323' title='bbox 2706 3987 2796 4042; x_wconf 83' lang='lat' dir='ltr'>alii</span> 
     </span>
     <span class='ocr_line' id='line_1_66' title="bbox 1740 4061 2794 4132; baseline 0.002 -20"><span class='ocrx_word' id='word_1_324' title='bbox 1740 4065 1987 4132; x_wconf 77' lang='lat' dir='ltr'>flagrans,</span> <span class='ocrx_word' id='word_1_325' title='bbox 2018 4061 2183 4124; x_wconf 75' lang='lat' dir='ltr'>male3</span> <span class='ocrx_word' id='word_1_326' title='bbox 2209 4061 2313 4113; x_wconf 81' lang='lat' dir='ltr'>vid.</span> <span class='ocrx_word' id='word_1_327' title='bbox 2347 4063 2794 4117; x_wconf 81' lang='lat' dir='ltr'>Drackenborch.</span> 
     </span>
    </p>
   </div>
  </div>
 </body>
</html>
