2986 4935
662 401 798 482 142

1182 400 1259 466 c.
1296 398 1731 467 vALERu
1792 371 2258 469 CATULLI

968 534 1052 598 At
1102 534 1306 599 Acme
1354 530 1584 600 leviter
1629 547 1828 627 caput
1877 525 2257 613 reflectens,

970 639 1058 705 Et
1093 636 1304 705 dulcis
1342 640 1530 731 pueri
1565 638 1782 708 ebrios
1813 638 2059 708 ocellos

969 742 1096 812 Illo
1141 768 1480 838 purpureo
1523 771 1639 814 ore
1677 748 2004 830 suaviata,

969 852 1113 934 Sic,
1159 852 1403 944 inquit,
1441 876 1588 919 mea
1624 854 1793 938 vita,
1834 850 2231 947 septimine,

970 958 1144 1024 Huic
1180 982 1315 1025 uno
1346 957 1619 1025 domino
1658 984 1865 1053 usque
1909 961 2307 1043 serviamus»,

651 1193 923 1247 Theocrit.
943 1190 1101 1264 Idyll.
1131 1192 1353 1256 XVIII,
1386 1197 1473 1246 16.
1505 1183 1680 1247 ,ὀλῧιι

650 1271 859 1345 γάμῧρ’,
881 1273 1059 1343 ἀγαθός
1100 1292 1174 1332 τις
1223 1273 1500 1344 dirim-aput
1546 1276 1683 1344 ίρχο-

654 1357 785 1424 μένῳ
829 1372 904 1405 τῦι
939 1342 1002 1413 Ἐς
1048 1351 1304 1418 Σπάρταν.
1338 1385 1352 1398 ·
1378 1388 1391 1400 ·
1420 1387 1432 1400 ·
1473 1381 1493 1399 ι·
1544 1353 1685 1405 Hinc

660 1432 890 1503 vulgaris
915 1433 1032 1495 illa,
1056 1450 1158 1501 qua
1187 1445 1514 1485 sternuentes
1542 1432 1687 1503 apud

660 1514 879 1565 Veteres
931 1512 1334 1582 excipiebantur
1356 1550 1372 1577 ,
1426 1513 1688 1566 cantilena

661 1593 754 1645 Ζεῦ
800 1599 975 1644 σῶσον.
1024 1592 1358 1643 Translatum
1408 1591 1569 1662 igitur
1615 1606 1689 1643 est

661 1685 900 1724 sternuere
927 1669 1052 1723 inde
1078 1673 1144 1722 ab
1170 1671 1480 1723 hominibus
1512 1673 1591 1724 vel
1620 1670 1687 1724 ad

663 1754 825 1813 Deos,
853 1752 946 1821 qui
968 1752 1154 1821 coeptis
1178 1751 1398 1822 propitii
1421 1749 1691 1815 adessent,

665 1832 934 1903 praecipue
964 1830 1030 1883 ad
1071 1832 1321 1882 Amorem
1341 1869 1355 1893 ,
1400 1832 1690 1883 amantium

665 1911 799 1964 votis
816 1910 1511 1972 obsecundantem3'l'heocr.
1532 1909 1688 1981 Idyll.

665 1992 805 2054 VII,
835 1995 907 2060 96
932 2008 945 2043 t
979 1986 1219 2061 Σιμιχίὸᾳ
1246 1992 1331 2059 μὶν
1357 1980 1545 2060 ἔρωτες
1577 1993 1691 2043 ἐπέ-

667 2090 871 2139 πταρον.
899 2071 1137 2140 Propert.
1165 2072 1246 2132 II,
1281 2070 1342 2134 3,
1381 2077 1484 2133 24:
1515 2071 1694 2123 «Num

669 2151 766 2203 tibi
794 2150 1024 2202 nascenti
1050 2150 1398 2221 primis,mea
1421 2151 1528 2202 vita
1546 2189 1562 2214 ,
1580 2149 1692 2202 die·

667 2231 767 2283 bus
788 2233 992 2282 Aureus
1019 2242 1264 2301 argutum
1294 2232 1512 2282 sternuit
1537 2249 1692 2280 omen

669 2310 875 2362 Amor?
906 2336 926 2355 ι
965 2311 1047 2361 vel
1081 2308 1149 2361 acl
1178 2309 1305 2361 alias
1343 2310 1467 2360 boni
1504 2310 1697 2360 ominis

671 2408 782 2453 reS,
809 2389 955 2441 verbi
981 2409 1133 2442 causa
1158 2387 1223 2439 ad
1250 2390 1592 2459 crepitantem
1615 2389 1695 2440 lu·

668 2489 838 2522 cernat
882 2470 1165 2522 stridorem
1204 2467 1347 2539 apud
1395 2467 1555 2520 Ovid.
1590 2469 1696 2520 He-

671 2548 809 2603 roid.
837 2551 997 2613 XIX,
1029 2551 1088 2600 15
1106 2567 1125 2599 1
1142 2588 1152 2598 .
1173 2547 1314 2600 Vide
1339 2548 1393 2598 in
1416 2549 1553 2599 hanc
1584 2567 1695 2600 rem

676 2632 993 2700 Interpretes
1020 2626 1086 2680 ad
1116 2629 1259 2679 locos
1292 2627 1699 2698 laudatos,prae·

673 2711 831 2780 cipue
847 2711 1135 2761 Burmann.
1156 2707 1269 2759 Sec.
1284 2706 1351 2760 ad
1376 2708 1551 2758 locum
1569 2709 1697 2759 Pro-

675 2802 809 2862 pert.
835 2802 887 2841 et
913 2807 1045 2859 quos
1071 2785 1248 2839 laudat
1273 2788 1382 2839 Pet.
1407 2788 1697 2839 Burmann.

675 2870 743 2924 ad
790 2867 950 2921 Ovid.
986 2870 1020 2920 l.
1058 2887 1103 2919 c.
1137 2867 1487 2919 Memorabile
1525 2880 1698 2918 autem

676 2964 752 3003 est
778 2949 832 3001 in
862 2961 1041 3000 nostro
1078 2948 1228 3010 loco,
1256 2947 1401 3018 quod
1435 2948 1601 2998 Amor
1632 2950 1699 2996 si-

678 3035 875 3082 nistram
903 3047 1115 3098 quoque
1152 3028 1537 3098 approbationem
1580 3039 1703 3078 ster-

678 3111 849 3163 nuisse
882 3107 1107 3169 dicitur-3
1147 3106 1289 3159 unde
1321 3127 1429 3158 non
1462 3103 1531 3157 ad
1561 3107 1704 3158 bona

678 3189 883 3252 solum,
914 3186 1004 3239 sed
1037 3187 1194 3239 etiam
1232 3186 1303 3239 ad
1347 3188 1482 3238 mala
1526 3185 1705 3237 omina

678 3269 842 3322 relata
856 3268 1011 3320 fuisse
1025 3278 1430 3318 sternutamenta
1444 3280 1586 3317 recte
1605 3265 1706 3317 col-

678 3349 774 3419 ligi
802 3360 998 3417 potest,
1025 3345 1172 3415 quod
1195 3345 1399 3416 egregie
1430 3346 1708 3398 confirmat

678 3429 826 3481 locus
868 3426 1108 3477 Frontin.
1154 3426 1378 3497 Stratag.
1421 3427 1476 3489 1,
1513 3444 1557 3477 c.
1609 3444 1709 3483 ω,

678 3504 734 3571 S.
773 3526 795 3560 1
814 3526 862 3560 1.

771 3605 860 3638 10.
894 3586 1049 3637 Levit.
1082 3604 1190 3655 cap.
1222 3587 1325 3656 refl.
1372 3597 1496 3635 nota
1530 3597 1605 3635 est
1641 3583 1708 3634 si·

682 3667 903 3721 millima
936 3665 1022 3716 illa
1053 3665 1343 3733 Licymniae
1376 3663 1711 3717 osculationis

684 3745 969 3814 descriptio
991 3743 1135 3815 apud
1156 3745 1340 3796 Horat.
1366 3742 1472 3797 Od.
1500 3744 1554 3794 11
1571 3782 1587 3807 ,
1617 3762 1639 3794 1
1656 3762 1707 3806 2,

688 3828 754 3880 25
780 3845 792 3879 :
832 3826 1008 3878 «Dum
1039 3824 1310 3895 flagrantia
1335 3823 1615 3893 detorquet
1638 3821 1706 3876 ad

685 3907 860 3959 oscula
891 3904 1172 3957 cervicem.
1197 3929 1219 3949 ι

773 4005 860 4039 11.
912 3984 1094 4037 Ebrios
1144 3984 1354 4045 ocellos,
1392 3983 1528 4034 ebrii
1570 3983 1711 4034 oculi

687 4079 835 4127 sunt,
863 4083 996 4135 quos
1035 4077 1188 4116 vocat
1221 4061 1579 4128 Quintilianus
1621 4064 1711 4115 lib.

1775 1195 1882 1258 XI,
1902 1213 1951 1247 c.
1982 1194 2012 1246 3
2031 1233 2046 1258 ,
2079 1194 2345 1248 «lascivos
2368 1206 2421 1247 et
2451 1194 2680 1247 mobiles
2711 1210 2800 1249 aut

1770 1287 2006 1327 natantes
2027 1287 2077 1326 et
2096 1272 2327 1345 quadam
2350 1274 2623 1344 voluptate
2640 1276 2800 1328 suffu-

1771 1372 1883 1418 εοε,
1913 1368 2009 1406 etc.
2035 1380 2056 1400 ι
2074 1353 2275 1405 Eodem
2303 1355 2459 1425 plane
2481 1372 2636 1406 sensu
2660 1356 2798 1409 oculi

1772 1447 2034 1485 vocantur
2063 1432 2208 1504 apud
2242 1432 2457 1486 Graecos
2495 1433 2663 1503 ὑγροὶ,
2688 1434 2796 1488 vid.

1774 1512 2008 1565 Fischer.
2029 1512 2098 1565 ad
2115 1514 2305 1567 Anacr.
2327 1512 2432 1566 Od.
2450 1513 2694 1579 XXVII,
2709 1536 2735 1567 2
2750 1534 2773 1567 ι
2787 1553 2801 1572 .

1777 1592 2043 1663 imprimis
2092 1594 2321 1663 Bcrgler.
2360 1592 2427 1646 ad
2463 1592 2701 1664 Alciphr.
2743 1614 2797 1665 p.

1786 1691 1806 1724 1
1827 1691 1845 1724 1
1860 1691 1917 1741 7,
1948 1685 1999 1722 et
2021 1692 2139 1743 quae
2163 1671 2231 1725 de
2264 1674 2546 1726 oculorum
2567 1675 2800 1743 petulan-

1781 1752 1847 1803 tia
1885 1752 2099 1821 copiose
2139 1766 2391 1805 notarunt
2420 1753 2701 1823 Interpret.
2733 1753 2803 1806 ad

1779 1830 1991 1884 Petron.
2018 1851 2132 1902 cap.
2162 1831 2416 1884 CXXVI.

1868 1931 1955 1963 12.
1994 1912 2086 1962 Illo
2106 1932 2348 1982 purpureo
2375 1933 2457 1964 ore
2480 1951 2493 1973 ,
2524 1910 2580 1963 h.
2601 1931 2658 1977 Ae.
2689 1914 2805 1983 pul-

1779 1992 1927 2043 chro.
1955 1992 2102 2043 Nihil
2117 1992 2375 2061 amplius,
2398 2005 2456 2044 ut
2477 2003 2619 2043 recte
2634 1993 2804 2045 Bentl.

1779 2069 1846 2122 ad
1880 2071 2010 2123 Hor.
2053 2070 2158 2124 Od.
2188 2072 2298 2130 ΙΙΙ,
2336 2071 2403 2135 3,
2441 2088 2545 2135 1²3
2584 2070 2676 2123 sed
2711 2074 2803 2124 ob-

1781 2169 1928 2202 serva
1958 2151 2067 2202 vim
2092 2152 2144 2202 in
2174 2151 2494 2221 pronomine
2521 2152 2610 2202 illo
2630 2192 2646 2214 ,
2675 2151 2729 2203 h.
2758 2171 2803 2203 e.

1782 2250 1902 2282 cum
1951 2231 2097 2283 nullo
2149 2231 2254 2282 alio
2302 2229 2684 2301 comparando.
2727 2263 2808 2274 —

1783 2310 1986 2362 Savium
2013 2312 2292 2380 Meleager.

1871 2390 1961 2442 13.
2006 2392 2088 2442 Sic
2104 2430 2119 2452 ,
2164 2394 2347 2462 inquit,
2396 2410 2499 2441 mea
2544 2394 2677 2453 vita,
2710 2404 2809 2442 etc.

1790 2471 2050 2523 Particula
2072 2475 2140 2521 sic
2165 2467 2449 2542 respondet
2468 2479 2539 2539 τῷ
2561 2484 2616 2522 ut
2640 2490 2691 2524 v.
2720 2494 2740 2523 ι
2755 2475 2808 2524 5.

1785 2550 1975 2602 Sensus
1995 2564 2068 2603 est
2086 2568 2274 2619 :quam
2296 2564 2436 2603 certe
2457 2569 2555 2621 ego
2574 2564 2625 2603 te
2643 2551 2814 2603 multo

1784 2628 2054 2681 ardentius
2093 2648 2247 2692 am0,
2281 2643 2388 2681 tam
2427 2642 2570 2682 certe
2606 2648 2816 2701 semper

1787 2729 1882 2779 ego
1912 2728 2084 2761 meam
2111 2710 2205 2760 tibi
2234 2710 2327 2761 uni
2355 2710 2597 2779 probabo
2627 2707 2816 2763 fidem.

1787 2790 1876 2841 Est
1908 2789 2070 2858 igitur
2102 2787 2449 2858 jurisjurandi
2488 2808 2690 2859 genus3
2724 2809 2819 2842 ex·

1787 2868 1960 2938 pende
1990 2871 2273 2920 verborum
2304 2882 2570 2920 ornatum.

1877 2955 1958 3010 14.
2004 2949 2138 2999 Huic
2169 2953 2256 2998 um‘
2285 2966 2565 3018 perperam
2610 2949 2668 2999 in
2698 2950 2822 3019 qui-

1790 3027 2039 3090 busdam;
2079 3046 2203 3079 nam
2244 3040 2384 3079 amat
2421 3027 2664 3080 Catullus
2707 3029 2821 3081 for·

1789 3126 1932 3159 mam
1988 3107 2146 3177 hujus
2201 3107 2346 3160 vocis
2398 3108 2675 3177 antiquam
2693 3146 2710 3171 ,
2764 3123 2825 3161 ut

1790 3207 1934 3258 supr.
1982 3189 2160 3239 Carm.
2202 3186 2396 3251 XVII,
2441 3204 2529 3256 17.
2566 3217 2652 3230 ·—
2688 3188 2827 3241 Huic

1792 3287 1887 3318 uno
1920 3268 2111 3318 domino
2151 3261 2410 3326 δεικτικῶς
2448 3279 2500 3318 et
2554 3267 2829 3338 eleganter

1795 3366 1897 3418 pro
1921 3366 1933 3400 ε
1957 3347 2075 3398 tihi.
2106 3346 2406 3407 Serviamus,·
2427 3345 2697 3415 eleganter
2722 3348 2831 3401 hoc

1798 3429 2021 3478 verbum
2044 3425 2111 3478 ad
2135 3444 2374 3477 amorem
2396 3425 2718 3480 transfertur
2730 3428 2833 3481 Te·

1798 3520 1931 3559 rent.
1962 3507 2099 3558 Eun.
2128 3507 2198 3557 V.
2236 3507 2297 3565 8,
2334 3506 2364 3558 3
2384 3542 2401 3570 ‚
2435 3503 2601 3557 Ovid.
2636 3508 2830 3560 Amor.

1800 3587 1884 3649 11,
1925 3604 2014 3655 17,
2049 3604 2071 3638 1
2098 3626 2113 3650 ,
2142 3598 2199 3637 ut
2226 3580 2464 3637 δουλεύειν
2496 3584 2648 3655 apud
2679 3586 2835 3640 Grn-

1798 3684 1901 3718 ους.
1925 3664 2051 3717 Vid.
2086 3666 2309 3719 Dorvill.
2339 3663 2407 3717 ad
2431 3665 2719 3719 Chariton.
2748 3667 2833 3728 11,

1797 3763 1845 3797 c.
1876 3763 1965 3815 17,
1996 3766 2048 3816 p.
2082 3746 2225 3813 319,
2249 3743 2380 3798 edit.
2407 3745 2552 3816 Lips.
2582 3745 2836 3799 Suaviter

1796 3837 1971 3877 autem
2003 3839 2054 3879 et
2082 3826 2311 3878 molliter
2327 3827 2437 3896 jam
2464 3827 2632 3879 Acme
2661 3825 2837 3896 Septi·

1797 3905 1965 3957 mium
1994 3923 2147 3958 suum
2173 3907 2413 3957 dominum
2448 3919 2634 3970 vocat,
2660 3923 2833 3977 quum

1799 3986 1926 4036 alias
1968 3987 2090 4037 solae
2130 3986 2319 4057 puellm
2366 3983 2513 4055 apud
2550 3999 2741 4056 poetas
2778 3985 2831 4037 in

1802 4083 1983 4116 amore
2004 4063 2221 4118 audiant
2237 4065 2442 4117 domina·
2457 4105 2473 4127 ,
2494 4065 2695 4135 quibus
2710 4083 2837 4135 pro·
