<?xml version="1.0" encoding="UTF-8"?>
<!DOCTYPE html PUBLIC "-//W3C//DTD XHTML 1.0 Transitional//EN"
    "http://www.w3.org/TR/xhtml1/DTD/xhtml1-transitional.dtd">
<html xmlns="http://www.w3.org/1999/xhtml" xml:lang="en" lang="en">
 <head>
  <title>
</title>
<meta http-equiv="Content-Type" content="text/html;charset=utf-8" />
  <meta name='ocr-system' content='tesseract 3.04.00' />
  <meta name='ocr-capabilities' content='ocr_page ocr_carea ocr_par ocr_line ocrx_word'/>
</head>
<body>
  <div class='ocr_page' id='page_1' title='image "./cvaleriuscatull00naudgoog_0244.png"; bbox 0 0 2986 4935; ppageno 0'>
   <div class='ocr_carea' id='block_1_1' title="bbox 732 474 2312 550">
    <p class='ocr_par' dir='ltr' id='par_1_1' title="bbox 732 474 2312 550">
     <span class='ocr_line' id='line_1_1' title="bbox 732 474 2312 550; baseline -0.008 1"><span class='ocrx_word' id='word_1_1' title='bbox 732 483 878 550; x_wconf 76' lang='lat'><strong>228</strong></span> <span class='ocrx_word' id='word_1_2' title='bbox 1256 478 1795 545; x_wconf 75' lang='lat' dir='ltr'><strong>t:.VALER11</strong></span> <span class='ocrx_word' id='word_1_3' title='bbox 1854 474 2312 540; x_wconf 85' lang='lat' dir='ltr'><strong>CATULLI</strong></span> 
     </span>
    </p>
   </div>
   <div class='ocr_carea' id='block_1_2' title="bbox 724 600 2887 4190">
    <p class='ocr_par' dir='ltr' id='par_1_2' title="bbox 724 600 2850 1883">
     <span class='ocr_line' id='line_1_2' title="bbox 725 600 2829 685; baseline -0.006 -12"><span class='ocrx_word' id='word_1_4' title='bbox 725 622 894 676; x_wconf 86' lang='lat' dir='ltr'><strong>lodor.</strong></span> <span class='ocrx_word' id='word_1_5' title='bbox 924 621 1035 680; x_wconf 89' lang='lat'><strong>111,</strong></span> <span class='ocrx_word' id='word_1_6' title='bbox 1064 638 1106 669; x_wconf 90' lang='lat' dir='ltr'><strong>c.</strong></span> <span class='ocrx_word' id='word_1_7' title='bbox 1153 636 1170 667; x_wconf 88' lang='lat'>1</span> <span class='ocrx_word' id='word_1_8' title='bbox 1187 616 1215 665; x_wconf 85' lang='lat'>3</span> <span class='ocrx_word' id='word_1_9' title='bbox 1235 655 1247 676; x_wconf 85' lang='lat'><strong>,</strong></span> <span class='ocrx_word' id='word_1_10' title='bbox 1285 635 1337 685; x_wconf 83' lang='lat' dir='ltr'><strong>p.</strong></span> <span class='ocrx_word' id='word_1_11' title='bbox 1377 616 1482 681; x_wconf 81' lang='lat'><strong>259</strong></span> <span class='ocrx_word' id='word_1_12' title='bbox 1505 652 1520 676; x_wconf 91' lang='lat'>‚</span> <span class='ocrx_word' id='word_1_13' title='bbox 1543 608 1701 673; x_wconf 88' lang='lat' dir='ltr'><strong>(edit.</strong></span> <span class='ocrx_word' id='word_1_14' title='bbox 1732 600 1928 681; x_wconf 67' lang='lat' dir='ltr'><strong>Hej&#39;ss·)</strong></span> <span class='ocrx_word' id='word_1_15' title='bbox 1959 610 2053 662; x_wconf 80' lang='grc' dir='ltr'><strong>6ιοί</strong></span> <span class='ocrx_word' id='word_1_16' title='bbox 2078 614 2158 661; x_wconf 81' lang='grc' dir='ltr'><strong>τὸν</strong></span> <span class='ocrx_word' id='word_1_17' title='bbox 2178 611 2337 679; x_wconf 77' lang='grc' dir='ltr'>γάμον</span> <span class='ocrx_word' id='word_1_18' title='bbox 2360 610 2681 678; x_wconf 73' lang='grc' dir='ltr'><strong>εὐωχούμενοι</strong></span> <span class='ocrx_word' id='word_1_19' title='bbox 2698 611 2829 660; x_wconf 65' lang='grc' dir='ltr'><strong>καθύ-</strong></span> 
     </span>
     <span class='ocr_line' id='line_1_3' title="bbox 728 686 2833 773; baseline -0.006 -20"><span class='ocrx_word' id='word_1_20' title='bbox 728 722 947 773; x_wconf 77' lang='grc' dir='ltr'><strong>μνησαν,</strong></span> <span class='ocrx_word' id='word_1_21' title='bbox 980 697 1189 767; x_wconf 84' lang='lat' dir='ltr'><strong>egregio</strong></span> <span class='ocrx_word' id='word_1_22' title='bbox 1220 696 1434 746; x_wconf 81' lang='lat' dir='ltr'><strong>invento</strong></span> <span class='ocrx_word' id='word_1_23' title='bbox 1462 691 1531 743; x_wconf 86' lang='lat' dir='ltr'><strong>ad</strong></span> <span class='ocrx_word' id='word_1_24' title='bbox 1563 694 1746 743; x_wconf 85' lang='lat' dir='ltr'><strong>Parcas</strong></span> <span class='ocrx_word' id='word_1_25' title='bbox 1776 690 2033 741; x_wconf 76' lang='lat' dir='ltr'><strong>transtulit</strong></span> <span class='ocrx_word' id='word_1_26' title='bbox 2063 689 2313 741; x_wconf 79' lang='lat' dir='ltr'><strong>Catullus,</strong></span> <span class='ocrx_word' id='word_1_27' title='bbox 2346 686 2553 740; x_wconf 79' lang='lat' dir='ltr'><strong>Adsunt</strong></span> <span class='ocrx_word' id='word_1_28' title='bbox 2578 689 2733 758; x_wconf 79' lang='lat' dir='ltr'><strong>igitur</strong></span> <span class='ocrx_word' id='word_1_29' title='bbox 2752 707 2833 757; x_wconf 80' lang='lat' dir='ltr'><strong>ge·</strong></span> 
     </span>
     <span class='ocr_line' id='line_1_4' title="bbox 724 766 2831 844; baseline -0.009 -9"><span class='ocrx_word' id='word_1_30' title='bbox 724 783 909 836; x_wconf 85' lang='lat' dir='ltr'><strong>nitales</strong></span> <span class='ocrx_word' id='word_1_31' title='bbox 934 778 1043 829; x_wconf 83' lang='lat' dir='ltr'><strong>deae</strong></span> <span class='ocrx_word' id='word_1_32' title='bbox 1070 769 1172 842; x_wconf 83' lang='lat' dir='ltr'><strong>(cf.</strong></span> <span class='ocrx_word' id='word_1_33' title='bbox 1203 774 1486 844; x_wconf 85' lang='lat' dir='ltr'><strong>Spanhem.</strong></span> <span class='ocrx_word' id='word_1_34' title='bbox 1511 771 1579 823; x_wconf 90' lang='lat' dir='ltr'><strong>ad</strong></span> <span class='ocrx_word' id='word_1_35' title='bbox 1607 769 1910 824; x_wconf 88' lang='lat' dir='ltr'><strong>Callimach.</strong></span> <span class='ocrx_word' id='word_1_36' title='bbox 1946 769 2013 820; x_wconf 89' lang='lat' dir='ltr'><strong>H.</strong></span> <span class='ocrx_word' id='word_1_37' title='bbox 2046 768 2098 820; x_wconf 89' lang='lat' dir='ltr'><strong>in</strong></span> <span class='ocrx_word' id='word_1_38' title='bbox 2131 769 2283 819; x_wconf 84' lang='lat' dir='ltr'><strong>Dian.</strong></span> <span class='ocrx_word' id='word_1_39' title='bbox 2319 787 2386 820; x_wconf 63' lang='grc' dir='ltr'><strong>αα</strong></span> <span class='ocrx_word' id='word_1_40' title='bbox 2405 806 2419 828; x_wconf 89' lang='grc'><em>,</em></span> <span class='ocrx_word' id='word_1_41' title='bbox 2450 787 2505 838; x_wconf 87' lang='lat' dir='ltr'><strong>p.</strong></span> <span class='ocrx_word' id='word_1_42' title='bbox 2548 771 2656 822; x_wconf 83' lang='lat'><strong>185</strong></span> <span class='ocrx_word' id='word_1_43' title='bbox 2677 807 2692 832; x_wconf 94' lang='lat'><strong>,</strong></span> <span class='ocrx_word' id='word_1_44' title='bbox 2714 766 2831 819; x_wconf 87' lang='lat' dir='ltr'><strong>edit.</strong></span> 
     </span>
     <span class='ocr_line' id='line_1_5' title="bbox 729 846 2833 925; baseline -0.007 -12"><span class='ocrx_word' id='word_1_45' title='bbox 729 851 954 924; x_wconf 76' lang='lat' dir='ltr'><strong>Ernesti)</strong></span> <span class='ocrx_word' id='word_1_46' title='bbox 980 857 1060 908; x_wconf 77' lang='lat' dir='ltr'><strong>liis</strong></span> <span class='ocrx_word' id='word_1_47' title='bbox 1092 855 1286 925; x_wconf 85' lang='lat' dir='ltr'><strong>nuptiis</strong></span> <span class='ocrx_word' id='word_1_48' title='bbox 1306 894 1320 916; x_wconf 85' lang='lat'>‚</span> <span class='ocrx_word' id='word_1_49' title='bbox 1349 865 1397 904; x_wconf 88' lang='lat' dir='ltr'><strong>et</strong></span> <span class='ocrx_word' id='word_1_50' title='bbox 1424 870 1620 920; x_wconf 82' lang='lat' dir='ltr'><strong>magnae</strong></span> <span class='ocrx_word' id='word_1_51' title='bbox 1645 850 1812 900; x_wconf 88' lang='lat' dir='ltr'><strong>soboli</strong></span> <span class='ocrx_word' id='word_1_52' title='bbox 1838 847 1960 899; x_wconf 87' lang='lat' dir='ltr'><strong>inde</strong></span> <span class='ocrx_word' id='word_1_53' title='bbox 1992 849 2204 910; x_wconf 69' lang='lat' dir='ltr'><strong>oriturae</strong></span> <span class='ocrx_word' id='word_1_54' title='bbox 2234 846 2405 899; x_wconf 81' lang='lat' dir='ltr'><strong>fatalia</strong></span> <span class='ocrx_word' id='word_1_55' title='bbox 2435 848 2655 899; x_wconf 79' lang='lat' dir='ltr'><strong>stamina</strong></span> <span class='ocrx_word' id='word_1_56' title='bbox 2682 846 2833 899; x_wconf 85' lang='lat' dir='ltr'><strong>dedu·</strong></span> 
     </span>
     <span class='ocr_line' id='line_1_6' title="bbox 727 926 2837 1006; baseline -0.009 -11"><span class='ocrx_word' id='word_1_57' title='bbox 727 956 898 996; x_wconf 82' lang='lat' dir='ltr'><strong>centes</strong></span> <span class='ocrx_word' id='word_1_58' title='bbox 927 938 1264 1006; x_wconf 65' lang='lat' dir='ltr'><strong>hymenaeum</strong></span> <span class='ocrx_word' id='word_1_59' title='bbox 1298 945 1509 984; x_wconf 82' lang='lat' dir='ltr'><strong>canunt.</strong></span> <span class='ocrx_word' id='word_1_60' title='bbox 1534 964 1611 972; x_wconf 89' lang='grc'><strong>--</strong></span> <span class='ocrx_word' id='word_1_61' title='bbox 1633 930 1882 981; x_wconf 85' lang='lat' dir='ltr'><strong>Fecerant</strong></span> <span class='ocrx_word' id='word_1_62' title='bbox 1906 929 2007 979; x_wconf 88' lang='lat' dir='ltr'><strong>hoc</strong></span> <span class='ocrx_word' id='word_1_63' title='bbox 2036 927 2211 979; x_wconf 80' lang='lat' dir='ltr'><strong>Parcae</strong></span> <span class='ocrx_word' id='word_1_64' title='bbox 2236 928 2343 996; x_wconf 88' lang='lat' dir='ltr'><strong>jam</strong></span> <span class='ocrx_word' id='word_1_65' title='bbox 2370 928 2425 978; x_wconf 91' lang='lat' dir='ltr'><strong>in</strong></span> <span class='ocrx_word' id='word_1_66' title='bbox 2446 926 2599 978; x_wconf 73' lang='lat' dir='ltr'><strong>Iovis</strong></span> <span class='ocrx_word' id='word_1_67' title='bbox 2623 928 2837 998; x_wconf 86' lang='lat' dir='ltr'><strong>nuptiis,</strong></span> 
     </span>
     <span class='ocr_line' id='line_1_7' title="bbox 729 1005 2840 1092; baseline -0.009 -18"><span class='ocrx_word' id='word_1_68' title='bbox 729 1039 784 1075; x_wconf 89' lang='lat' dir='ltr'><strong>ut</strong></span> <span class='ocrx_word' id='word_1_69' title='bbox 817 1030 955 1092; x_wconf 88' lang='lat' dir='ltr'><strong>patet</strong></span> <span class='ocrx_word' id='word_1_70' title='bbox 984 1036 1044 1068; x_wconf 82' lang='lat' dir='ltr'><strong>ex</strong></span> <span class='ocrx_word' id='word_1_71' title='bbox 1073 1016 1191 1066; x_wconf 92' lang='lat' dir='ltr'><strong>loco</strong></span> <span class='ocrx_word' id='word_1_72' title='bbox 1221 1014 1338 1063; x_wconf 88' lang='lat' dir='ltr'><strong>satis</strong></span> <span class='ocrx_word' id='word_1_73' title='bbox 1362 1009 1555 1063; x_wconf 86' lang='lat' dir='ltr'><strong>diserto</strong></span> <span class='ocrx_word' id='word_1_74' title='bbox 1579 1008 1843 1076; x_wconf 87' lang='lat' dir='ltr'><strong>Aristoph.</strong></span> <span class='ocrx_word' id='word_1_75' title='bbox 1870 1011 1999 1058; x_wconf 83' lang='lat' dir='ltr'>Avv.</span> <span class='ocrx_word' id='word_1_76' title='bbox 2024 1026 2072 1058; x_wconf 83' lang='lat' dir='ltr'><strong>v.</strong></span> <span class='ocrx_word' id='word_1_77' title='bbox 2111 1007 2277 1076; x_wconf 73' lang='lat'>1734.</span> <span class='ocrx_word' id='word_1_78' title='bbox 2307 1006 2420 1057; x_wconf 88' lang='lat' dir='ltr'><strong>Nec</strong></span> <span class='ocrx_word' id='word_1_79' title='bbox 2448 1005 2585 1057; x_wconf 79' lang='lat' dir='ltr'><strong>vitio</strong></span> <span class='ocrx_word' id='word_1_80' title='bbox 2607 1007 2736 1058; x_wconf 74' lang='lat' dir='ltr'><strong>verti</strong></span> <span class='ocrx_word' id='word_1_81' title='bbox 2759 1006 2840 1057; x_wconf 84' lang='lat' dir='ltr'><strong>de·</strong></span> 
     </span>
     <span class='ocr_line' id='line_1_8' title="bbox 728 1086 2839 1170; baseline -0.007 -20"><span class='ocrx_word' id='word_1_82' title='bbox 728 1106 815 1154; x_wconf 84' lang='lat' dir='ltr'><strong>het</strong></span> <span class='ocrx_word' id='word_1_83' title='bbox 840 1112 1035 1170; x_wconf 69' lang='lat' dir='ltr'><strong>poetae,</strong></span> <span class='ocrx_word' id='word_1_84' title='bbox 1059 1091 1200 1164; x_wconf 88' lang='lat' dir='ltr'><strong>quod</strong></span> <span class='ocrx_word' id='word_1_85' title='bbox 1218 1132 1231 1154; x_wconf 94' lang='lat'><strong>,</strong></span> <span class='ocrx_word' id='word_1_86' title='bbox 1256 1110 1369 1160; x_wconf 83' lang='lat' dir='ltr'><strong>quae</strong></span> <span class='ocrx_word' id='word_1_87' title='bbox 1393 1089 1458 1141; x_wconf 87' lang='lat' dir='ltr'><strong>de</strong></span> <span class='ocrx_word' id='word_1_88' title='bbox 1482 1089 1682 1141; x_wconf 78' lang='lat' dir='ltr'><strong>Achille</strong></span> <span class='ocrx_word' id='word_1_89' title='bbox 1704 1087 2053 1138; x_wconf 59' lang='lat' dir='ltr'><strong>&gt;vaticinantur</strong></span> <span class='ocrx_word' id='word_1_90' title='bbox 2074 1124 2088 1148; x_wconf 91' lang='lat'><strong>,</strong></span> <span class='ocrx_word' id='word_1_91' title='bbox 2110 1086 2269 1136; x_wconf 87' lang='lat' dir='ltr'><strong>nimis</strong></span> <span class='ocrx_word' id='word_1_92' title='bbox 2289 1099 2468 1154; x_wconf 83' lang='lat' dir='ltr'><strong>aperta</strong></span> <span class='ocrx_word' id='word_1_93' title='bbox 2495 1087 2603 1137; x_wconf 86' lang='lat' dir='ltr'><strong>sint</strong></span> <span class='ocrx_word' id='word_1_94' title='bbox 2626 1105 2722 1137; x_wconf 89' lang='lat' dir='ltr'><strong>nec</strong></span> <span class='ocrx_word' id='word_1_95' title='bbox 2746 1099 2839 1137; x_wconf 89' lang='lat' dir='ltr'><strong>tor·</strong></span> 
     </span>
     <span class='ocr_line' id='line_1_9' title="bbox 727 1165 2843 1247; baseline -0.009 -14"><span class='ocrx_word' id='word_1_96' title='bbox 727 1181 905 1240; x_wconf 78' lang='lat' dir='ltr'><strong>tunsis,</strong></span> <span class='ocrx_word' id='word_1_97' title='bbox 931 1194 1028 1247; x_wconf 87' lang='lat' dir='ltr'><strong>pro</strong></span> <span class='ocrx_word' id='word_1_98' title='bbox 1055 1192 1200 1225; x_wconf 86' lang='lat' dir='ltr'><strong>more</strong></span> <span class='ocrx_word' id='word_1_99' title='bbox 1224 1171 1609 1232; x_wconf 80' lang='lat' dir='ltr'><strong>vaticiniorum,</strong></span> <span class='ocrx_word' id='word_1_100' title='bbox 1629 1167 1945 1218; x_wconf 82' lang='lat' dir='ltr'><strong>anfractibus</strong></span> <span class='ocrx_word' id='word_1_101' title='bbox 1967 1165 2236 1235; x_wconf 82' lang='lat' dir='ltr'><strong>implicita,</strong></span> <span class='ocrx_word' id='word_1_102' title='bbox 2256 1165 2519 1235; x_wconf 80' lang='lat' dir='ltr'><strong>praecipue</strong></span> <span class='ocrx_word' id='word_1_103' title='bbox 2537 1183 2706 1235; x_wconf 87' lang='lat' dir='ltr'><strong>quum</strong></span> <span class='ocrx_word' id='word_1_104' title='bbox 2727 1166 2843 1236; x_wconf 76' lang='lat' dir='ltr'><strong>ipsis</strong></span> 
     </span>
     <span class='ocr_line' id='line_1_10' title="bbox 730 1245 2845 1321; baseline -0.008 -9"><span class='ocrx_word' id='word_1_105' title='bbox 730 1262 859 1321; x_wconf 88' lang='lat' dir='ltr'><strong>diis,</strong></span> <span class='ocrx_word' id='word_1_106' title='bbox 890 1259 1182 1307; x_wconf 84' lang='lat' dir='ltr'><strong>futurarum</strong></span> <span class='ocrx_word' id='word_1_107' title='bbox 1216 1268 1390 1301; x_wconf 90' lang='lat' dir='ltr'><strong>rerum</strong></span> <span class='ocrx_word' id='word_1_108' title='bbox 1424 1249 1620 1317; x_wconf 87' lang='lat' dir='ltr'><strong>optime</strong></span> <span class='ocrx_word' id='word_1_109' title='bbox 1653 1246 1854 1316; x_wconf 86' lang='lat' dir='ltr'><strong>gnaris,</strong></span> <span class='ocrx_word' id='word_1_110' title='bbox 1882 1245 2218 1314; x_wconf 81' lang='lat' dir='ltr'><strong>praesentibus</strong></span> <span class='ocrx_word' id='word_1_111' title='bbox 2242 1245 2353 1296; x_wconf 74' lang='lat' dir='ltr'><strong>haec</strong></span> <span class='ocrx_word' id='word_1_112' title='bbox 2378 1255 2630 1295; x_wconf 84' lang='lat' dir='ltr'><strong>canerent</strong></span> <span class='ocrx_word' id='word_1_113' title='bbox 2651 1263 2845 1296; x_wconf 55' lang='lat' dir='ltr'><strong>sorores</strong></span> 
     </span>
     <span class='ocr_line' id='line_1_11' title="bbox 728 1321 2844 1398; baseline -0.009 -7"><span class='ocrx_word' id='word_1_114' title='bbox 728 1338 969 1392; x_wconf 79' lang='lat' dir='ltr'><strong>fatidicae.</strong></span> <span class='ocrx_word' id='word_1_115' title='bbox 994 1363 1072 1372; x_wconf 90' lang='lat'>—</span> <span class='ocrx_word' id='word_1_116' title='bbox 1096 1331 1270 1382; x_wconf 87' lang='lat' dir='ltr'><strong>Finito</strong></span> <span class='ocrx_word' id='word_1_117' title='bbox 1294 1331 1583 1398; x_wconf 69' lang='lat' dir='ltr'><strong>Hymenoeo</strong></span> <span class='ocrx_word' id='word_1_118' title='bbox 1611 1339 1660 1377; x_wconf 88' lang='lat' dir='ltr'><strong>et</strong></span> <span class='ocrx_word' id='word_1_119' title='bbox 1686 1344 1894 1376; x_wconf 83' lang='lat' dir='ltr'><strong>carmen</strong></span> <span class='ocrx_word' id='word_1_120' title='bbox 1917 1324 2071 1380; x_wconf 82' lang='lat' dir='ltr'><strong>finire</strong></span> <span class='ocrx_word' id='word_1_121' title='bbox 2096 1335 2299 1393; x_wconf 87' lang='lat' dir='ltr'><strong>poterat</strong></span> <span class='ocrx_word' id='word_1_122' title='bbox 2318 1335 2469 1393; x_wconf 84' lang='lat' dir='ltr'><strong>poeta</strong></span> <span class='ocrx_word' id='word_1_123' title='bbox 2488 1361 2504 1385; x_wconf 88' lang='lat'><strong>,</strong></span> <span class='ocrx_word' id='word_1_124' title='bbox 2529 1321 2623 1374; x_wconf 85' lang='lat' dir='ltr'><strong>sed</strong></span> <span class='ocrx_word' id='word_1_125' title='bbox 2649 1324 2844 1394; x_wconf 77' lang='lat' dir='ltr'><strong>egregie</strong></span> 
     </span>
     <span class='ocr_line' id='line_1_12' title="bbox 730 1402 2845 1487; baseline -0.008 -17"><span class='ocrx_word' id='word_1_126' title='bbox 730 1419 796 1471; x_wconf 87' lang='lat' dir='ltr'><strong>ad</strong></span> <span class='ocrx_word' id='word_1_127' title='bbox 822 1413 1103 1487; x_wconf 84' lang='lat' dir='ltr'><strong>capiendos</strong></span> <span class='ocrx_word' id='word_1_128' title='bbox 1127 1412 1379 1462; x_wconf 76' lang='lat' dir='ltr'><strong>lectorum</strong></span> <span class='ocrx_word' id='word_1_129' title='bbox 1406 1407 1612 1458; x_wconf 80' lang='lat' dir='ltr'><strong>animos</strong></span> <span class='ocrx_word' id='word_1_130' title='bbox 1629 1444 1643 1468; x_wconf 91' lang='lat'><strong>,</strong></span> <span class='ocrx_word' id='word_1_131' title='bbox 1669 1404 2030 1455; x_wconf 87' lang='lat' dir='ltr'><strong>suavissimum</strong></span> <span class='ocrx_word' id='word_1_132' title='bbox 2061 1415 2179 1471; x_wconf 89' lang='lat' dir='ltr'><strong>post</strong></span> <span class='ocrx_word' id='word_1_133' title='bbox 2200 1415 2278 1454; x_wconf 88' lang='lat' dir='ltr'><strong>tot</strong></span> <span class='ocrx_word' id='word_1_134' title='bbox 2304 1402 2615 1471; x_wconf 74' lang='lat' dir='ltr'><strong>mythol-um</strong></span> <span class='ocrx_word' id='word_1_135' title='bbox 2642 1421 2845 1455; x_wconf 79' lang='lat' dir='ltr'><strong>enarra·</strong></span> 
     </span>
     <span class='ocr_line' id='line_1_13' title="bbox 732 1481 2849 1558; baseline -0.01 -8"><span class='ocrx_word' id='word_1_136' title='bbox 732 1501 925 1551; x_wconf 86' lang='lat' dir='ltr'><strong>tionem</strong></span> <span class='ocrx_word' id='word_1_137' title='bbox 949 1491 1144 1545; x_wconf 82' lang='lat' dir='ltr'><strong>addere</strong></span> <span class='ocrx_word' id='word_1_138' title='bbox 1177 1490 1249 1540; x_wconf 90' lang='lat' dir='ltr'><strong>illi</strong></span> <span class='ocrx_word' id='word_1_139' title='bbox 1278 1488 1470 1558; x_wconf 85' lang='lat' dir='ltr'><strong>placuit</strong></span> <span class='ocrx_word' id='word_1_140' title='bbox 1491 1486 1784 1555; x_wconf 80' lang='lat' dir='ltr'><strong>epilogum,</strong></span> <span class='ocrx_word' id='word_1_141' title='bbox 1807 1484 1861 1533; x_wconf 87' lang='lat' dir='ltr'><strong>in</strong></span> <span class='ocrx_word' id='word_1_142' title='bbox 1885 1502 1991 1552; x_wconf 90' lang='lat' dir='ltr'><strong>quo</strong></span> <span class='ocrx_word' id='word_1_143' title='bbox 2019 1481 2234 1552; x_wconf 87' lang='lat' dir='ltr'><strong>quidem</strong></span> <span class='ocrx_word' id='word_1_144' title='bbox 2261 1482 2301 1533; x_wconf 92' lang='lat' dir='ltr'><strong>si</strong></span> <span class='ocrx_word' id='word_1_145' title='bbox 2330 1482 2587 1550; x_wconf 79' lang='lat' dir='ltr'><strong>legimus,</strong></span> <span class='ocrx_word' id='word_1_146' title='bbox 2614 1482 2849 1553; x_wconf 81' lang='lat' dir='ltr'><strong>frequen·</strong></span> 
     </span>
     <span class='ocr_line' id='line_1_14' title="bbox 730 1561 2846 1636; baseline -0.008 -7"><span class='ocrx_word' id='word_1_147' title='bbox 730 1594 807 1631; x_wconf 91' lang='lat' dir='ltr'><strong>ter</strong></span> <span class='ocrx_word' id='word_1_148' title='bbox 837 1575 1008 1628; x_wconf 87' lang='lat' dir='ltr'><strong>adhuc</strong></span> <span class='ocrx_word' id='word_1_149' title='bbox 1035 1584 1159 1621; x_wconf 87' lang='lat' dir='ltr'><strong>tunc</strong></span> <span class='ocrx_word' id='word_1_150' title='bbox 1193 1567 1441 1636; x_wconf 84' lang='lat' dir='ltr'><strong>temporis</strong></span> <span class='ocrx_word' id='word_1_151' title='bbox 1471 1564 1597 1615; x_wconf 87' lang='lat' dir='ltr'><strong>deos</strong></span> <span class='ocrx_word' id='word_1_152' title='bbox 1627 1562 1918 1613; x_wconf 79' lang='lat' dir='ltr'><strong>interfuisse</strong></span> <span class='ocrx_word' id='word_1_153' title='bbox 1946 1561 2247 1612; x_wconf 88' lang='lat' dir='ltr'><strong>mortalium</strong></span> <span class='ocrx_word' id='word_1_154' title='bbox 2279 1562 2530 1621; x_wconf 81' lang='lat' dir='ltr'><strong>coetibus,</strong></span> <span class='ocrx_word' id='word_1_155' title='bbox 2566 1562 2846 1613; x_wconf 73' lang='lat' dir='ltr'><strong>sceleribus</strong></span> 
     </span>
     <span class='ocr_line' id='line_1_15' title="bbox 732 1640 2847 1711; baseline -0.007 -3"><span class='ocrx_word' id='word_1_156' title='bbox 732 1674 913 1709; x_wconf 84' lang='lat' dir='ltr'><strong>eorum</strong></span> <span class='ocrx_word' id='word_1_157' title='bbox 944 1649 1181 1704; x_wconf 88' lang='lat' dir='ltr'><strong>nondum</strong></span> <span class='ocrx_word' id='word_1_158' title='bbox 1214 1648 1279 1698; x_wconf 85' lang='lat' dir='ltr'><strong>ab</strong></span> <span class='ocrx_word' id='word_1_159' title='bbox 1302 1647 1365 1697; x_wconf 89' lang='lat' dir='ltr'><strong>iis</strong></span> <span class='ocrx_word' id='word_1_160' title='bbox 1386 1646 1655 1705; x_wconf 82' lang='lat' dir='ltr'><strong>alienatos,</strong></span> <span class='ocrx_word' id='word_1_161' title='bbox 1680 1641 1882 1693; x_wconf 81' lang='lat' dir='ltr'><strong>facilius</strong></span> <span class='ocrx_word' id='word_1_162' title='bbox 1908 1641 2128 1691; x_wconf 87' lang='lat' dir='ltr'><strong>omnino</strong></span> <span class='ocrx_word' id='word_1_163' title='bbox 2148 1680 2163 1705; x_wconf 88' lang='lat'>‚</span> <span class='ocrx_word' id='word_1_164' title='bbox 2186 1640 2295 1693; x_wconf 77' lang='lat' dir='ltr'><strong>haec</strong></span> <span class='ocrx_word' id='word_1_165' title='bbox 2318 1640 2493 1692; x_wconf 89' lang='lat' dir='ltr'><strong>omnia</strong></span> <span class='ocrx_word' id='word_1_166' title='bbox 2517 1643 2733 1693; x_wconf 78' lang='lat' dir='ltr'><strong>evenire</strong></span> <span class='ocrx_word' id='word_1_167' title='bbox 2758 1660 2847 1711; x_wconf 87' lang='lat' dir='ltr'><strong>po·</strong></span> 
     </span>
     <span class='ocr_line' id='line_1_16' title="bbox 734 1717 2850 1798; baseline -0.008 -10"><span class='ocrx_word' id='word_1_168' title='bbox 734 1738 887 1788; x_wconf 82' lang='lat' dir='ltr'><strong>tuisse</strong></span> <span class='ocrx_word' id='word_1_169' title='bbox 919 1728 1247 1798; x_wconf 84' lang='lat' dir='ltr'><strong>temporibus</strong></span> <span class='ocrx_word' id='word_1_170' title='bbox 1277 1725 1500 1776; x_wconf 81' lang='lat' dir='ltr'><strong>heroicis</strong></span> <span class='ocrx_word' id='word_1_171' title='bbox 1519 1764 1532 1785; x_wconf 91' lang='lat'><strong>,</strong></span> <span class='ocrx_word' id='word_1_172' title='bbox 1564 1722 1765 1772; x_wconf 86' lang='lat' dir='ltr'><strong>animus</strong></span> <span class='ocrx_word' id='word_1_173' title='bbox 1794 1733 1969 1772; x_wconf 85' lang='lat' dir='ltr'><strong>noster</strong></span> <span class='ocrx_word' id='word_1_174' title='bbox 1990 1717 2409 1789; x_wconf 78' lang='lat' dir='ltr'><strong>persuadebitur.</strong></span> <span class='ocrx_word' id='word_1_175' title='bbox 2438 1750 2518 1760; x_wconf 89' lang='lat'><strong>—-</strong></span> <span class='ocrx_word' id='word_1_176' title='bbox 2544 1721 2725 1790; x_wconf 80' lang='lat' dir='ltr'><strong>Atque</strong></span> <span class='ocrx_word' id='word_1_177' title='bbox 2746 1721 2850 1772; x_wconf 66' lang='lat' dir='ltr'><strong>hoc</strong></span> 
     </span>
     <span class='ocr_line' id='line_1_17' title="bbox 734 1802 1998 1883; baseline -0.015 -16"><span class='ocrx_word' id='word_1_178' title='bbox 734 1829 852 1867; x_wconf 79' lang='lat' dir='ltr'><strong>sunt</strong></span> <span class='ocrx_word' id='word_1_179' title='bbox 882 1830 997 1883; x_wconf 83' lang='lat' dir='ltr'><strong>quae</strong></span> <span class='ocrx_word' id='word_1_180' title='bbox 1028 1808 1095 1859; x_wconf 90' lang='lat' dir='ltr'><strong>de</strong></span> <span class='ocrx_word' id='word_1_181' title='bbox 1123 1817 1433 1876; x_wconf 88' lang='lat' dir='ltr'><strong>argumento</strong></span> <span class='ocrx_word' id='word_1_182' title='bbox 1460 1802 1669 1872; x_wconf 79' lang='lat' dir='ltr'><strong>praefari</strong></span> <span class='ocrx_word' id='word_1_183' title='bbox 1705 1802 1871 1852; x_wconf 80' lang='lat' dir='ltr'><strong>visum</strong></span> <span class='ocrx_word' id='word_1_184' title='bbox 1907 1810 1998 1849; x_wconf 83' lang='lat' dir='ltr'><strong>est.</strong></span> 
     </span>
    </p>

    <p class='ocr_par' dir='ltr' id='par_1_3' title="bbox 730 1876 2887 4190">
     <span class='ocr_line' id='line_1_18' title="bbox 815 1876 2852 1962; baseline -0.007 -18"><span class='ocrx_word' id='word_1_185' title='bbox 815 1894 1018 1962; x_wconf 81' lang='lat' dir='ltr'><strong>Duplex</strong></span> <span class='ocrx_word' id='word_1_186' title='bbox 1049 1890 1098 1938; x_wconf 88' lang='lat' dir='ltr'><strong>in</strong></span> <span class='ocrx_word' id='word_1_187' title='bbox 1127 1884 1511 1955; x_wconf 83' lang='lat' dir='ltr'><strong>antiquioribus</strong></span> <span class='ocrx_word' id='word_1_188' title='bbox 1536 1895 1584 1932; x_wconf 88' lang='lat' dir='ltr'><strong>et</strong></span> <span class='ocrx_word' id='word_1_189' title='bbox 1608 1879 1984 1932; x_wconf 85' lang='lat' dir='ltr'><strong>recentioribus</strong></span> <span class='ocrx_word' id='word_1_190' title='bbox 2005 1877 2152 1930; x_wconf 86' lang='lat' dir='ltr'><strong>editt.</strong></span> <span class='ocrx_word' id='word_1_191' title='bbox 2178 1878 2338 1948; x_wconf 87' lang='lat' dir='ltr'><strong>hujus</strong></span> <span class='ocrx_word' id='word_1_192' title='bbox 2361 1876 2610 1929; x_wconf 65' lang='lat' dir='ltr'><strong>mai-minis</strong></span> <span class='ocrx_word' id='word_1_193' title='bbox 2632 1878 2852 1931; x_wconf 81' lang='lat' dir='ltr'><strong>circum·</strong></span> 
     </span>
     <span class='ocr_line' id='line_1_19' title="bbox 734 1954 2853 2038; baseline -0.008 -12"><span class='ocrx_word' id='word_1_194' title='bbox 734 1978 900 2026; x_wconf 83' lang='lat' dir='ltr'><strong>fertur</strong></span> <span class='ocrx_word' id='word_1_195' title='bbox 926 1967 1219 2038; x_wconf 84' lang='lat' dir='ltr'><strong>inscriptio.</strong></span> <span class='ocrx_word' id='word_1_196' title='bbox 1250 1965 1400 2016; x_wconf 90' lang='lat' dir='ltr'><strong>Prior</strong></span> <span class='ocrx_word' id='word_1_197' title='bbox 1426 1975 1476 2013; x_wconf 89' lang='lat' dir='ltr'><strong>et</strong></span> <span class='ocrx_word' id='word_1_198' title='bbox 1502 1960 1773 2030; x_wconf 88' lang='lat' dir='ltr'><strong>antiquior</strong></span> <span class='ocrx_word' id='word_1_199' title='bbox 1802 1958 1887 2008; x_wconf 84' lang='lat' dir='ltr'><strong>illa</strong></span> <span class='ocrx_word' id='word_1_200' title='bbox 1912 1962 2247 2026; x_wconf 81' lang='lat' dir='ltr'><strong>Argonautica</strong></span> <span class='ocrx_word' id='word_1_201' title='bbox 2264 1997 2279 2020; x_wconf 89' lang='lat'><strong>,</strong></span> <span class='ocrx_word' id='word_1_202' title='bbox 2312 1954 2452 2008; x_wconf 87' lang='lat' dir='ltr'><strong>baud</strong></span> <span class='ocrx_word' id='word_1_203' title='bbox 2484 1954 2650 2009; x_wconf 80' lang='lat' dir='ltr'><strong>dubie</strong></span> <span class='ocrx_word' id='word_1_204' title='bbox 2673 1960 2747 2009; x_wconf 81' lang='lat' dir='ltr'><strong>ab</strong></span> <span class='ocrx_word' id='word_1_205' title='bbox 2770 1978 2853 2010; x_wconf 84' lang='lat' dir='ltr'><strong>ex·</strong></span> 
     </span>
     <span class='ocr_line' id='line_1_20' title="bbox 730 2037 2855 2107; baseline -0.008 -2"><span class='ocrx_word' id='word_1_206' title='bbox 730 2053 881 2105; x_wconf 80' lang='lat' dir='ltr'><strong>ordio</strong></span> <span class='ocrx_word' id='word_1_207' title='bbox 916 2047 1161 2101; x_wconf 86' lang='lat' dir='ltr'><strong>carminis</strong></span> <span class='ocrx_word' id='word_1_208' title='bbox 1204 2045 1401 2106; x_wconf 84' lang='lat' dir='ltr'><strong>efficta,</strong></span> <span class='ocrx_word' id='word_1_209' title='bbox 1440 2042 1508 2093; x_wconf 88' lang='lat' dir='ltr'><strong>ab</strong></span> <span class='ocrx_word' id='word_1_210' title='bbox 1558 2040 1799 2090; x_wconf 89' lang='lat' dir='ltr'><strong>universo</strong></span> <span class='ocrx_word' id='word_1_211' title='bbox 1830 2037 2075 2089; x_wconf 86' lang='lat' dir='ltr'><strong>carminis</strong></span> <span class='ocrx_word' id='word_1_212' title='bbox 2106 2048 2411 2107; x_wconf 83' lang='lat' dir='ltr'><strong>argumento</strong></span> <span class='ocrx_word' id='word_1_213' title='bbox 2442 2055 2603 2106; x_wconf 86' lang='lat' dir='ltr'><strong>quam</strong></span> <span class='ocrx_word' id='word_1_214' title='bbox 2631 2037 2855 2089; x_wconf 80' lang='lat' dir='ltr'><strong>maxime</strong></span> 
     </span>
     <span class='ocr_line' id='line_1_21' title="bbox 733 2114 2859 2196; baseline -0.01 -10"><span class='ocrx_word' id='word_1_215' title='bbox 733 2135 1015 2192; x_wconf 85' lang='lat' dir='ltr'><strong>abhorret,</strong></span> <span class='ocrx_word' id='word_1_216' title='bbox 1042 2140 1092 2178; x_wconf 87' lang='lat' dir='ltr'><strong>et</strong></span> <span class='ocrx_word' id='word_1_217' title='bbox 1117 2129 1234 2196; x_wconf 89' lang='lat' dir='ltr'><strong>jure</strong></span> <span class='ocrx_word' id='word_1_218' title='bbox 1253 2123 1547 2191; x_wconf 84' lang='lat' dir='ltr'><strong>meritoque</strong></span> <span class='ocrx_word' id='word_1_219' title='bbox 1566 2138 1597 2170; x_wconf 88' lang='lat' dir='ltr'><strong>a</strong></span> <span class='ocrx_word' id='word_1_220' title='bbox 1615 2118 1872 2190; x_wconf 87' lang='lat' dir='ltr'><strong>plerisque</strong></span> <span class='ocrx_word' id='word_1_221' title='bbox 1897 2117 2003 2166; x_wconf 87' lang='lat' dir='ltr'><strong>fere</strong></span> <span class='ocrx_word' id='word_1_222' title='bbox 2018 2119 2124 2186; x_wconf 86' lang='lat' dir='ltr'><strong>jam</strong></span> <span class='ocrx_word' id='word_1_223' title='bbox 2149 2116 2242 2168; x_wconf 80' lang='lat' dir='ltr'><strong>diu</strong></span> <span class='ocrx_word' id='word_1_224' title='bbox 2262 2114 2536 2185; x_wconf 85' lang='lat' dir='ltr'><strong>repudiata</strong></span> <span class='ocrx_word' id='word_1_225' title='bbox 2557 2129 2652 2168; x_wconf 51' lang='lat' dir='ltr'><strong>est.</strong></span> <span class='ocrx_word' id='word_1_226' title='bbox 2672 2148 2758 2158; x_wconf 90' lang='lat'><strong>--</strong></span> <span class='ocrx_word' id='word_1_227' title='bbox 2777 2119 2859 2168; x_wconf 74' lang='lat' dir='ltr'><strong>At-</strong></span> 
     </span>
     <span class='ocr_line' id='line_1_22' title="bbox 737 2196 2854 2276; baseline -0.008 -12"><span class='ocrx_word' id='word_1_228' title='bbox 737 2229 844 2265; x_wconf 81' lang='lat' dir='ltr'><strong>tera</strong></span> <span class='ocrx_word' id='word_1_229' title='bbox 862 2250 873 2268; x_wconf 85' lang='lat'><strong>,</strong></span> <span class='ocrx_word' id='word_1_230' title='bbox 895 2224 947 2262; x_wconf 87' lang='lat' dir='ltr'><strong>et</strong></span> <span class='ocrx_word' id='word_1_231' title='bbox 965 2208 1123 2276; x_wconf 80' lang='lat' dir='ltr'><strong>vulgo</strong></span> <span class='ocrx_word' id='word_1_232' title='bbox 1145 2222 1286 2255; x_wconf 89' lang='lat' dir='ltr'><strong>nunc</strong></span> <span class='ocrx_word' id='word_1_233' title='bbox 1308 2203 1415 2254; x_wconf 86' lang='lat' dir='ltr'><strong>fere</strong></span> <span class='ocrx_word' id='word_1_234' title='bbox 1434 2212 1639 2270; x_wconf 85' lang='lat' dir='ltr'><strong>recepta</strong></span> <span class='ocrx_word' id='word_1_235' title='bbox 1658 2198 1814 2266; x_wconf 78' lang='lat' dir='ltr'><strong>hujus</strong></span> <span class='ocrx_word' id='word_1_236' title='bbox 1835 2196 2077 2247; x_wconf 85' lang='lat' dir='ltr'><strong>carminis</strong></span> <span class='ocrx_word' id='word_1_237' title='bbox 2095 2196 2365 2266; x_wconf 80' lang='lat' dir='ltr'><strong>inscriptio</strong></span> <span class='ocrx_word' id='word_1_238' title='bbox 2383 2207 2457 2246; x_wconf 86' lang='lat' dir='ltr'><strong>est</strong></span> <span class='ocrx_word' id='word_1_239' title='bbox 2474 2196 2854 2264; x_wconf 65' lang='lat' dir='ltr'><strong>Epithalamiu-</strong></span> 
     </span>
     <span class='ocr_line' id='line_1_23' title="bbox 743 2275 2856 2352; baseline -0.008 -8"><span class='ocrx_word' id='word_1_240' title='bbox 743 2294 875 2345; x_wconf 70' lang='lat' dir='ltr'><strong>Pelei</strong></span> <span class='ocrx_word' id='word_1_241' title='bbox 893 2303 938 2340; x_wconf 79' lang='lat' dir='ltr'><strong>et</strong></span> <span class='ocrx_word' id='word_1_242' title='bbox 967 2286 1190 2339; x_wconf 66' lang='lat' dir='ltr'><strong>Thetialos</strong></span> <span class='ocrx_word' id='word_1_243' title='bbox 1205 2305 1225 2345; x_wconf 87' lang='lat'><strong>‚-</strong></span> <span class='ocrx_word' id='word_1_244' title='bbox 1245 2301 1359 2352; x_wconf 74' lang='lat' dir='ltr'><strong>qum</strong></span> <span class='ocrx_word' id='word_1_245' title='bbox 1379 2294 1549 2332; x_wconf 85' lang='lat' dir='ltr'><strong>tamen</strong></span> <span class='ocrx_word' id='word_1_246' title='bbox 1576 2291 1626 2328; x_wconf 85' lang='lat' dir='ltr'><strong>et</strong></span> <span class='ocrx_word' id='word_1_247' title='bbox 1647 2278 1754 2346; x_wconf 84' lang='lat' dir='ltr'><strong>ipsa</strong></span> <span class='ocrx_word' id='word_1_248' title='bbox 1780 2276 1848 2326; x_wconf 82' lang='lat' dir='ltr'><strong>ab</strong></span> <span class='ocrx_word' id='word_1_249' title='bbox 1874 2276 1949 2334; x_wconf 73' lang='lat' dir='ltr'><strong>iis»,</strong></span> <span class='ocrx_word' id='word_1_250' title='bbox 1978 2275 2067 2345; x_wconf 91' lang='lat' dir='ltr'><strong>qui</strong></span> <span class='ocrx_word' id='word_1_251' title='bbox 2092 2287 2256 2326; x_wconf 87' lang='lat' dir='ltr'><strong>totum</strong></span> <span class='ocrx_word' id='word_1_252' title='bbox 2282 2276 2382 2326; x_wconf 87' lang='lat' dir='ltr'><strong>hoc</strong></span> <span class='ocrx_word' id='word_1_253' title='bbox 2404 2293 2617 2326; x_wconf 80' lang='lat' dir='ltr'><strong>carmen</strong></span> <span class='ocrx_word' id='word_1_254' title='bbox 2644 2275 2717 2328; x_wconf 86' lang='lat' dir='ltr'><strong>ad</strong></span> <span class='ocrx_word' id='word_1_255' title='bbox 2741 2296 2856 2327; x_wconf 83' lang='lat' dir='ltr'><strong>nor-</strong></span> 
     </span>
     <span class='ocr_line' id='line_1_24' title="bbox 744 2353 2856 2438; baseline -0.009 -14"><span class='ocrx_word' id='word_1_256' title='bbox 744 2391 879 2425; x_wconf 80' lang='lat' dir='ltr'><strong>mam</strong></span> <span class='ocrx_word' id='word_1_257' title='bbox 902 2364 1370 2438; x_wconf 77' lang='lat' dir='ltr'><strong>Epithalamioruni</strong></span> <span class='ocrx_word' id='word_1_258' title='bbox 1386 2398 1401 2422; x_wconf 92' lang='lat'>‚</span> <span class='ocrx_word' id='word_1_259' title='bbox 1420 2377 1536 2429; x_wconf 82' lang='lat' dir='ltr'><strong>quae</strong></span> <span class='ocrx_word' id='word_1_260' title='bbox 1558 2377 1617 2408; x_wconf 79' lang='lat' dir='ltr'><strong>ex</strong></span> <span class='ocrx_word' id='word_1_261' title='bbox 1643 2355 1951 2424; x_wconf 81' lang='lat' dir='ltr'><strong>antiquitate</strong></span> <span class='ocrx_word' id='word_1_262' title='bbox 1974 2353 2038 2407; x_wconf 84' lang='lat' dir='ltr'><strong>ad</strong></span> <span class='ocrx_word' id='word_1_263' title='bbox 2064 2373 2159 2407; x_wconf 87' lang='lat' dir='ltr'><strong>nos</strong></span> <span class='ocrx_word' id='word_1_264' title='bbox 2179 2355 2543 2423; x_wconf 81' lang='lat' dir='ltr'><strong>pervenerint,</strong></span> <span class='ocrx_word' id='word_1_265' title='bbox 2559 2355 2856 2426; x_wconf 79' lang='lat' dir='ltr'><strong>exigerent,</strong></span> 
     </span>
     <span class='ocr_line' id='line_1_25' title="bbox 746 2431 2855 2520; baseline -0.007 -18"><span class='ocrx_word' id='word_1_266' title='bbox 746 2453 933 2520; x_wconf 70' lang='lat' dir='ltr'><strong>saepius</strong></span> <span class='ocrx_word' id='word_1_267' title='bbox 960 2450 1064 2518; x_wconf 74' lang='lat' dir='ltr'><strong>jani</strong></span> <span class='ocrx_word' id='word_1_268' title='bbox 1099 2445 1394 2512; x_wconf 83' lang='lat' dir='ltr'><strong>impugnata</strong></span> <span class='ocrx_word' id='word_1_269' title='bbox 1427 2452 1475 2490; x_wconf 85' lang='lat' dir='ltr'><strong>et</strong></span> <span class='ocrx_word' id='word_1_270' title='bbox 1510 2438 1561 2488; x_wconf 89' lang='lat' dir='ltr'><strong>in</strong></span> <span class='ocrx_word' id='word_1_271' title='bbox 1597 2434 2025 2506; x_wconf 83' lang='lat' dir='ltr'><strong>disceptationem</strong></span> <span class='ocrx_word' id='word_1_272' title='bbox 2057 2448 2234 2486; x_wconf 81' lang='lat' dir='ltr'><strong>vocata</strong></span> <span class='ocrx_word' id='word_1_273' title='bbox 2263 2433 2381 2486; x_wconf 82' lang='lat' dir='ltr'><strong>fuit.</strong></span> <span class='ocrx_word' id='word_1_274' title='bbox 2418 2431 2524 2485; x_wconf 87' lang='lat' dir='ltr'><strong>Sed</strong></span> <span class='ocrx_word' id='word_1_275' title='bbox 2548 2432 2855 2507; x_wconf 79' lang='lat' dir='ltr'><strong>priusquam</strong></span> 
     </span>
     <span class='ocr_line' id='line_1_26' title="bbox 750 2514 2858 2596; baseline -0.009 -13"><span class='ocrx_word' id='word_1_276' title='bbox 750 2548 851 2582; x_wconf 81' lang='lat' dir='ltr'><strong>tam</strong></span> <span class='ocrx_word' id='word_1_277' title='bbox 887 2531 1048 2596; x_wconf 85' lang='lat' dir='ltr'><strong>ipsam</strong></span> <span class='ocrx_word' id='word_1_278' title='bbox 1089 2524 1245 2591; x_wconf 88' lang='lat' dir='ltr'><strong>hujus</strong></span> <span class='ocrx_word' id='word_1_279' title='bbox 1281 2518 1525 2570; x_wconf 81' lang='lat' dir='ltr'><strong>carminis</strong></span> <span class='ocrx_word' id='word_1_280' title='bbox 1555 2515 1951 2584; x_wconf 78' lang='lat' dir='ltr'><strong>inscriptionem</strong></span> <span class='ocrx_word' id='word_1_281' title='bbox 1990 2515 2144 2584; x_wconf 80' lang='lat' dir='ltr'><strong>plane</strong></span> <span class='ocrx_word' id='word_1_282' title='bbox 2175 2514 2469 2583; x_wconf 75' lang='lat' dir='ltr'><strong>rejicimus,</strong></span> <span class='ocrx_word' id='word_1_283' title='bbox 2509 2532 2675 2583; x_wconf 83' lang='lat' dir='ltr'><strong>quam</strong></span> <span class='ocrx_word' id='word_1_284' title='bbox 2705 2528 2858 2567; x_wconf 73' lang='lat' dir='ltr'><strong>totam</strong></span> 
     </span>
     <span class='ocr_line' id='line_1_27' title="bbox 751 2591 2859 2666; baseline -0.006 -8"><span class='ocrx_word' id='word_1_285' title='bbox 751 2608 998 2661; x_wconf 75' lang='lat' dir='ltr'><strong>carminis</strong></span> <span class='ocrx_word' id='word_1_286' title='bbox 1024 2600 1365 2654; x_wconf 84' lang='lat' dir='ltr'><strong>oeconomiam</strong></span> <span class='ocrx_word' id='word_1_287' title='bbox 1396 2597 1579 2649; x_wconf 86' lang='lat' dir='ltr'><strong>acriter</strong></span> <span class='ocrx_word' id='word_1_288' title='bbox 1607 2613 1725 2645; x_wconf 87' lang='lat' dir='ltr'><strong>cum</strong></span> <span class='ocrx_word' id='word_1_289' title='bbox 1758 2594 1870 2644; x_wconf 89' lang='lat' dir='ltr'><strong>aliis</strong></span> <span class='ocrx_word' id='word_1_290' title='bbox 1901 2592 2363 2663; x_wconf 84' lang='lat' dir='ltr'><strong>reprehendimus,</strong></span> <span class='ocrx_word' id='word_1_291' title='bbox 2390 2591 2459 2643; x_wconf 91' lang='lat' dir='ltr'><strong>de</strong></span> <span class='ocrx_word' id='word_1_292' title='bbox 2485 2591 2604 2663; x_wconf 87' lang='lat' dir='ltr'><strong>ipso</strong></span> <span class='ocrx_word' id='word_1_293' title='bbox 2623 2634 2640 2659; x_wconf 85' lang='lat'><strong>,</strong></span> <span class='ocrx_word' id='word_1_294' title='bbox 2669 2614 2779 2666; x_wconf 86' lang='lat' dir='ltr'><strong>quo</strong></span> <span class='ocrx_word' id='word_1_295' title='bbox 2804 2595 2859 2645; x_wconf 86' lang='lat' dir='ltr'><strong>il·</strong></span> 
     </span>
     <span class='ocr_line' id='line_1_28' title="bbox 756 2670 2859 2756; baseline -0.007 -19"><span class='ocrx_word' id='word_1_296' title='bbox 756 2688 844 2740; x_wconf 78' lang='lat' dir='ltr'><strong>lud</strong></span> <span class='ocrx_word' id='word_1_297' title='bbox 873 2708 899 2737; x_wconf 84' lang='lat' dir='ltr'><strong>a</strong></span> <span class='ocrx_word' id='word_1_298' title='bbox 931 2698 1081 2756; x_wconf 83' lang='lat' dir='ltr'><strong>poeta</strong></span> <span class='ocrx_word' id='word_1_299' title='bbox 1108 2680 1357 2749; x_wconf 86' lang='lat' dir='ltr'><strong>scriptum</strong></span> <span class='ocrx_word' id='word_1_300' title='bbox 1388 2678 1481 2737; x_wconf 88' lang='lat' dir='ltr'><strong>sit,</strong></span> <span class='ocrx_word' id='word_1_301' title='bbox 1515 2674 1730 2725; x_wconf 88' lang='lat' dir='ltr'><strong>consilio</strong></span> <span class='ocrx_word' id='word_1_302' title='bbox 1761 2672 1917 2743; x_wconf 71' lang='lat' dir='ltr'><strong>paulo</strong></span> <span class='ocrx_word' id='word_1_303' title='bbox 1941 2672 2235 2743; x_wconf 83' lang='lat' dir='ltr'><strong>diligentius</strong></span> <span class='ocrx_word' id='word_1_304' title='bbox 2264 2670 2610 2741; x_wconf 77' lang='lat' dir='ltr'><strong>qua-rendum</strong></span> <span class='ocrx_word' id='word_1_305' title='bbox 2637 2673 2859 2726; x_wconf 81' lang='lat' dir='ltr'><strong>videtur.</strong></span> 
     </span>
     <span class='ocr_line' id='line_1_29' title="bbox 753 2749 2863 2819; baseline -0.008 1"><span class='ocrx_word' id='word_1_306' title='bbox 753 2771 871 2819; x_wconf 82' lang='lat' dir='ltr'><strong>Jam</strong></span> <span class='ocrx_word' id='word_1_307' title='bbox 896 2784 1020 2815; x_wconf 89' lang='lat' dir='ltr'><strong>vero</strong></span> <span class='ocrx_word' id='word_1_308' title='bbox 1046 2760 1307 2812; x_wconf 88' lang='lat' dir='ltr'><strong>Catullum</strong></span> <span class='ocrx_word' id='word_1_309' title='bbox 1335 2775 1442 2806; x_wconf 88' lang='lat' dir='ltr'><strong>non</strong></span> <span class='ocrx_word' id='word_1_310' title='bbox 1470 2774 1533 2804; x_wconf 92' lang='lat' dir='ltr'><strong>eo</strong></span> <span class='ocrx_word' id='word_1_311' title='bbox 1562 2753 1782 2803; x_wconf 85' lang='lat' dir='ltr'><strong>consilio</strong></span> <span class='ocrx_word' id='word_1_312' title='bbox 1806 2750 1872 2802; x_wconf 91' lang='lat' dir='ltr'><strong>ad</strong></span> <span class='ocrx_word' id='word_1_313' title='bbox 1898 2752 2000 2803; x_wconf 88' lang='lat' dir='ltr'><strong>hoc</strong></span> <span class='ocrx_word' id='word_1_314' title='bbox 2032 2749 2364 2803; x_wconf 83' lang='lat' dir='ltr'><strong>scribendum</strong></span> <span class='ocrx_word' id='word_1_315' title='bbox 2388 2770 2603 2803; x_wconf 87' lang='lat' dir='ltr'><strong>carmen</strong></span> <span class='ocrx_word' id='word_1_316' title='bbox 2629 2754 2863 2806; x_wconf 58' lang='lat' dir='ltr'><strong>amasis·</strong></span> 
     </span>
     <span class='ocr_line' id='line_1_30' title="bbox 757 2830 2863 2911; baseline -0.007 -12"><span class='ocrx_word' id='word_1_317' title='bbox 757 2870 828 2911; x_wconf 65' lang='lat' dir='ltr'><strong>se,</strong></span> <span class='ocrx_word' id='word_1_318' title='bbox 854 2860 906 2897; x_wconf 88' lang='lat' dir='ltr'><strong>ut</strong></span> <span class='ocrx_word' id='word_1_319' title='bbox 927 2845 1000 2895; x_wconf 87' lang='lat' dir='ltr'><strong>nil</strong></span> <span class='ocrx_word' id='word_1_320' title='bbox 1027 2842 1127 2894; x_wconf 86' lang='lat' dir='ltr'><strong>nisi</strong></span> <span class='ocrx_word' id='word_1_321' title='bbox 1156 2838 1292 2889; x_wconf 86' lang='lat' dir='ltr'><strong>Pelei</strong></span> <span class='ocrx_word' id='word_1_322' title='bbox 1321 2850 1370 2887; x_wconf 90' lang='lat' dir='ltr'><strong>et</strong></span> <span class='ocrx_word' id='word_1_323' title='bbox 1386 2830 1641 2885; x_wconf 88' lang='lat' dir='ltr'><strong>Thetidos</strong></span> <span class='ocrx_word' id='word_1_324' title='bbox 1665 2831 2053 2901; x_wconf 81' lang='lat' dir='ltr'><strong>epithalamium</strong></span> <span class='ocrx_word' id='word_1_325' title='bbox 2078 2844 2301 2894; x_wconf 86' lang='lat' dir='ltr'><strong>caneret,</strong></span> <span class='ocrx_word' id='word_1_326' title='bbox 2330 2849 2493 2900; x_wconf 88' lang='lat' dir='ltr'><strong>quum</strong></span> <span class='ocrx_word' id='word_1_327' title='bbox 2518 2850 2583 2882; x_wconf 85' lang='lat' dir='ltr'><strong>ex</strong></span> <span class='ocrx_word' id='word_1_328' title='bbox 2604 2833 2729 2884; x_wconf 81' lang='lat' dir='ltr'><strong>aliis</strong></span> <span class='ocrx_word' id='word_1_329' title='bbox 2748 2852 2863 2884; x_wconf 78' lang='lat' dir='ltr'><strong>cau·</strong></span> 
     </span>
     <span class='ocr_line' id='line_1_31' title="bbox 758 2908 2864 2992; baseline -0.007 -14"><span class='ocrx_word' id='word_1_330' title='bbox 758 2931 854 2992; x_wconf 76' lang='lat' dir='ltr'><strong>sis,</strong></span> <span class='ocrx_word' id='word_1_331' title='bbox 886 2939 993 2976; x_wconf 87' lang='lat' dir='ltr'><strong>tum</strong></span> <span class='ocrx_word' id='word_1_332' title='bbox 1031 2942 1092 2973; x_wconf 85' lang='lat' dir='ltr'><strong>ex</strong></span> <span class='ocrx_word' id='word_1_333' title='bbox 1133 2931 1239 2970; x_wconf 86' lang='lat' dir='ltr'><strong>toto</strong></span> <span class='ocrx_word' id='word_1_334' title='bbox 1268 2914 1513 2968; x_wconf 84' lang='lat' dir='ltr'><strong>carminis</strong></span> <span class='ocrx_word' id='word_1_335' title='bbox 1547 2912 1729 2962; x_wconf 82' lang='lat' dir='ltr'><strong>habitu</strong></span> <span class='ocrx_word' id='word_1_336' title='bbox 1755 2923 1807 2962; x_wconf 85' lang='lat' dir='ltr'><strong>et</strong></span> <span class='ocrx_word' id='word_1_337' title='bbox 1833 2911 2038 2962; x_wconf 67' lang='lat' dir='ltr'><strong>intextis</strong></span> <span class='ocrx_word' id='word_1_338' title='bbox 2068 2910 2393 2980; x_wconf 85' lang='lat' dir='ltr'><strong>longioribus</strong></span> <span class='ocrx_word' id='word_1_339' title='bbox 2420 2908 2864 2979; x_wconf 80' lang='lat' dir='ltr'><strong>digressionibus,</strong></span> 
     </span>
     <span class='ocr_line' id='line_1_32' title="bbox 758 2988 2868 3080; baseline -0.007 -23"><span class='ocrx_word' id='word_1_340' title='bbox 758 3028 884 3080; x_wconf 83' lang='lat' dir='ltr'><strong>quas</strong></span> <span class='ocrx_word' id='word_1_341' title='bbox 914 3002 1112 3072; x_wconf 86' lang='lat' dir='ltr'><strong>respuit</strong></span> <span class='ocrx_word' id='word_1_342' title='bbox 1140 2999 1293 3069; x_wconf 88' lang='lat' dir='ltr'><strong>plane</strong></span> <span class='ocrx_word' id='word_1_343' title='bbox 1317 2995 1424 3045; x_wconf 83' lang='lat' dir='ltr'><strong>veri</strong></span> <span class='ocrx_word' id='word_1_344' title='bbox 1447 2989 1768 3061; x_wconf 84' lang='lat' dir='ltr'><strong>epithalamii</strong></span> <span class='ocrx_word' id='word_1_345' title='bbox 1790 2990 1953 3051; x_wconf 85' lang='lat' dir='ltr'><strong>ratio,</strong></span> <span class='ocrx_word' id='word_1_346' title='bbox 1985 2990 2107 3041; x_wconf 87' lang='lat' dir='ltr'><strong>satis</strong></span> <span class='ocrx_word' id='word_1_347' title='bbox 2131 3003 2272 3041; x_wconf 86' lang='lat' dir='ltr'><strong>certe</strong></span> <span class='ocrx_word' id='word_1_348' title='bbox 2298 2988 2542 3058; x_wconf 82' lang='lat' dir='ltr'><strong>colligere</strong></span> <span class='ocrx_word' id='word_1_349' title='bbox 2570 3008 2868 3060; x_wconf 78' lang='lat' dir='ltr'><strong>possumus.</strong></span> 
     </span>
     <span class='ocr_line' id='line_1_33' title="bbox 761 3070 2872 3153; baseline -0.013 -13"><span class='ocrx_word' id='word_1_350' title='bbox 761 3085 962 3153; x_wconf 85' lang='lat' dir='ltr'><strong>Quodsi</strong></span> <span class='ocrx_word' id='word_1_351' title='bbox 988 3083 1126 3133; x_wconf 84' lang='lat' dir='ltr'><strong>euim</strong></span> <span class='ocrx_word' id='word_1_352' title='bbox 1156 3077 1390 3129; x_wconf 85' lang='lat' dir='ltr'><strong>Catullus</strong></span> <span class='ocrx_word' id='word_1_353' title='bbox 1415 3072 1507 3124; x_wconf 88' lang='lat' dir='ltr'><strong>uni</strong></span> <span class='ocrx_word' id='word_1_354' title='bbox 1532 3072 1716 3122; x_wconf 87' lang='lat' dir='ltr'><strong>harum</strong></span> <span class='ocrx_word' id='word_1_355' title='bbox 1742 3070 2041 3139; x_wconf 87' lang='lat' dir='ltr'><strong>nuptiarum</strong></span> <span class='ocrx_word' id='word_1_356' title='bbox 2064 3080 2369 3139; x_wconf 85' lang='lat' dir='ltr'><strong>argumento</strong></span> <span class='ocrx_word' id='word_1_357' title='bbox 2391 3086 2611 3139; x_wconf 78' lang='lat' dir='ltr'><strong>opernm</strong></span> <span class='ocrx_word' id='word_1_358' title='bbox 2636 3070 2771 3122; x_wconf 83' lang='lat' dir='ltr'><strong>dare</strong></span> <span class='ocrx_word' id='word_1_359' title='bbox 2787 3090 2872 3121; x_wconf 81' lang='lat' dir='ltr'><strong>vo.</strong></span> 
     </span>
     <span class='ocr_line' id='line_1_34' title="bbox 764 3146 2869 3230; baseline -0.009 -11"><span class='ocrx_word' id='word_1_360' title='bbox 764 3169 967 3224; x_wconf 81' lang='lat' dir='ltr'><strong>luisset,</strong></span> <span class='ocrx_word' id='word_1_361' title='bbox 993 3163 1068 3213; x_wconf 90' lang='lat' dir='ltr'><strong>illi</strong></span> <span class='ocrx_word' id='word_1_362' title='bbox 1098 3158 1330 3230; x_wconf 81' lang='lat' dir='ltr'><strong>profecto</strong></span> <span class='ocrx_word' id='word_1_363' title='bbox 1353 3172 1458 3204; x_wconf 88' lang='lat' dir='ltr'><strong>non</strong></span> <span class='ocrx_word' id='word_1_364' title='bbox 1481 3151 1688 3220; x_wconf 84' lang='lat' dir='ltr'><strong>lougius</strong></span> <span class='ocrx_word' id='word_1_365' title='bbox 1713 3149 2004 3199; x_wconf 83' lang='lat' dir='ltr'><strong>fabularum</strong></span> <span class='ocrx_word' id='word_1_366' title='bbox 2036 3160 2337 3200; x_wconf 84' lang='lat' dir='ltr'><strong>ornamenta</strong></span> <span class='ocrx_word' id='word_1_367' title='bbox 2363 3146 2589 3216; x_wconf 75' lang='lat' dir='ltr'><strong>petenda</strong></span> <span class='ocrx_word' id='word_1_368' title='bbox 2624 3150 2869 3211; x_wconf 75' lang='lat' dir='ltr'><strong>fuissent,</strong></span> 
     </span>
     <span class='ocr_line' id='line_1_35' title="bbox 765 3226 2872 3304; baseline -0.001 -23"><span class='ocrx_word' id='word_1_369' title='bbox 765 3247 850 3299; x_wconf 49' lang='lat' dir='ltr'><strong>sod</strong></span> <span class='ocrx_word' id='word_1_370' title='bbox 889 3243 1055 3296; x_wconf 79' lang='lat' dir='ltr'><strong>eidem</strong></span> <span class='ocrx_word' id='word_1_371' title='bbox 1096 3241 1146 3290; x_wconf 86' lang='lat' dir='ltr'><strong>in</strong></span> <span class='ocrx_word' id='word_1_372' title='bbox 1187 3239 1288 3287; x_wconf 85' lang='lat' dir='ltr'><strong>boc</strong></span> <span class='ocrx_word' id='word_1_373' title='bbox 1325 3235 1436 3304; x_wconf 89' lang='lat' dir='ltr'><strong>ipso</strong></span> <span class='ocrx_word' id='word_1_374' title='bbox 1465 3226 1830 3301; x_wconf 87' lang='lat' dir='ltr'><strong>pertractando</strong></span> <span class='ocrx_word' id='word_1_375' title='bbox 1858 3241 2163 3296; x_wconf 84' lang='lat' dir='ltr'><strong>argumento</strong></span> <span class='ocrx_word' id='word_1_376' title='bbox 2188 3245 2432 3297; x_wconf 71' lang='lat' dir='ltr'><strong>canipuS‚</strong></span> <span class='ocrx_word' id='word_1_377' title='bbox 2463 3227 2556 3278; x_wconf 90' lang='lat' dir='ltr'><strong>ubi</strong></span> <span class='ocrx_word' id='word_1_378' title='bbox 2586 3231 2872 3283; x_wconf 70' lang='lat' dir='ltr'><strong>exsultaret</strong></span> 
     </span>
     <span class='ocr_line' id='line_1_36' title="bbox 762 3305 2870 3394; baseline -0.008 -18"><span class='ocrx_word' id='word_1_379' title='bbox 762 3331 873 3394; x_wconf 72' lang='lat' dir='ltr'><strong>ejus</strong></span> <span class='ocrx_word' id='word_1_380' title='bbox 903 3321 1167 3391; x_wconf 86' lang='lat' dir='ltr'><strong>ingenium</strong></span> <span class='ocrx_word' id='word_1_381' title='bbox 1187 3355 1201 3379; x_wconf 86' lang='lat'>‚</span> <span class='ocrx_word' id='word_1_382' title='bbox 1229 3314 1472 3385; x_wconf 74' lang='lat' dir='ltr'><strong>patuisset</strong></span> <span class='ocrx_word' id='word_1_383' title='bbox 1499 3309 1848 3377; x_wconf 74' lang='lat' dir='ltr'><strong>amplissimus</strong></span> <span class='ocrx_word' id='word_1_384' title='bbox 1874 3305 2064 3371; x_wconf 75' lang='lat' dir='ltr'><strong>(vide,</strong></span> <span class='ocrx_word' id='word_1_385' title='bbox 2092 3307 2238 3357; x_wconf 79' lang='lat' dir='ltr'><strong>verbi</strong></span> <span class='ocrx_word' id='word_1_386' title='bbox 2266 3324 2442 3361; x_wconf 79' lang='lat' dir='ltr'><strong>causa,</strong></span> <span class='ocrx_word' id='word_1_387' title='bbox 2471 3309 2787 3378; x_wconf 73' lang='lat' dir='ltr'><strong>complures</strong></span> <span class='ocrx_word' id='word_1_388' title='bbox 2808 3306 2870 3359; x_wconf 73' lang='lat' dir='ltr'><strong>ad</strong></span> 
     </span>
     <span class='ocr_line' id='line_1_37' title="bbox 765 3383 2871 3469; baseline -0.009 -12"><span class='ocrx_word' id='word_1_389' title='bbox 765 3408 855 3457; x_wconf 81' lang='lat' dir='ltr'><strong>has</strong></span> <span class='ocrx_word' id='word_1_390' title='bbox 883 3400 1089 3469; x_wconf 82' lang='lat' dir='ltr'><strong>nuptias</strong></span> <span class='ocrx_word' id='word_1_391' title='bbox 1114 3407 1398 3465; x_wconf 83' lang='lat' dir='ltr'><strong>spectantes</strong></span> <span class='ocrx_word' id='word_1_392' title='bbox 1422 3389 1618 3442; x_wconf 82' lang='lat' dir='ltr'><strong>fabulas</strong></span> <span class='ocrx_word' id='word_1_393' title='bbox 1639 3389 1691 3438; x_wconf 91' lang='lat' dir='ltr'><strong>in</strong></span> <span class='ocrx_word' id='word_1_394' title='bbox 1722 3387 1978 3456; x_wconf 82' lang='lat' dir='ltr'><strong>farragine</strong></span> <span class='ocrx_word' id='word_1_395' title='bbox 2003 3386 2090 3436; x_wconf 85' lang='lat' dir='ltr'><strong>illa</strong></span> <span class='ocrx_word' id='word_1_396' title='bbox 2111 3383 2253 3455; x_wconf 86' lang='lat' dir='ltr'><strong>apud</strong></span> <span class='ocrx_word' id='word_1_397' title='bbox 2282 3387 2329 3437; x_wconf 92' lang='lat' dir='ltr'><em>T</em></span> <span class='ocrx_word' id='word_1_398' title='bbox 2325 3398 2505 3436; x_wconf 80' lang='lat' dir='ltr'><strong>zetzem</strong></span> <span class='ocrx_word' id='word_1_399' title='bbox 2526 3385 2597 3437; x_wconf 83' lang='lat' dir='ltr'><strong>ad</strong></span> <span class='ocrx_word' id='word_1_400' title='bbox 2628 3388 2871 3459; x_wconf 77' lang='lat' dir='ltr'><strong>Lycopb.</strong></span> 
     </span>
     <span class='ocr_line' id='line_1_38' title="bbox 766 3462 2874 3550; baseline -0.009 -16"><span class='ocrx_word' id='word_1_401' title='bbox 766 3506 812 3533; x_wconf 86' lang='lat' dir='ltr'><strong>v.</strong></span> <span class='ocrx_word' id='word_1_402' title='bbox 860 3484 980 3550; x_wconf 87' lang='lat'><strong>178.</strong></span> <span class='ocrx_word' id='word_1_403' title='bbox 1019 3479 1100 3529; x_wconf 83' lang='lat' dir='ltr'><strong>Cf.</strong></span> <span class='ocrx_word' id='word_1_404' title='bbox 1143 3476 1310 3545; x_wconf 73' lang='lat' dir='ltr'><strong>Heyue</strong></span> <span class='ocrx_word' id='word_1_405' title='bbox 1338 3470 1404 3521; x_wconf 89' lang='lat' dir='ltr'><strong>ad</strong></span> <span class='ocrx_word' id='word_1_406' title='bbox 1439 3467 1722 3538; x_wconf 79' lang='lat' dir='ltr'><strong>Apollodor.</strong></span> <span class='ocrx_word' id='word_1_407' title='bbox 1758 3486 1810 3535; x_wconf 88' lang='lat' dir='ltr'><strong>p.</strong></span> <span class='ocrx_word' id='word_1_408' title='bbox 1852 3471 1961 3535; x_wconf 61' lang='lat'><strong>794</strong></span> <span class='ocrx_word' id='word_1_409' title='bbox 1999 3462 2162 3535; x_wconf 84' lang='lat' dir='ltr'><strong>sqq.).</strong></span> <span class='ocrx_word' id='word_1_410' title='bbox 2206 3464 2308 3517; x_wconf 87' lang='lat' dir='ltr'><strong>Sed</strong></span> <span class='ocrx_word' id='word_1_411' title='bbox 2339 3465 2379 3515; x_wconf 82' lang='lat' dir='ltr'><strong>si</strong></span> <span class='ocrx_word' id='word_1_412' title='bbox 2411 3466 2718 3534; x_wconf 70' lang='lat' dir='ltr'><strong>cogitamus</strong></span> <span class='ocrx_word' id='word_1_413' title='bbox 2744 3468 2874 3519; x_wconf 84' lang='lat' dir='ltr'><strong>nihil</strong></span> 
     </span>
     <span class='ocr_line' id='line_1_39' title="bbox 766 3544 2875 3628; baseline -0.007 -13"><span class='ocrx_word' id='word_1_414' title='bbox 766 3561 904 3615; x_wconf 87' lang='lat' dir='ltr'><strong>aliud</strong></span> <span class='ocrx_word' id='word_1_415' title='bbox 928 3570 1176 3628; x_wconf 80' lang='lat' dir='ltr'><strong>spectasse</strong></span> <span class='ocrx_word' id='word_1_416' title='bbox 1202 3554 1253 3603; x_wconf 90' lang='lat' dir='ltr'><strong>in</strong></span> <span class='ocrx_word' id='word_1_417' title='bbox 1280 3553 1380 3602; x_wconf 85' lang='lat' dir='ltr'><strong>hoc</strong></span> <span class='ocrx_word' id='word_1_418' title='bbox 1406 3548 1636 3601; x_wconf 84' lang='lat' dir='ltr'><strong>carmine</strong></span> <span class='ocrx_word' id='word_1_419' title='bbox 1657 3544 1935 3616; x_wconf 85' lang='lat' dir='ltr'><strong>pangendo</strong></span> <span class='ocrx_word' id='word_1_420' title='bbox 1958 3545 2253 3607; x_wconf 88' lang='lat' dir='ltr'><strong>Catullum,</strong></span> <span class='ocrx_word' id='word_1_421' title='bbox 2275 3544 2372 3595; x_wconf 85' lang='lat' dir='ltr'><strong>nisi</strong></span> <span class='ocrx_word' id='word_1_422' title='bbox 2400 3556 2484 3606; x_wconf 88' lang='lat' dir='ltr'><strong>ut,</strong></span> <span class='ocrx_word' id='word_1_423' title='bbox 2510 3546 2780 3600; x_wconf 78' lang='lat' dir='ltr'><strong>invitatus</strong></span> <span class='ocrx_word' id='word_1_424' title='bbox 2796 3565 2875 3600; x_wconf 83' lang='lat' dir='ltr'><strong>ce-</strong></span> 
     </span>
     <span class='ocr_line' id='line_1_40' title="bbox 767 3622 2878 3696; baseline -0.007 -2"><span class='ocrx_word' id='word_1_425' title='bbox 767 3638 1030 3694; x_wconf 81' lang='lat' dir='ltr'><strong>lebrandis</strong></span> <span class='ocrx_word' id='word_1_426' title='bbox 1051 3635 1188 3687; x_wconf 87' lang='lat' dir='ltr'><strong>Pelei</strong></span> <span class='ocrx_word' id='word_1_427' title='bbox 1212 3646 1257 3683; x_wconf 84' lang='lat' dir='ltr'><strong>et</strong></span> <span class='ocrx_word' id='word_1_428' title='bbox 1277 3627 1531 3681; x_wconf 86' lang='lat' dir='ltr'><strong>Thetidos</strong></span> <span class='ocrx_word' id='word_1_429' title='bbox 1555 3625 1754 3696; x_wconf 87' lang='lat' dir='ltr'><strong>nuptiis</strong></span> <span class='ocrx_word' id='word_1_430' title='bbox 1774 3663 1788 3686; x_wconf 93' lang='lat'><strong>,</strong></span> <span class='ocrx_word' id='word_1_431' title='bbox 1804 3625 1928 3675; x_wconf 87' lang='lat' dir='ltr'><strong>alias</strong></span> <span class='ocrx_word' id='word_1_432' title='bbox 1949 3624 2131 3685; x_wconf 88' lang='lat' dir='ltr'><strong>simul,</strong></span> <span class='ocrx_word' id='word_1_433' title='bbox 2155 3643 2283 3692; x_wconf 84' lang='lat' dir='ltr'><strong>quas</strong></span> <span class='ocrx_word' id='word_1_434' title='bbox 2306 3636 2422 3675; x_wconf 81' lang='lat' dir='ltr'><strong>aetas</strong></span> <span class='ocrx_word' id='word_1_435' title='bbox 2443 3622 2771 3678; x_wconf 78' lang='lat' dir='ltr'><strong>Graecorum</strong></span> <span class='ocrx_word' id='word_1_436' title='bbox 2794 3628 2878 3679; x_wconf 86' lang='lat' dir='ltr'><strong>he-</strong></span> 
     </span>
     <span class='ocr_line' id='line_1_41' title="bbox 768 3701 2877 3787; baseline -0.009 -12"><span class='ocrx_word' id='word_1_437' title='bbox 768 3724 908 3775; x_wconf 81' lang='lat' dir='ltr'><strong>roica</strong></span> <span class='ocrx_word' id='word_1_438' title='bbox 939 3732 989 3769; x_wconf 89' lang='lat' dir='ltr'><strong>et</strong></span> <span class='ocrx_word' id='word_1_439' title='bbox 1016 3714 1244 3787; x_wconf 69' lang='lat' dir='ltr'><strong>mythica</strong></span> <span class='ocrx_word' id='word_1_440' title='bbox 1270 3708 1648 3779; x_wconf 81' lang='lat' dir='ltr'><strong>suppeditaret,</strong></span> <span class='ocrx_word' id='word_1_441' title='bbox 1670 3704 1867 3754; x_wconf 86' lang='lat' dir='ltr'><strong>fabulas</strong></span> <span class='ocrx_word' id='word_1_442' title='bbox 1892 3703 2086 3753; x_wconf 83' lang='lat' dir='ltr'><strong>laxiore</strong></span> <span class='ocrx_word' id='word_1_443' title='bbox 2112 3703 2336 3754; x_wconf 82' lang='lat' dir='ltr'><strong>fictionis</strong></span> <span class='ocrx_word' id='word_1_444' title='bbox 2360 3701 2639 3772; x_wconf 83' lang='lat' dir='ltr'><strong>cujusdam</strong></span> <span class='ocrx_word' id='word_1_445' title='bbox 2663 3706 2877 3758; x_wconf 80' lang='lat' dir='ltr'><strong>vinculo</strong></span> 
     </span>
     <span class='ocr_line' id='line_1_42' title="bbox 768 3782 2882 3861; baseline -0.007 -8"><span class='ocrx_word' id='word_1_446' title='bbox 768 3817 1025 3853; x_wconf 82' lang='lat' dir='ltr'><strong>connexas</strong></span> <span class='ocrx_word' id='word_1_447' title='bbox 1050 3809 1099 3846; x_wconf 87' lang='lat' dir='ltr'><strong>et</strong></span> <span class='ocrx_word' id='word_1_448' title='bbox 1124 3791 1385 3861; x_wconf 85' lang='lat' dir='ltr'><strong>copulatas</strong></span> <span class='ocrx_word' id='word_1_449' title='bbox 1411 3786 1644 3837; x_wconf 77' lang='lat' dir='ltr'><strong>versibus</strong></span> <span class='ocrx_word' id='word_1_450' title='bbox 1667 3794 1975 3852; x_wconf 85' lang='lat' dir='ltr'><strong>exponeret;</strong></span> <span class='ocrx_word' id='word_1_451' title='bbox 2007 3795 2058 3833; x_wconf 89' lang='lat' dir='ltr'><strong>et</strong></span> <span class='ocrx_word' id='word_1_452' title='bbox 2084 3782 2157 3832; x_wconf 90' lang='lat' dir='ltr'><strong>sic</strong></span> <span class='ocrx_word' id='word_1_453' title='bbox 2188 3783 2432 3845; x_wconf 76' lang='lat' dir='ltr'><strong>lectoreS,</strong></span> <span class='ocrx_word' id='word_1_454' title='bbox 2460 3801 2557 3853; x_wconf 85' lang='lat' dir='ltr'><strong>per</strong></span> <span class='ocrx_word' id='word_1_455' title='bbox 2584 3787 2882 3838; x_wconf 67' lang='lat' dir='ltr'><strong>ama-nissi·</strong></span> 
     </span>
     <span class='ocr_line' id='line_1_43' title="bbox 768 3862 2881 3934; baseline -0.009 0"><span class='ocrx_word' id='word_1_456' title='bbox 768 3901 848 3934; x_wconf 85' lang='lat' dir='ltr'><strong>ma</strong></span> <span class='ocrx_word' id='word_1_457' title='bbox 881 3881 1149 3930; x_wconf 87' lang='lat' dir='ltr'><strong>Musarum</strong></span> <span class='ocrx_word' id='word_1_458' title='bbox 1183 3867 1486 3921; x_wconf 80' lang='lat' dir='ltr'><strong>diverticula</strong></span> <span class='ocrx_word' id='word_1_459' title='bbox 1519 3863 1732 3925; x_wconf 85' lang='lat' dir='ltr'><strong>ductos,</strong></span> <span class='ocrx_word' id='word_1_460' title='bbox 1764 3875 1815 3913; x_wconf 87' lang='lat' dir='ltr'><strong>et</strong></span> <span class='ocrx_word' id='word_1_461' title='bbox 1841 3862 2061 3913; x_wconf 88' lang='lat' dir='ltr'><strong>aliorum</strong></span> <span class='ocrx_word' id='word_1_462' title='bbox 2082 3900 2097 3924; x_wconf 95' lang='lat'><strong>,</strong></span> <span class='ocrx_word' id='word_1_463' title='bbox 2127 3880 2243 3931; x_wconf 78' lang='lat' dir='ltr'><strong>quae</strong></span> <span class='ocrx_word' id='word_1_464' title='bbox 2273 3879 2380 3931; x_wconf 71' lang='lat' dir='ltr'><strong>proe</strong></span> <span class='ocrx_word' id='word_1_465' title='bbox 2403 3862 2608 3913; x_wconf 68' lang='lat' dir='ltr'><strong>caeteris</strong></span> <span class='ocrx_word' id='word_1_466' title='bbox 2642 3864 2730 3915; x_wconf 88' lang='lat' dir='ltr'><strong>illi</strong></span> <span class='ocrx_word' id='word_1_467' title='bbox 2752 3866 2881 3917; x_wconf 83' lang='lat' dir='ltr'><strong>arri·</strong></span> 
     </span>
     <span class='ocr_line' id='line_1_44' title="bbox 764 3940 2887 4025; baseline -0.007 -14"><span class='ocrx_word' id='word_1_468' title='bbox 764 3964 975 4017; x_wconf 76' lang='lat' dir='ltr'><strong>dei-ent,</strong></span> <span class='ocrx_word' id='word_1_469' title='bbox 1000 3954 1302 4025; x_wconf 75' lang='lat' dir='ltr'><strong>niythorum</strong></span> <span class='ocrx_word' id='word_1_470' title='bbox 1328 3945 1644 4014; x_wconf 78' lang='lat' dir='ltr'><strong>expositione</strong></span> <span class='ocrx_word' id='word_1_471' title='bbox 1667 3940 1939 4002; x_wconf 88' lang='lat' dir='ltr'><strong>delinitos,</strong></span> <span class='ocrx_word' id='word_1_472' title='bbox 1967 3940 2225 3991; x_wconf 80' lang='lat' dir='ltr'><strong>varietatis</strong></span> <span class='ocrx_word' id='word_1_473' title='bbox 2249 3959 2398 3991; x_wconf 89' lang='lat' dir='ltr'><strong>sensu</strong></span> <span class='ocrx_word' id='word_1_474' title='bbox 2419 3942 2658 3993; x_wconf 82' lang='lat' dir='ltr'><strong>suaviter</strong></span> <span class='ocrx_word' id='word_1_475' title='bbox 2684 3942 2887 3997; x_wconf 85' lang='lat' dir='ltr'><strong>demul-</strong></span> 
     </span>
     <span class='ocr_line' id='line_1_45' title="bbox 761 4020 2886 4102; baseline -0.005 -15"><span class='ocrx_word' id='word_1_476' title='bbox 761 4054 930 4102; x_wconf 77' lang='lat' dir='ltr'><strong>ceret3</strong></span> <span class='ocrx_word' id='word_1_477' title='bbox 967 4035 1118 4087; x_wconf 81' lang='lat' dir='ltr'><strong>facile</strong></span> <span class='ocrx_word' id='word_1_478' title='bbox 1151 4039 1397 4100; x_wconf 85' lang='lat' dir='ltr'><strong>apparet,</strong></span> <span class='ocrx_word' id='word_1_479' title='bbox 1428 4036 1479 4075; x_wconf 85' lang='lat' dir='ltr'><strong>et</strong></span> <span class='ocrx_word' id='word_1_480' title='bbox 1512 4024 1624 4091; x_wconf 87' lang='lat' dir='ltr'><strong>ipso</strong></span> <span class='ocrx_word' id='word_1_481' title='bbox 1653 4032 1819 4090; x_wconf 77' lang='lat' dir='ltr'><strong>poetae</strong></span> <span class='ocrx_word' id='word_1_482' title='bbox 1850 4020 2067 4071; x_wconf 84' lang='lat' dir='ltr'><strong>consilio</strong></span> <span class='ocrx_word' id='word_1_483' title='bbox 2100 4020 2273 4090; x_wconf 87' lang='lat' dir='ltr'><strong>ipsum</strong></span> <span class='ocrx_word' id='word_1_484' title='bbox 2304 4038 2513 4072; x_wconf 83' lang='lat' dir='ltr'><strong>carmen</strong></span> <span class='ocrx_word' id='word_1_485' title='bbox 2545 4040 2783 4094; x_wconf 83' lang='lat' dir='ltr'><strong>quoqne</strong></span> <span class='ocrx_word' id='word_1_486' title='bbox 2811 4023 2886 4075; x_wconf 88' lang='lat' dir='ltr'><strong>di·</strong></span> 
     </span>
     <span class='ocr_line' id='line_1_46' title="bbox 752 4099 2887 4190; baseline -0.008 -18"><span class='ocrx_word' id='word_1_487' title='bbox 752 4114 1094 4190; x_wconf 80' lang='lat' dir='ltr'><strong>judicandum</strong></span> <span class='ocrx_word' id='word_1_488' title='bbox 1122 4129 1246 4163; x_wconf 76' lang='lat' dir='ltr'><strong>esse.</strong></span> <span class='ocrx_word' id='word_1_489' title='bbox 1270 4103 1429 4170; x_wconf 84' lang='lat' dir='ltr'><strong>Quod</strong></span> <span class='ocrx_word' id='word_1_490' title='bbox 1457 4100 1672 4172; x_wconf 85' lang='lat' dir='ltr'><strong>quidem</strong></span> <span class='ocrx_word' id='word_1_491' title='bbox 1704 4100 1744 4150; x_wconf 85' lang='lat' dir='ltr'><strong>si</strong></span> <span class='ocrx_word' id='word_1_492' title='bbox 1775 4111 1919 4150; x_wconf 87' lang='lat' dir='ltr'><strong>recte</strong></span> <span class='ocrx_word' id='word_1_493' title='bbox 1941 4116 2255 4169; x_wconf 82' lang='lat' dir='ltr'><strong>perpensum</strong></span> <span class='ocrx_word' id='word_1_494' title='bbox 2286 4111 2415 4151; x_wconf 76' lang='lat' dir='ltr'><strong>esset</strong></span> <span class='ocrx_word' id='word_1_495' title='bbox 2439 4118 2469 4150; x_wconf 86' lang='lat' dir='ltr'><strong>a</strong></span> <span class='ocrx_word' id='word_1_496' title='bbox 2491 4099 2646 4153; x_wconf 81' lang='lat' dir='ltr'><strong>Viris</strong></span> <span class='ocrx_word' id='word_1_497' title='bbox 2674 4104 2887 4165; x_wconf 68' lang='lat' dir='ltr'><strong>Doctis,</strong></span> 
     </span>
    </p>
   </div>
  </div>
 </body>
</html>
