2986 4935
753 451 1193 519 CARMEN
1251 451 1566 516 XLVII.

2081 446 2216 532 145

656 677 1200 766 CARMEN
1280 676 1670 762 XLVII.

438 905 547 948 An
617 902 1011 948 PORCIUM
1082 903 1178 946 ET
1248 901 1893 947 SOCRATIONEM.

416 1094 632 1159 Poncl
666 1105 730 1157 et
762 1091 1140 1171 Socration,
1180 1087 1324 1156 duae
1368 1090 1643 1158 sinistrae

413 1198 667 1265 Pisonis
689 1248 705 1280 ,
749 1195 999 1272 scabies
1039 1195 1373 1288 famesque
1403 1198 1707 1280 Memmi;

201 1408 323 1458 Aue.
335 1406 565 1458 Catullus
586 1422 752 1475 quum
771 1402 1012 1454 homines
1029 1422 1120 1454 ne-

136 1486 380 1554 quissimos
396 1524 411 1548 ,
432 1484 684 1537 Porcium
714 1496 763 1534 et
790 1482 1089 1535 Socrationa
1106 1522 1121 1545 ,

137 1567 194 1616 ob
202 1565 533 1628 inhonestum,
545 1582 656 1632 quo
670 1563 873 1612 Pisonis
889 1560 1122 1614 habendi

138 1643 375 1715 cupiditati
409 1643 828 1704 velificabantur,
859 1639 1121 1704 studium,

138 1723 247 1774 bene
262 1722 475 1785 etlaute,
488 1735 539 1774 at
557 1720 762 1774 sodales
782 1739 900 1772 suos
918 1720 1122 1773 Veran-

139 1803 309 1854 niolum
328 1814 377 1853 et
391 1801 697 1861 Fabullum,
719 1800 913 1868 quibus
927 1800 1005 1851 isti
1027 1819 1122 1850 ne-

139 1879 325 1932 bulones
336 1881 531 1951 prelati
548 1891 756 1930 essenta
776 1879 964 1929 Pisone
981 1917 996 1941 ,
1009 1895 1119 1929 ma-

139 1959 253 2029 ligne
263 1974 309 2012 et
321 1959 520 2012 duriter
534 1960 716 2011 ssvere
731 1957 950 2020 videret,
961 1958 1121 2009 animi

141 2040 202 2090 sui
244 2039 643 2109 indignationem
684 2035 750 2089 de
793 2038 890 2089 hac
942 2037 1121 2106 iniqua

143 2131 253 2170 sorte
293 2119 496 2189 abjectis
543 2118 656 2170 istis
686 2117 991 2169 hominibus
1020 2117 1122 2168 hoc

141 2199 335 2250 carmine
349 2198 594 2250 declarat.
618 2228 696 2238 --
707 2197 908 2246 Verum
929 2213 1123 2247 nomen

144 2277 396 2341 Ver-annius,
408 2276 551 2348 quod
566 2273 1120 2328 blandeimminuitur.

212 2374 251 2408 t.
278 2358 590 2411 Duoesinistr.
630 2357 834 2407 Pisonis.
869 2354 982 2406 Hoc
1013 2368 1122 2418 est,

142 2453 334 2505 qnorum
372 2455 531 2509 opera
569 2434 778 2506 egregie
819 2434 894 2487 uti
921 2446 1125 2504 poterat

144 2515 239 2567 Piso
261 2517 308 2568 in
333 2514 678 2589 surripiendis
699 2514 920 2566 aliorum
941 2512 1124 2576 donis;

143 2593 197 2646 de
214 2616 339 2647 manu
364 2602 588 2658 sinisera,
619 2594 761 2647 furto
779 2593 984 2650 infami.
1013 2592 1120 2645 vid.

143 2693 258 2746 supr.
282 2675 341 2727 ad
362 2678 536 2730 Carm.
551 2675 691 2736 XII,
716 2691 760 2724 1.
783 2674 944 2725 Erant
967 2673 1124 2742 igitur

144 2754 324 2808 Porcius
364 2769 413 2808 et
461 2754 741 2808 Socration
796 2752 1019 2803 ministri
1072 2766 1123 2803 et

142 2837 262 2902 quasi
278 2835 612 2887 instrumenta
631 2832 832 2883 Pisonis
849 2831 1121 2900 nequitiae3

141 2911 276 2966 iidem
304 2915 456 2985 paulo
487 2912 740 2966 audacius
777 2929 903 2961 mox
931 2930 1123 2962 vocan-

141 3007 211 3044 tur
248 2995 412 3046 scabies
447 3007 498 3046 et
531 2996 692 3061 sames
732 2990 925 3040 Memmi
967 2990 1121 3053 ideo,

141 3071 259 3141 qnod
277 3074 507 3125 Memmii
530 3070 764 3123 avarities
783 3070 851 3120 ita
873 3070 1124 3120 inservire

141 3150 406 3216 studebant,
435 3167 497 3204 ut
531 3152 682 3203 istius
710 3149 910 3199 scabiem
955 3161 1005 3199 et
1033 3151 1122 3215 sa·

143 3249 239 3281 mem
291 3234 342 3284 in
388 3229 679 3300 semetipsis
727 3229 980 3280 referrent
1000 3265 1016 3290 ,
1073 3241 1124 3279 et

140 3309 322 3376 eadem,
365 3330 467 3383 qua
515 3312 662 3380 ipse,
702 3307 924 3359 aliorum
973 3308 1125 3358 bonis

142 3394 381 3460 rapacitate
391 3392 656 3442 inhiarent
663 3429 672 3438 .
680 3388 785 3437 Der
791 3388 843 3437 A
847 3386 1021 3437 bdmck
1031 3406 1125 3436 von

144 3469 356 3522 Mes-mim
376 3474 543 3521 immer-
571 3466 817 3519 reizenden
846 3466 1124 3517 Haahsuclte

143 3550 224 3599 und
266 3549 586 3617 Geldhunger.
621 3546 810 3598 Scabies
851 3544 917 3597 de
960 3545 1126 3595 nimio

144 3641 184 3678 et
217 3630 457 3700 prurienti
492 3628 640 3699 quasi
673 3624 910 3677 lucrandi
954 3623 1127 3674 studio

143 3705 305 3761 dicitur
322 3706 499 3779 aupud
523 3707 655 3759 Hor.
678 3706 840 3775 Epist.
859 3708 901 3767 1,
920 3723 940 3754 1
956 3722 1006 3765 a,
1025 3722 1044 3755 1
1061 3710 1088 3764 4
1112 3725 1122 3752 ;

147 3788 327 3850 «Quum
351 3803 405 3840 tu
432 3789 572 3839 inter
601 3784 824 3837 scabiem
851 3795 1044 3835 tantam
1079 3795 1130 3833 et

144 3868 345 3938 mntagia
371 3866 504 3918 lueri
541 3866 629 3918 Nil
659 3883 879 3934 parvum
906 3861 1122 3931 sapias,-

145 3959 182 3994 et
211 3953 308 3998 auri
344 3966 484 3997 sacra
504 3948 665 4012 sames
712 3942 779 3994 de
821 3943 997 3994 insana
1037 3940 1129 3991 ha·

1208 1404 1410 1456 catione
1457 1403 1721 1457 doctiores
1764 1436 1841 1448 —-
1891 1407 2102 1460 Scabies
2153 1421 2229 1461 est

1209 1484 1425 1534 morbus
1446 1484 1617 1535 carnis
1633 1481 1763 1536 edax
1781 1524 1796 1550 ,
1816 1487 2036 1556 proprio
2054 1506 2224 1551 sensu,

1209 1575 1259 1614 et
1303 1563 1547 1614 translate
1582 1566 1780 1632 quaevis
1821 1567 1997 1617 omnia
2044 1584 2224 1618 corro-

1211 1639 1339 1692 dens
1391 1643 1562 1711 pestiS.
1604 1645 1785 1713 Itaque
1838 1643 2051 1697 audacia
2102 1664 2225 1697 vere

1208 1721 1407 1790 poetica
1442 1722 1681 1773 satellites
1720 1724 1958 1774 Memmii
1990 1725 2225 1777 Catullus

1210 1812 1359 1851 vocat
1388 1802 1587 1852 scabiem
1625 1804 1868 1866 etfamem
1900 1804 2058 1873 liujus
2089 1804 2223 1867 viri,

1209 1898 1401 1948 nempe
1440 1898 1573 1949 quos
1612 1883 1753 1932 velut
1791 1882 1920 1933 duas
1964 1899 2129 1953 pestes
2168 1884 2222 1934 in

1209 1959 1557 2028 provinciales
1636 1962 1945 2013 immittebat
2014 1962 2226 2034 quodli-

1207 2039 1295 2089 bet
1327 2038 1544 2089 obvium
1585 2038 1936 2092 devoraturas.
1968 2041 2053 2093 sic
2085 2040 2228 2112 apud

1211 2118 1361 2187 Vir-g.
1403 2119 1597 2187 Georg.
1633 2119 1744 2180 ΙΙΙ,
1796 2120 1902 2172 552
1935 2140 1948 2172 z
1990 2147 2011 2167 ι
2039 2123 2221 2172 emissa

1209 2197 1435 2248 tenebris
1462 2196 1664 2249 Pallida
1683 2198 1977 2267 Tisiphone
2010 2202 2222 2251 morbos

1207 2276 1310 2345 agit
1329 2288 1445 2327 ante
1470 2290 1793 2345 metumque.
1822 2278 1887 2329 N.

1292 2374 1340 2407 2.
1389 2356 1450 2406 In
1499 2355 1767 2425 plerisque
1826 2356 1969 2409 editt.
2034 2372 2226 2428 prater

1209 2435 1373 2505 Vulp.
1425 2448 1631 2506 recepta
1680 2448 1755 2488 est
1796 2437 1950 2491 lectio
1978 2439 2226 2508 famesque

1209 2516 1403 2573 muudi,
1432 2534 1589 2585 quam
1616 2514 1831 2584 quidem
1861 2536 2042 2569 omnes
2065 2520 2227 2571 libros

1208 2594 1407 2647 MSSC.
1435 2595 1534 2645 nisi
1563 2594 1703 2664 quod
1743 2596 1797 2647 in
1830 2599 2098 2649 nonnullis
2125 2617 2223 2668 pro

1208 2676 1370 2724 mundi
1405 2676 1469 2726 sit
1510 2675 1673 2726 monda'
1702 2675 1782 2727 vel
1810 2677 1995 2737 mandi,
2038 2696 2144 2747 prae
2174 2697 2227 2729 se

1209 2754 1345 2804 serre
1367 2765 1613 2805 testantur
1634 2754 1822 2806 Achill.
1850 2756 1976 2808 Stat.
2000 2770 2049 2807 et
2067 2758 2230 2809 Janus

1207 2832 1484 2901 Meleager.
1514 2830 1615 2884 Sed
1641 2852 1702 2883 ex
1737 2851 1848 2884 mea
1879 2837 2127 2888 sententia
2150 2850 2223 2887 to-

1211 2924 1290 2963 tus
1320 2913 1464 2963 locus
1489 2913 1675 2980 friget,
1703 2913 1800 2963 nisi
1825 2915 1925 2966 viri
1954 2914 2226 2982 cujusdam

1210 3009 1401 3041 nomeu
1427 2993 1675 3060 jungatur
1702 2992 2029 3044 substantivis
2050 2997 2227 3045 scabies

1200 3072 1459 3140 famesque.
1517 3071 1636 3121 Jam
1686 3088 1813 3122 vero
1871 3091 2036 3142 quum
2108 3076 2229 3126 Sca·

1209 3150 1340 3218 liger
1369 3151 1422 3200 in
1462 3150 1600 3201 libro
1639 3167 1731 3200 suo
1771 3150 2032 3203 invenerit
2068 3171 2081 3204 :
2120 3174 2227 3204 sca-

1211 3229 1397 3300 biesque
1424 3229 1621 3281 Memmi
1637 3268 1649 3289 ‚
1686 3228 2013 3302 eandemque
2047 3231 2226 3283 lectio·

1213 3327 1332 3359 nem
1369 3308 1557 3359 offerat
1596 3306 1719 3359 edit.
1753 3310 1941 3362 Venet.
1982 3313 2049 3362 ab
2091 3331 2229 3364 anno

1222 3389 1363 3453 1493
1417 3399 1468 3438 et
1521 3387 1728 3456 Gryph.
1776 3390 1840 3440 ab
1885 3408 2024 3441 anno
2069 3392 2232 3460 1537,

1214 3464 1519 3518 servandam
1545 3478 1596 3517 et
1613 3467 1956 3520 revocandam
1977 3469 2118 3522 illam
2136 3490 2232 3541 pu-

1216 3547 1349 3608 tavi,
1377 3546 1642 3615 praecipue
1670 3565 1832 3615 quum
1858 3548 2093 3601 Catullus
2125 3570 2234 3603 eos-

1217 3623 1337 3676 dem
1366 3627 1532 3677 bonos
1552 3625 1692 3675 viros
1717 3626 1959 3678 Pisonem
1986 3642 2035 3680 et
2060 3631 2230 3682 Mem-

1217 3704 1382 3756 mium
1447 3708 1554 3771 jam
1628 3722 1799 3756 secum
1879 3712 2231 3778 composuerit

1217 3802 1508 3853 eorumque
1568 3784 1921 3852 impuritatem
1984 3790 2233 3856 perstrin-

1217 3864 1346 3914 xerit
1369 3880 1523 3932 supra
1546 3863 1721 3914 Carm.
1750 3864 2005 3918 XXVIII.
2020 3897 2097 3908 --
2117 3869 2230 3919 Cae-

1220 3955 1388 3993 terum
1420 3940 1487 3993 de
1522 3943 1735 3993 Memmii
1757 3945 1973 3995 avaritia
2000 3960 2048 3996 et
2074 3947 2239 3998 illibe-

145 4022 280 4077 bendi
323 4025 611 4095 cupiditate
660 4043 721 4075 ex
756 4022 979 4091 Virgilio
1016 4021 1133 4071 satis
1224 4022 1421 4073 ralitate
1447 4021 1557 4073 vid.
1590 4020 1655 4072 ad
1687 4024 1861 4074 Carm.
1894 4026 1971 4088 X,
1999 4023 2065 4074 de
2098 4028 2237 4076 Piso-

145 4117 242 4155 uota
263 4104 586 4157 est-Videant
611 4101 678 4155 de
703 4103 800 4154 hac
825 4119 938 4153 mea
971 4100 1132 4168 expli-

1224 4104 1297 4151 ιη’-ε
1326 4098 1390 4151 ad
1425 4101 1599 4152 Carm.
1631 4101 1883 4153 XXVIII.

1791 4233 1807 4274 Ι
1832 4232 1876 4276 O
