2986 4935
709 482 860 564 444
1038 481 1366 546 INDEX
1420 480 2022 547 EDITIONUM
2078 479 2519 546 CATULLI
2881 141 2899 489 i

812 612 1026 683 1518.
1065 616 1209 681 Cat.
1233 614 1380 680 Tib.
1424 616 1619 707 Prop.
1665 612 1881 707 Lugd.
1924 626 2146 680 sumtu
2179 611 2472 680 Barthol.
2513 615 2701 681 Troe.
2730 638 2805 680 an.
2899 628 2900 639 ¹

695 718 1038 787 millesimo
1083 722 1612 813 quingentesimo
1648 722 1908 788 XVIII.
1958 718 2062 786 die
2109 720 2333 786 XXII.
2374 720 2563 812 Sept.
2619 719 2688 789 8.

822 851 843 892 1
867 825 1035 896 520.
1085 824 1228 892 Alb.
1257 826 1401 893 Tib.
1442 824 1653 921 elegg.
1704 825 1851 893 libri
1890 828 2014 910 IV,
2053 849 2183 892 una
2221 848 2372 892 cum
2407 824 2564 893 val.
2615 825 2813 895 Catull.
2895 730 2901 949 i

703 933 1088 1026 epigramm.
1136 958 1258 1001 nec
1296 959 1430 1000 non
1467 936 1639 1000 Sext.
1685 935 1878 1027 Prop.
1921 930 2069 998 libri
2099 933 2201 998 IV
2231 929 2502 1026 elegiaci
2535 955 2693 1000 cum
2720 934 2817 1000 suis

703 1064 942 1107 comm.
980 1038 1284 1107 videlicet
1324 1037 1619 1133 Cyllaenii
1660 1043 1908 1107 Veron.
1941 1039 2007 1105 in
2039 1037 2182 1105 Tib.
2229 1038 2575 1106 Parthenii
2621 1053 2692 1107 ct
2721 1038 2822 1107 Pal·

706 1144 854 1213 ladii
894 1147 957 1211 in
1004 1148 1148 1212 Cat.
1198 1146 1500 1213 Beroaldi
1549 1147 1611 1212 in
1666 1150 1860 1240 Prop.
1915 1145 2136 1212 Habes
2180 1145 2450 1239 insuper
2494 1145 2820 1213 emendatt

705 1253 770 1318 in
810 1255 1022 1344 ipsum
1072 1250 1310 1320 Catull.
1361 1278 1478 1346 per
1526 1254 1704 1320 Hier.
1744 1253 2099 1319 Avantiuin
2130 1253 2378 1318 Veron.
2422 1250 2575 1319 Nec
2623 1276 2754 1321 non
2780 1267 2825 1320 et

707 1360 1266 1450 castigatissimum
1308 1356 1599 1426 tabulam
1640 1360 1936 1426 omnium
1979 1380 2236 1442 rerum,
2269 1381 2416 1450 quae
2453 1358 2528 1426 in
2559 1361 2826 1454 margine
2901 1360 2904 1449 l

706 1478 859 1530 sunt
898 1465 1160 1557 positae,
1200 1490 1411 1558 nuper
1450 1465 1738 1532 additam
1771 1480 1836 1532 et
1874 1487 2212 1558 nunquam
2246 1462 2403 1532 alias
2435 1465 2828 1558 impressam.

706 1573 943 1637 Venet.
991 1571 1055 1635 in
1096 1571 1341 1639 aedibus
1387 1570 1726 1640 Guilielmi
1771 1572 1858 1640 de
1906 1570 2316 1638 Foadaneto
2362 1572 2831 1649 Montisferati‚

705 1700 807 1743 an.
852 1678 1121 1744 Domini
1163 1680 1443 1745 MDXX
1477 1679 1585 1746 die
1616 1681 1772 1745 XII.
1807 1675 1981 1746 Julii.
2020 1674 2279 1770 Inclyto
2320 1677 2666 1746 Leonardi
2701 1682 2835 1747 Lau-

707 1798 937 1851 retano
976 1785 1318 1877 Principe,
1362 1783 1475 1852 fol.

829 1886 1042 1983 1529.
1086 1893 1231 1959 Cat.
1261 1891 1404 1958 Tib.
1448 1894 1647 1983 Prop.
1691 1890 1869 1984 apud
1910 1892 2067 1958 Sim.
2102 1889 2502 1973 Colinaemn‚
2543 1891 2756 1959 Paris.
2789 1891 2838 1960 8.

708 2037 814 2046 ——-
842 2000 1034 2063 Novo
1076 1998 1477 2066 characteris
1514 1997 1848 2065 literarum
1894 2021 2167 2089 genere,
2209 1996 2386 2090 quod
2425 1997 2512 2064 ad
2550 1996 2840 2092 calligra-

708 2103 878 2195 phiae
913 2101 1305 2196 elegantiam
1351 2106 1622 2198 propius
1659 2103 1951 2188 aceedit,
1991 2118 2256 2171 exarata
2293 2116 2390 2171 est
2425 2103 2572 2171 haec
2612 2104 2844 2185 editio,

707 2235 789 2275 ex
828 2213 879 2277 Ι.
921 2207 1155 2277 Aldina
1200 2236 1526 2303 expressa.

830 2314 1045 2385 1530.
1094 2320 1173 2385 C.
1208 2316 1351 2384 Val.
1393 2320 1538 2384 Cat.
1564 2319 1718 2385 Ver.
1760 2315 1867 2384 lib.
1916 2320 1966 2384 Ι.
2008 2316 2152 2385 Alb.
2180 2314 2326 2383 Tib.
2368 2316 2635 2408 Equitis
2669 2319 2847 2385 Rom.

710 2421 855 2490 libri
902 2425 1019 2491 IV.
1056 2426 1203 2490 Sex.
1249 2428 1404 2491 Aur.
1448 2427 1641 2519 Prop.
1684 2423 1924 2492 Umbri
1963 2422 2072 2492 lib.
2110 2424 2232 2491 IV.
2275 2423 2397 2491 Cn.
2434 2423 2652 2491 Corn.
2690 2423 2852 2493 Galli

713 2530 1098 2623 fragmenta.
1143 2532 1354 2598 Basil.
1393 2532 1760 2599 excudebat
1796 2535 2005 2599 Hetsr.
2038 2535 2285 2597 Petrus
2314 2553 2540 2597 mense
2575 2531 2856 2604 Μειιτὶο,

716 2638 781 2704 8.
816 2639 1118 2729 Repetita
1163 2651 1261 2703 est
1310 2662 1389 2704 ex
1432 2637 1665 2704 Aldina
1707 2641 1774 2719 I,
1817 2637 1899 2704 ad
1944 2640 2010 2705 II
2066 2638 2305 2731 passim
2359 2651 2709 2722 correcta,
2755 2635 2856 2706 sed

708 2767 941 2836 parum
987 2742 1352 2836 diligenter.

828 2873 843 2916 1
872 2847 1039 2918 531.
1072 2853 1219 2918 Cat.
1240 2849 1381 2917 Tib.
1413 2853 1609 2944 Prop.
1642 2875 1760 2944 per
1793 2850 2037 2919 Melch.
2072 2852 2347 2919 Sessam
2369 2903 2386 2934 ,
2429 2850 2866 2922 MDXXXI.

712 2959 864 3023 XX.
913 2960 1089 3049 Sept.
1119 2959 1354 3024 Venet.
1407 2958 1470 3026 8.

831 3062 1043 3132 1533.
1082 3068 1312 3155 Repet.
1347 3063 1449 3130 ed.
1486 3065 1687 3129 Paris,
1744 3061 1972 3157 1529,
2015 3063 2080 3133 8.
2118 3061 2480 3130 emendatis
2521 3064 2873 3133 nonnullis

709 3169 1121 3262 gravioribus
1168 3171 1354 3237 vitiis.
1398 3167 1519 3237 Alii
1567 3169 1740 3237 lianc
1778 3169 1879 3237 ed.
1926 3169 2009 3236 ad
2049 3193 2153 3237 an.
2217 3166 2410 3253 1534
2458 3168 2812 3239 referunt.

828 3273 1041 3360 1534.
1095 3276 1499 3370 thypln‘ana
1548 3281 1605 3343 I.
1658 3280 1806 3346 Cat.
1830 3276 1972 3343 Tib.
2017 3280 2214 3369 Prop.
2262 3299 2416 3343 cum
2472 3274 2735 3365 Gallo,
2777 3303 2880 3374 ap.

706 3382 854 3449 seb.
905 3383 1311 3476 Gryphium,
1352 3382 1565 3476 Lugd.
1609 3383 1673 3452 8.
1709 3423 1812 3433 —
1842 3382 2227 3451 Editionum
2268 3406 2475 3476 genus
2519 3384 2882 3480 Gryphia-

709 3515 866 3557 num
907 3514 1038 3555 non
1086 3489 1686 3575 contemnendum,
1723 3504 1934 3558 totum
1983 3514 2063 3557 ex
2101 3488 2341 3557 Aldina
2378 3491 2444 3572 1,
2483 3511 2606 3557 seu
2647 3517 2737 3560 ex
2776 3496 2888 3560 Ba

706 3595 991 3676 silecnsi,
1028 3621 1173 3687 quae
1213 3594 1364 3662 inde
1401 3596 1726 3690 descripta
1766 3610 1942 3682 erat,
1979 3596 2254 3665 ductum
2287 3609 2422 3681 est,
2459 3598 2583 3663 etsi
2620 3603 2888 3691 passim

706 3729 786 3771 ex
825 3701 1152 3785 secunda,
1210 3704 1275 3768 in
1329 3703 1738 3795 sequioribus
1790 3706 1986 3770 etiam
2034 3728 2115 3770 ex
2172 3702 2515 3769 Muretina
2561 3705 2889 3800 interpo-

713 3809 940 3877 latum.

826 3914 1037 4009 1537.
1104 3916 1528 4011 Gryplztcma.
1594 3919 1738 3984 Cat.
1772 3916 1918 3982 Tib.
1974 3918 2166 4009 Prop.
2211 3915 2606 3985 Accedentt.
2671 3922 2888 3987 Corn.

708 4021 879 4090 Galli
922 4022 1224 4115 fragmin.
1265 4047 1471 4115 quam
1513 4023 1875 4091 editionem
1906 4047 1954 4090 a
1990 4026 2255 4090 nemine
2295 4022 2706 4093 indicatam
2752 4032 2888 4120 ips«

705 4130 1050 4222 possideo,
