2986 4935
858 490 1298 556 CARMEN
1356 491 1497 557 Lv.

2092 492 2230 561 163

421 620 575 689 Non
618 623 672 689 si
705 623 992 712 Pegaseo
1030 620 1201 686 ferar
1236 620 1456 688 volatu
1477 674 1496 704 ‚

424 727 574 794 Non
612 726 828 795 Ladas
861 729 909 793 si
946 751 1104 817 eg0‚
1138 728 1538 818 pennipesve
1571 729 1875 808 Persem,

425 835 576 900 Non
611 833 814 900 Rhesi
853 834 1058 899 niveae
1094 833 1367 924 citaeque
1402 833 1603 924 bigae3

427 938 608 1005 Adde
639 939 773 1006 huc
809 935 1216 1031 plumipedes
1251 937 1708 1030 volatilesque‚

423 1046 923 1137 Ventorumque
964 1044 1153 1111 simul
1198 1047 1456 1137 require
1495 1069 1796 1127 cursum,

426 1151 613 1237 Quos
642 1151 944 1242 junctoS,
990 1151 1291 1234 Cameri,
1329 1151 1489 1217 mihi
1534 1149 1819 1236 dicares;

127 1363 189 1415 do
213 1403 229 1428 ,
262 1365 381 1417 licet
438 1364 626 1435 insigni
664 1363 911 1416 currendi
943 1365 1125 1416 volan·

127 1442 233 1496 dive
255 1444 495 1497 facultate
511 1444 799 1496 instructus
815 1445 882 1496 sit
901 1482 915 1506 ‚
940 1443 1125 1496 Came·

127 1524 248 1575 n‘um
291 1524 567 1595 exquirere
611 1542 780 1593 posse.
815 1554 893 1563 -
929 1521 987 1573 Si
1025 1541 1126 1591 pro

127 1607 330 1669 quamvis.
351 1604 438 1656 Cf.
461 1621 618 1671 supra
648 1601 713 1653 ad
739 1602 972 1653 XXXIX
991 1640 1007 1664 ,
1041 1619 1062 1652 1
1077 1620 1123 1652 1.

128 1683 300 1751 Fingnt
327 1684 590 1753 eleganter
614 1701 712 1752 pro
742 1685 848 1733 sim.
865 1713 939 1721 —
956 1680 1126 1732 Custos

129 1762 301 1813 Cretum
334 1762 390 1815 h.
434 1780 477 1813 e.
511 1760 702 1823 Talus,
741 1761 858 1812 aerei
891 1762 1128 1830 corporis

124 1842 275 1910 gigas,
299 1843 528 1909 Europe
550 1858 574 1889 a
595 1841 729 1891 Jove
756 1839 905 1891 datus
921 1878 935 1902 ,
959 1853 1015 1891 ut
1038 1858 1127 1891 cu·

126 1933 216 1971 stos
233 1935 357 1973 esset
378 1921 550 1973 Cretae
565 1958 579 1982 ,
603 1938 759 1989 quam
786 1919 998 1988 singulis
1020 1918 1126 1970 die-

125 1998 210 2050 bus
227 2012 386 2052 totam
406 2000 704 2052 circumisse
722 1997 936 2050 dicitur.
956 1999 1127 2049 Locus

126 2077 344 2134 classicus
376 2077 448 2132 de
473 2078 569 2129 illo
600 2091 674 2129 est
706 2076 848 2148 apud
877 2078 1123 2147 Apollon.

129 2156 283 2209 Rhod.
305 2160 408 2218 lv,
448 2156 992 2226 1637—1688:cum
1018 2157 1127 2207 aliis

126 2237 341 2305 ejusdem
366 2236 598 2289 nominis
624 2237 812 2306 passim
846 2234 1125 2288 confundi-

128 2327 231 2379 tur,
251 2315 317 2369 de
341 2335 454 2388 quo
477 2313 599 2368 vide
629 2316 847 2367 omnino
876 2315 1128 2385 sagacissi-

128 2412 259 2447 mum
278 2410 518 2448 veterum
544 2394 848 2463 mythorum
868 2395 1128 2464 Interpre-

126 2487 218 2526 tem
244 2477 425 2528 Illustr.
451 2475 621 2547 Heyne
643 2472 712 2526 ad
735 2473 1043 2544 Apollodor.
1073 2474 1127 2525 in

125 2566 221 2606 not.
242 2574 348 2608 no
367 2573 514 2627 seqq.

198 2642 281 2697 ²4.
299 2636 418 2688 Non
447 2637 491 2685 si
515 2634 800 2703 Pegas.fir.
827 2634 1006 2683 volatu.
1032 2633 1127 2684 Pe-

125 2730 277 2779 gasus,
310 2733 483 2786 equus
507 2714 595 2765 ille
619 2713 807 2777 alatus,
837 2712 1067 2782 Neptuni
1100 2731 1129 2763 e

126 2790 325 2846 Medusa
362 2792 665 2864 progeniem
693 2811 801 2862 quo
835 2810 928 2862 per
956 2810 1128 2842 acrem

128 2884 286 2924 vectus
302 2887 379 2925 est
392 2872 668 2926 Chimaerae
684 2872 999 2932 interfector,
1020 2871 1130 2920 Bel-

123 2949 400 3021 lerophon,
435 2951 517 3003 vel
555 2951 729 3020 pueris
764 2948 999 3001 nondum
1031 2968 1130 3000 aere

123 3028 230 3081 lotis
252 3045 408 3083 notus
438 3043 530 3083 est.
551 3028 857 3100 Apollodor.
888 3029 939 3079 11
956 3066 971 3091 ,
998 3046 1043 3079 c.
1072 3029 1124 3081 3.

198 3111 288 3163 ²5.
307 3112 424 3163 Non
443 3110 609 3161 Ladas
625 3111 668 3158 si
687 3129 777 3178 ego
799 3128 867 3161 sc.
893 3107 1005 3158 sim.
1036 3108 1130 3158 La·

122 3189 403 3242 danomen
416 3189 638 3242 celebris
647 3189 869 3240 cursoris
884 3189 936 3238 in
951 3187 1131 3254 Olym·

122 3267 255 3336 picis.
287 3268 416 3322 Vid.
452 3270 644 3320 Mutet.
687 3279 738 3319 et
773 3266 1014 3336 VulpiuS.
1050 3298 1128 3307 -

121 3348 400 3418 Penaeipesoe
423 3350 625 3401 Perseus
639 3367 659 3408 ,·
689 3347 1016 3416 profecturus
1042 3345 1128 3396 ille

121 3427 178 3478 ad
217 3427 510 3481 necandam
552 3425 827 3478 Medusam
866 3425 1064 3494 accepit
1099 3443 1127 3475 a

120 3504 379 3578 Nymphis
403 3509 544 3559 alata
570 3507 745 3556 talaria
777 3503 965 3565 [πτηνὰ
992 3499 1135 3555 πέδι-

119 3585 196 3648 λα]
217 3585 535 3659 Apollodor.
556 3587 629 3648 ΙΙ,
651 3604 697 3637 c.
721 3591 774 3648 4,
793 3585 1010 3636 Pausan.
1029 3583 1130 3646 ΙΙΙ,

129 3683 214 3733 17,
245 3686 298 3736 p.
347 3669 453 3719 251
477 3706 491 3730 ,
523 3665 639 3717 edit.
676 3665 841 3716 Kalaa.
882 3662 1128 3732 Mythum

120 3762 258 3797 more
283 3764 387 3798 cuo
408 3745 634 3815 explicat
659 3744 842 3796 Illustr.
881 3744 1050 3810 Heyne
1077 3741 1130 3792 in

120 3837 221 3876 not.
238 3824 309 3877 ad
327 3822 643 3896 Apollodor.
658 3842 714 3893 p.
741 3823 869 3890 ²95·
875 3823 1134 3872 —Penni-

111 3904 238 3965 serae
260 3918 370 3957 tres
395 3902 740 3973 antiquissim.
766 3900 913 3953 editt.
931 3902 1135 3953 —Cae-

120 3994 281 4035 terum
304 3983 516 4053 egregie
541 3977 610 4033 ad
634 3999 745 4033 rem
776 3980 827 4031 in
856 3978 1000 4032 editt.
1023 3981 1141 4031 Mu·

123 4075 209 4113 ret.
243 4063 334 4115 hic
370 4081 548 4114 versus
575 4058 904 4112 antecedenti
934 4077 1138 4130 praepo-

1213 1366 1594 1435 permutatione
1618 1366 1852 1436 legantur
1873 1379 1923 1418 et
1943 1367 2233 1438 intelligan-

1214 1457 1299 1494 tur
1330 1462 1508 1495 versus
1541 1462 1553 1495 :

1213 1541 1367 1592 pesve
1387 1524 1626 1587 Perseus,
1649 1525 1769 1576 Non
1791 1526 1831 1576 si
1852 1526 2074 1594 Pegaseo
2096 1528 2231 1580 ferar

1213 1602 1386 1653 volatu
1408 1640 1423 1665 ,

1213 1680 1351 1749 bigis.
1373 1706 1395 1727 n

1593 1471 1613 1490 ι
1632 1464 1737 1496 non
1774 1447 1814 1498 si
1845 1444 2015 1497 Ladas
2041 1452 2228 1518 penni-

1466 1603 1586 1653 Non
1636 1604 1792 1656 Rhesi
1841 1609 1987 1655 niveis
2033 1610 2230 1679 vitisque

1297 1764 1385 1813 26.
1415 1761 1530 1814 Non
1561 1763 1705 1813 Rhesi
1730 1766 1822 1814 ηἱν.
1848 1767 1928 1814 cit.
1961 1764 2056 1831 hig.
2092 1784 2158 1818 sc.
2187 1766 2227 1816 si

1215 1840 1341 1891 mihi
1364 1841 1480 1892 sint.
1509 1842 1670 1893 Erant
1691 1855 1863 1893 autem
1895 1843 2068 1905 Rhesi,
2094 1846 2226 1915 regis

1211 1919 1503 1982 Thracum,
1533 1921 1619 1990 qui
1654 1939 1715 1970 ex
1747 1920 2094 1992 descriptione
2118 1925 2226 1975 Ho-

1213 2016 1344 2050 mer.
1376 1999 1526 2050 Iliad.
1557 2001 1633 2061 X,
1667 1999 1796 2063 435,
1824 2003 2105 2071 Atuxo‘rtpcv.
2132 2006 2234 2070 χίε-

1210 2098 1285 2136 νος
1305 2114 1321 2138 ,
1343 2080 1478 2130 θείειν
1507 2075 1558 2128 δ’
1582 2081 1825 2148 ἀνέμοισιν
1860 2083 2027 2149 ὁμοῖοι.
2055 2082 2226 2133 Fabu-

1210 2157 1313 2208 lam
1345 2159 1533 2208 horum
1570 2177 1824 2227 equorum
1844 2197 1858 2221 ,
1887 2159 2127 2229 Trojanis
2151 2162 2226 2213 fa·

1211 2236 1418 2298 talium,
1463 2235 1531 2287 ad
1569 2237 1742 2288 locum
1779 2238 1992 2289 Homeri
2024 2258 2224 2290 memo·

1211 2329 1294 2366 rat
1329 2317 1563 2367 Eustath.
1604 2330 1652 2367 et
1693 2316 1871 2368 Schol.
1899 2349 1977 2358 —
2014 2319 2226 2390 Citaeque

1213 2394 1339 2463 bigoe
1381 2395 1577 2446 invenit
1600 2396 1814 2446 Vossius
1850 2396 1903 2447 in
1941 2400 2223 2470 exemplar.

1211 2473 1497 2526 Mediolan.
1528 2475 1672 2546 quod
1706 2474 1773 2527 de
1813 2495 1970 2528 curru
1996 2478 2228 2545 Medeae,

1214 2567 1396 2624 utpote
1424 2568 1556 2606 natae
1577 2555 1630 2605 in
1660 2554 1858 2626 oppido
1886 2558 2048 2625 Cyta,
2075 2559 2227 2612 intel-

1210 2634 1300 2703 ligi
1329 2652 1477 2701 posse
1505 2647 1752 2686 autumat.

1297 2731 1384 2781 27.
1417 2713 1562 2764 Adde
1595 2716 1684 2763 leuc
1711 2714 1998 2783 plumipedes
2038 2718 2225 2768 volatil.

1214 2791 1454 2860 Intelligo
1479 2812 1682 2853 omnes,
1706 2794 2005 2863 quicunque
2022 2797 2103 2846 vel
2127 2798 2231 2847 ala-

1217 2876 1277 2922 tis
1302 2872 1530 2922 eatae-ihm
1559 2869 1925 2941 (plumipedes)
1951 2875 2032 2924 vel
2062 2878 2228 2927 omni·

1215 2970 1286 3002 no
1311 2951 1401 3000 alis
1432 2946 1706 3012 (volatiles)
1732 2952 1963 3002 instructi
1983 2953 2225 3015 fuerunt;

1215 3030 1453 3100 pluribus
1493 3030 1632 3080 enim
1674 3030 1726 3080 in
1766 3042 1997 3081 veterum
2040 3032 2228 3084 fabulis

1215 3110 1349 3159 alata
1388 3110 1564 3158 talaria
1601 3109 1937 3177 affinguntur.
1971 3108 2095 3161 Vid.
2130 3130 2226 3162 nos

1216 3190 1269 3240 in
1306 3214 1326 3233 ι
1349 3189 1645 3240 Comment.
1665 3185 1731 3237 de
1753 3188 1896 3238 alatis
1914 3187 2226 3258 imaginibus

1213 3266 1353 3336 apud
1375 3280 1587 3317 vetereS.
1608 3292 1629 3312 ι
1661 3266 1821 3318 Goth.
1851 3269 1996 3335 1786
2014 3307 2028 3331 ,
2052 3288 2106 3338 p.
2135 3289 2161 3319 ι
2178 3289 2223 3321 ι.

1222 3380 1289 3389 -
1308 3348 1545 3398 Muretus
1557 3346 1845 3414 plumipedes
1864 3364 1969 3397 non
1994 3349 2130 3400 male
2147 3368 2230 3400 ex.

1217 3427 1376 3496 plicat
1402 3424 1467 3477 de
1503 3425 1661 3476 Zethe
1687 3439 1737 3476 et
1764 3425 1935 3489 Calai,
1958 3427 2137 3480 Boreae
2167 3428 2231 3479 fi-

1217 3506 1322 3570 liis;
1348 3505 1464 3556 alati
1482 3517 1620 3555 certe
1640 3524 1821 3556 eorum
1845 3503 2004 3573 pedes
2024 3505 2233 3576 fingun-

1221 3598 1305 3635 tur
1331 3582 1470 3655 apud
1504 3585 1751 3652 Apollon.
1780 3584 1879 3635 Rh.
1904 3586 1931 3635 1
1952 3623 1966 3647 ,
1996 3604 2123 3654 219.

1306 3684 1393 3730 29.
1446 3664 1581 3729 Quos
1610 3665 1798 3729 ῥητοῖσι
1839 3663 1892 3714 h.
1933 3682 1978 3715 e.
2019 3684 2233 3729 omnem

1221 3741 1404 3793 durius
1429 3741 1514 3792 alii
1546 3741 1612 3793 ad
1641 3744 1831 3811 junctos
1865 3744 2107 3812 supplent
2129 3766 2236 3795 cur-

1224 3827 1311 3872 rui.
1336 3854 1412 3862 -
1432 3821 1619 3874 Nescio
1650 3840 1716 3873 an
1749 3835 1887 3874 recte
1919 3821 2129 3874 damnet
2156 3842 2238 3875 er-

1225 3903 1359 3954 roris
1382 3921 1472 3952 eos
1501 3901 1591 3971 qui
1611 3906 1773 3953 currui
1790 3902 2019 3971 suppleri
2036 3902 2237 3954 volunt.

1226 3982 1380 4033 Certe
1425 3982 1567 4034 vocis
1611 3981 1715 4033 vim
1768 3994 1817 4031 et
1862 3998 2011 4030 usum
2059 3998 2245 4050 expro-

1228 4074 1378 4111 munt
1396 4099 1409 4121 ,
1430 4078 1599 4130 neque
1629 4059 1914 4131 quidquam
1944 4074 2248 4128 proponunt

121 4142 294 4202 nitur,
344 4143 416 4193 ita
467 4153 523 4192 ut
567 4140 674 4191 hoc
721 4137 904 4190 ordine
950 4153 1000 4191 et
1045 4140 1142 4191 hac
1232 4139 1515 4192 absurdum
1537 4177 1551 4202 ‚
1605 4142 1644 4191 si
1673 4138 1939 4198 Catullum
1978 4151 2159 4206 optare
2196 4151 2256 4191 ut

1830 4244 1987 4325 ‚¹1²
