<?xml version="1.0" encoding="UTF-8"?>
<!DOCTYPE html PUBLIC "-//W3C//DTD XHTML 1.0 Transitional//EN"
    "http://www.w3.org/TR/xhtml1/DTD/xhtml1-transitional.dtd">
<html xmlns="http://www.w3.org/1999/xhtml" xml:lang="en" lang="en">
 <head>
  <title>
</title>
<meta http-equiv="Content-Type" content="text/html;charset=utf-8" />
  <meta name='ocr-system' content='tesseract 3.04.00' />
  <meta name='ocr-capabilities' content='ocr_page ocr_carea ocr_par ocr_line ocrx_word'/>
</head>
<body>
  <div class='ocr_page' id='page_1' title='image "./cvaleriuscatull00naudgoog_0160.png"; bbox 0 0 2986 4935; ppageno 0'>
   <div class='ocr_carea' id='block_1_1' title="bbox 708 462 848 544">
    <p class='ocr_par' dir='ltr' id='par_1_1' title="bbox 708 462 848 544">
     <span class='ocr_line' id='line_1_1' title="bbox 708 462 848 544; baseline 0.021 -20"><span class='ocrx_word' id='word_1_1' title='bbox 708 462 848 544; x_wconf 76' lang='lat'>140</span> 
     </span>
    </p>
   </div>
   <div class='ocr_carea' id='block_1_2' title="bbox 1223 460 2311 528">
    <p class='ocr_par' dir='ltr' id='par_1_2' title="bbox 1223 460 2311 528">
     <span class='ocr_line' id='line_1_2' title="bbox 1223 460 2311 528; baseline 0.001 -2"><span class='ocrx_word' id='word_1_2' title='bbox 1223 460 1299 526; x_wconf 90' lang='lat' dir='ltr'>C.</span> <span class='ocrx_word' id='word_1_3' title='bbox 1342 460 1779 528; x_wconf 87' lang='lat' dir='ltr'>VALERII</span> <span class='ocrx_word' id='word_1_4' title='bbox 1839 461 2311 528; x_wconf 83' lang='lat' dir='ltr'>CATULLI</span> 
     </span>
    </p>
   </div>
   <div class='ocr_carea' id='block_1_3' title="bbox 906 590 2674 685">
    <p class='ocr_par' dir='ltr' id='par_1_3' title="bbox 906 590 2674 685">
     <span class='ocr_line' id='line_1_3' title="bbox 906 590 2674 685; baseline 0.001 -29"><span class='ocrx_word' id='word_1_5' title='bbox 906 591 1041 677; x_wconf 87' lang='lat' dir='ltr'>Qui</span> <span class='ocrx_word' id='word_1_6' title='bbox 1083 604 1243 658; x_wconf 90' lang='lat' dir='ltr'>tune</span> <span class='ocrx_word' id='word_1_7' title='bbox 1282 606 1476 660; x_wconf 87' lang='lat' dir='ltr'>vocat</span> <span class='ocrx_word' id='word_1_8' title='bbox 1520 617 1661 678; x_wconf 91' lang='lat' dir='ltr'>me,</span> <span class='ocrx_word' id='word_1_9' title='bbox 1691 618 1895 685; x_wconf 91' lang='lat' dir='ltr'>quum</span> <span class='ocrx_word' id='word_1_10' title='bbox 1938 590 2184 660; x_wconf 82' lang='lat' dir='ltr'>malum</span> <span class='ocrx_word' id='word_1_11' title='bbox 2225 591 2383 685; x_wconf 83' lang='lat' dir='ltr'>legit</span> <span class='ocrx_word' id='word_1_12' title='bbox 2415 590 2674 659; x_wconf 90' lang='lat' dir='ltr'>librum.</span> 
     </span>
    </p>
   </div>
   <div class='ocr_carea' id='block_1_4' title="bbox 696 770 1726 1639">
    <p class='ocr_par' dir='ltr' id='par_1_4' title="bbox 696 770 1726 1639">
     <span class='ocr_line' id='line_1_4' title="bbox 783 770 1724 842; baseline 0.002 -21"><span class='ocrx_word' id='word_1_13' title='bbox 783 789 809 821; x_wconf 65' lang='grc' dir='ltr'><strong>ι</strong></span> <span class='ocrx_word' id='word_1_14' title='bbox 826 790 874 822; x_wconf 88' lang='lat'>1.</span> <span class='ocrx_word' id='word_1_15' title='bbox 910 770 1012 838; x_wconf 82' lang='lat' dir='ltr'>Qui</span> <span class='ocrx_word' id='word_1_16' title='bbox 1033 782 1143 821; x_wconf 79' lang='lat' dir='ltr'>tunc</span> <span class='ocrx_word' id='word_1_17' title='bbox 1173 790 1280 821; x_wconf 76' lang='lat' dir='ltr'>voc.</span> <span class='ocrx_word' id='word_1_18' title='bbox 1308 790 1381 822; x_wconf 87' lang='lat' dir='ltr'>me</span> <span class='ocrx_word' id='word_1_19' title='bbox 1398 811 1414 833; x_wconf 91' lang='lat'>,</span> <span class='ocrx_word' id='word_1_20' title='bbox 1439 791 1581 842; x_wconf 79' lang='lat' dir='ltr'>quum</span> <span class='ocrx_word' id='word_1_21' title='bbox 1612 774 1724 824; x_wconf 82' lang='lat' dir='ltr'>mal.</span> 
     </span>
     <span class='ocr_line' id='line_1_5' title="bbox 701 849 1724 921; baseline 0.003 -21"><span class='ocrx_word' id='word_1_22' title='bbox 701 851 794 917; x_wconf 81' lang='lat' dir='ltr'>leg.</span> <span class='ocrx_word' id='word_1_23' title='bbox 823 849 932 901; x_wconf 83' lang='lat' dir='ltr'><em>libr.</em></span> <span class='ocrx_word' id='word_1_24' title='bbox 963 869 1025 900; x_wconf 90' lang='lat' dir='ltr'>ex</span> <span class='ocrx_word' id='word_1_25' title='bbox 1062 851 1206 901; x_wconf 91' lang='lat' dir='ltr'>bono</span> <span class='ocrx_word' id='word_1_26' title='bbox 1243 851 1369 902; x_wconf 81' lang='lat' dir='ltr'>alias</span> <span class='ocrx_word' id='word_1_27' title='bbox 1400 870 1549 902; x_wconf 88' lang='lat' dir='ltr'>more</span> <span class='ocrx_word' id='word_1_28' title='bbox 1581 850 1724 921; x_wconf 80' lang='lat' dir='ltr'>apud</span> 
     </span>
     <span class='ocr_line' id='line_1_6' title="bbox 700 930 1725 995; baseline 0.003 -15"><span class='ocrx_word' id='word_1_29' title='bbox 700 931 920 982; x_wconf 82' lang='lat' dir='ltr'><strong>Veteres</strong></span> <span class='ocrx_word' id='word_1_30' title='bbox 951 930 1064 981; x_wconf 83' lang='lat' dir='ltr'>fieri</span> <span class='ocrx_word' id='word_1_31' title='bbox 1090 931 1315 995; x_wconf 80' lang='lat' dir='ltr'><strong>solebat,</strong></span> <span class='ocrx_word' id='word_1_32' title='bbox 1345 943 1402 982; x_wconf 91' lang='lat' dir='ltr'>ut</span> <span class='ocrx_word' id='word_1_33' title='bbox 1423 932 1725 984; x_wconf 74' lang='lat' dir='ltr'>convocatis</span> 
     </span>
     <span class='ocr_line' id='line_1_7' title="bbox 700 1008 1725 1062; baseline 0.002 -2"><span class='ocrx_word' id='word_1_34' title='bbox 700 1009 768 1061; x_wconf 85' lang='lat' dir='ltr'>ad</span> <span class='ocrx_word' id='word_1_35' title='bbox 813 1028 1012 1062; x_wconf 85' lang='lat' dir='ltr'>coenam</span> <span class='ocrx_word' id='word_1_36' title='bbox 1054 1010 1238 1062; x_wconf 87' lang='lat' dir='ltr'>amicis</span> <span class='ocrx_word' id='word_1_37' title='bbox 1285 1008 1469 1062; x_wconf 86' lang='lat' dir='ltr'>doctos</span> <span class='ocrx_word' id='word_1_38' title='bbox 1517 1012 1725 1062; x_wconf 86' lang='lat' dir='ltr'>labores</span> 
     </span>
     <span class='ocr_line' id='line_1_8' title="bbox 696 1090 1726 1160; baseline 0 -20"><span class='ocrx_word' id='word_1_39' title='bbox 696 1090 1076 1160; x_wconf 82' lang='lat' dir='ltr'>praelegerent,</span> <span class='ocrx_word' id='word_1_40' title='bbox 1123 1101 1205 1153; x_wconf 88' lang='lat' dir='ltr'>et,</span> <span class='ocrx_word' id='word_1_41' title='bbox 1252 1090 1559 1160; x_wconf 79' lang='lat' dir='ltr'><strong>priusquam</strong></span> <span class='ocrx_word' id='word_1_42' title='bbox 1609 1092 1726 1142; x_wconf 90' lang='lat' dir='ltr'>illos</span> 
     </span>
     <span class='ocr_line' id='line_1_9' title="bbox 696 1169 1724 1241; baseline 0.003 -22"><span class='ocrx_word' id='word_1_43' title='bbox 696 1169 899 1238; x_wconf 85' lang='lat' dir='ltr'><strong>publici</strong></span> <span class='ocrx_word' id='word_1_44' title='bbox 925 1170 1056 1237; x_wconf 84' lang='lat' dir='ltr'>juris</span> <span class='ocrx_word' id='word_1_45' title='bbox 1078 1170 1338 1233; x_wconf 82' lang='lat' dir='ltr'>facerent,</span> <span class='ocrx_word' id='word_1_46' title='bbox 1371 1189 1555 1221; x_wconf 88' lang='lat' dir='ltr'>eorum</span> <span class='ocrx_word' id='word_1_47' title='bbox 1581 1169 1724 1241; x_wconf 86' lang='lat' dir='ltr'>judi-</span> 
     </span>
     <span class='ocr_line' id='line_1_10' title="bbox 696 1248 1720 1319; baseline 0.002 -19"><span class='ocrx_word' id='word_1_48' title='bbox 696 1249 782 1300; x_wconf 90' lang='lat' dir='ltr'>cio</span> <span class='ocrx_word' id='word_1_49' title='bbox 813 1249 1159 1319; x_wconf 80' lang='lat' dir='ltr'>subjicerent3</span> <span class='ocrx_word' id='word_1_50' title='bbox 1185 1248 1275 1300; x_wconf 89' lang='lat' dir='ltr'>sed</span> <span class='ocrx_word' id='word_1_51' title='bbox 1305 1268 1410 1300; x_wconf 90' lang='lat' dir='ltr'>non</span> <span class='ocrx_word' id='word_1_52' title='bbox 1445 1268 1566 1301; x_wconf 82' lang='lat' dir='ltr'>raro</span> <span class='ocrx_word' id='word_1_53' title='bbox 1595 1250 1720 1302; x_wconf 89' lang='lat' dir='ltr'>huic</span> 
     </span>
     <span class='ocr_line' id='line_1_11' title="bbox 699 1326 1722 1398; baseline -0.001 -20"><span class='ocrx_word' id='word_1_54' title='bbox 699 1328 837 1379; x_wconf 87' lang='lat' dir='ltr'>mori</span> <span class='ocrx_word' id='word_1_55' title='bbox 890 1329 1024 1379; x_wconf 83' lang='lat' dir='ltr'>male</span> <span class='ocrx_word' id='word_1_56' title='bbox 1079 1326 1420 1398; x_wconf 80' lang='lat' dir='ltr'>indulgebant</span> <span class='ocrx_word' id='word_1_57' title='bbox 1478 1330 1722 1381; x_wconf 75' lang='lat' dir='ltr'>homines</span> 
     </span>
     <span class='ocr_line' id='line_1_12' title="bbox 698 1405 1718 1479; baseline 0.002 -22"><span class='ocrx_word' id='word_1_58' title='bbox 698 1407 875 1467; x_wconf 87' lang='lat' dir='ltr'>stulti,</span> <span class='ocrx_word' id='word_1_59' title='bbox 907 1405 1117 1458; x_wconf 81' lang='lat' dir='ltr'>laudem</span> <span class='ocrx_word' id='word_1_60' title='bbox 1147 1408 1461 1460; x_wconf 82' lang='lat' dir='ltr'>stultissimis</span> <span class='ocrx_word' id='word_1_61' title='bbox 1489 1409 1718 1479; x_wconf 86' lang='lat' dir='ltr'>scriptis,</span> 
     </span>
     <span class='ocr_line' id='line_1_13' title="bbox 697 1486 1721 1559; baseline 0.005 -23"><span class='ocrx_word' id='word_1_62' title='bbox 697 1486 890 1556; x_wconf 83' lang='lat' dir='ltr'>quibus</span> <span class='ocrx_word' id='word_1_63' title='bbox 929 1507 1034 1538; x_wconf 89' lang='lat' dir='ltr'>non</span> <span class='ocrx_word' id='word_1_64' title='bbox 1075 1506 1262 1557; x_wconf 84' lang='lat' dir='ltr'>parum</span> <span class='ocrx_word' id='word_1_65' title='bbox 1306 1489 1404 1539; x_wconf 88' lang='lat' dir='ltr'>sibi</span> <span class='ocrx_word' id='word_1_66' title='bbox 1443 1489 1721 1559; x_wconf 81' lang='lat' dir='ltr'><strong>placebant</strong></span> 
     </span>
     <span class='ocr_line' id='line_1_14' title="bbox 697 1565 1720 1639; baseline 0.004 -22"><span class='ocrx_word' id='word_1_67' title='bbox 697 1565 904 1618; x_wconf 83' lang='lat' dir='ltr'>Suffeni</span> <span class='ocrx_word' id='word_1_68' title='bbox 945 1567 1062 1632; x_wconf 79' lang='lat' dir='ltr'>isti,</span> <span class='ocrx_word' id='word_1_69' title='bbox 1100 1586 1198 1638; x_wconf 88' lang='lat' dir='ltr'>per</span> <span class='ocrx_word' id='word_1_70' title='bbox 1234 1568 1436 1621; x_wconf 84' lang='lat' dir='ltr'>oblatas</span> <span class='ocrx_word' id='word_1_71' title='bbox 1475 1569 1657 1639; x_wconf 86' lang='lat' dir='ltr'>epulas</span> <span class='ocrx_word' id='word_1_72' title='bbox 1693 1589 1720 1621; x_wconf 87' lang='lat' dir='ltr'>a</span> 
     </span>
    </p>
   </div>
   <div class='ocr_carea' id='block_1_5' title="bbox 1808 770 2833 1622">
    <p class='ocr_par' dir='ltr' id='par_1_5' title="bbox 1808 770 2833 1622">
     <span class='ocr_line' id='line_1_15' title="bbox 1814 770 2831 843; baseline -0.004 -17"><span class='ocrx_word' id='word_1_73' title='bbox 1814 772 2051 826; x_wconf 84' lang='lat' dir='ltr'>convivis</span> <span class='ocrx_word' id='word_1_74' title='bbox 2067 772 2318 843; x_wconf 79' lang='lat' dir='ltr'>paraturi.</span> <span class='ocrx_word' id='word_1_75' title='bbox 2341 771 2461 823; x_wconf 87' lang='lat' dir='ltr'>Huc</span> <span class='ocrx_word' id='word_1_76' title='bbox 2482 770 2713 842; x_wconf 79' lang='lat' dir='ltr'><strong>pertinet</strong></span> <span class='ocrx_word' id='word_1_77' title='bbox 2735 772 2831 822; x_wconf 89' lang='lat' dir='ltr'>Lu·</span> 
     </span>
     <span class='ocr_line' id='line_1_16' title="bbox 1815 850 2826 923; baseline -0.002 -19"><span class='ocrx_word' id='word_1_78' title='bbox 1815 853 1902 905; x_wconf 88' lang='lat' dir='ltr'>cil.</span> <span class='ocrx_word' id='word_1_79' title='bbox 1942 853 2123 923; x_wconf 82' lang='lat' dir='ltr'>Epigr.</span> <span class='ocrx_word' id='word_1_80' title='bbox 2156 852 2395 914; x_wconf 85' lang='lat' dir='ltr'>LXXII,</span> <span class='ocrx_word' id='word_1_81' title='bbox 2434 852 2490 902; x_wconf 89' lang='lat' dir='ltr'>in</span> <span class='ocrx_word' id='word_1_82' title='bbox 2525 850 2681 903; x_wconf 80' lang='lat' dir='ltr'>Anal.</span> <span class='ocrx_word' id='word_1_83' title='bbox 2713 853 2826 902; x_wconf 89' lang='lat' dir='ltr'>Vet.</span> 
     </span>
     <span class='ocr_line' id='line_1_17' title="bbox 1814 931 2829 1001; baseline -0.003 -17"><span class='ocrx_word' id='word_1_84' title='bbox 1814 933 1962 984; x_wconf 88' lang='lat' dir='ltr'>Poet.</span> <span class='ocrx_word' id='word_1_85' title='bbox 1988 932 2159 985; x_wconf 81' lang='lat' dir='ltr'>Graec.</span> <span class='ocrx_word' id='word_1_86' title='bbox 2182 932 2415 982; x_wconf 81' lang='lat' dir='ltr'>Brunck.</span> <span class='ocrx_word' id='word_1_87' title='bbox 2435 931 2500 982; x_wconf 87' lang='lat' dir='ltr'>T.</span> <span class='ocrx_word' id='word_1_88' title='bbox 2526 931 2598 993; x_wconf 87' lang='grc' dir='ltr'>ΙΙ,</span> <span class='ocrx_word' id='word_1_89' title='bbox 2623 950 2675 1001; x_wconf 92' lang='lat' dir='ltr'>p.</span> <span class='ocrx_word' id='word_1_90' title='bbox 2699 931 2829 983; x_wconf 82' lang='lat'>331:</span> 
     </span>
     <span class='ocr_line' id='line_1_18' title="bbox 1822 1011 2828 1080; baseline -0.003 -17"><span class='ocrx_word' id='word_1_91' title='bbox 1822 1014 2081 1071; x_wconf 68' lang='grc' dir='ltr'>ιΠοιητής</span> <span class='ocrx_word' id='word_1_92' title='bbox 2123 1012 2426 1080; x_wconf 74' lang='grc' dir='ltr'>πανάριστος</span> <span class='ocrx_word' id='word_1_93' title='bbox 2475 1011 2659 1070; x_wconf 73' lang='grc' dir='ltr'>ἀληθῶς</span> <span class='ocrx_word' id='word_1_94' title='bbox 2705 1013 2828 1062; x_wconf 73' lang='grc' dir='ltr'>ἐστιν</span> 
     </span>
     <span class='ocr_line' id='line_1_19' title="bbox 1815 1081 2830 1159; baseline -0.001 -16"><span class='ocrx_word' id='word_1_95' title='bbox 1815 1094 2020 1154; x_wconf 79' lang='grc' dir='ltr'>ἐκεῖνος,</span> <span class='ocrx_word' id='word_1_96' title='bbox 2054 1081 2205 1150; x_wconf 80' lang='grc' dir='ltr'>ὀστις</span> <span class='ocrx_word' id='word_1_97' title='bbox 2238 1086 2473 1149; x_wconf 72' lang='grc' dir='ltr'>δειπνίζει</span> <span class='ocrx_word' id='word_1_98' title='bbox 2506 1090 2617 1149; x_wconf 78' lang='grc' dir='ltr'>τοὺς</span> <span class='ocrx_word' id='word_1_99' title='bbox 2657 1091 2830 1159; x_wconf 64' lang='grc' dir='ltr'>ἀκροα-</span> 
     </span>
     <span class='ocr_line' id='line_1_20' title="bbox 1814 1161 2830 1240; baseline 0.001 -17"><span class='ocrx_word' id='word_1_100' title='bbox 1814 1174 2051 1240; x_wconf 78' lang='grc' dir='ltr'>σαμένους</span> <span class='ocrx_word' id='word_1_101' title='bbox 2074 1194 2085 1205; x_wconf 84' lang='grc'><em>·</em></span> <span class='ocrx_word' id='word_1_102' title='bbox 2109 1161 2177 1222; x_wconf 69' lang='lat' dir='ltr'>siv</span> <span class='ocrx_word' id='word_1_103' title='bbox 2203 1165 2255 1220; x_wconf 72' lang='grc' dir='ltr'>δ’</span> <span class='ocrx_word' id='word_1_104' title='bbox 2278 1170 2590 1238; x_wconf 76' lang='grc' dir='ltr'>ἀναγινώσκῃ</span> <span class='ocrx_word' id='word_1_105' title='bbox 2607 1209 2621 1233; x_wconf 89' lang='grc'>,</span> <span class='ocrx_word' id='word_1_106' title='bbox 2647 1172 2735 1221; x_wconf 72' lang='grc' dir='ltr'>καὶ</span> <span class='ocrx_word' id='word_1_107' title='bbox 2754 1171 2830 1224; x_wconf 68' lang='lat' dir='ltr'>vvi-</span> 
     </span>
     <span class='ocr_line' id='line_1_21' title="bbox 1815 1246 2831 1318; baseline -0.002 -16"><span class='ocrx_word' id='word_1_108' title='bbox 1815 1271 1956 1310; x_wconf 70' lang='grc' dir='ltr'>στιας</span> <span class='ocrx_word' id='word_1_109' title='bbox 1989 1246 2159 1302; x_wconf 55' lang='lat' dir='ltr'>ciza&amp;</span> <span class='ocrx_word' id='word_1_110' title='bbox 2199 1253 2376 1318; x_wconf 81' lang='grc' dir='ltr'>πέμπῃ</span> <span class='ocrx_word' id='word_1_111' title='bbox 2397 1287 2414 1313; x_wconf 86' lang='lat'>,</span> <span class='ocrx_word' id='word_1_112' title='bbox 2442 1251 2524 1309; x_wconf 78' lang='grc' dir='ltr'>Εἰς</span> <span class='ocrx_word' id='word_1_113' title='bbox 2559 1250 2706 1301; x_wconf 76' lang='grc' dir='ltr'>αὑτὸν</span> <span class='ocrx_word' id='word_1_114' title='bbox 2731 1270 2831 1318; x_wconf 74' lang='grc' dir='ltr'>τρι·</span> 
     </span>
     <span class='ocr_line' id='line_1_22' title="bbox 1809 1326 2831 1394; baseline -0.002 -12"><span class='ocrx_word' id='word_1_115' title='bbox 1809 1333 1946 1382; x_wconf 77' lang='grc' dir='ltr'><strong><em>πέτω</em></strong></span> <span class='ocrx_word' id='word_1_116' title='bbox 1984 1333 2071 1388; x_wconf 70' lang='grc' dir='ltr'>τὴν</span> <span class='ocrx_word' id='word_1_117' title='bbox 2113 1326 2241 1384; x_wconf 71' lang='grc' dir='ltr'>ἰδίην</span> <span class='ocrx_word' id='word_1_118' title='bbox 2279 1331 2475 1394; x_wconf 65' lang='grc' dir='ltr'>μανίην.</span> <span class='ocrx_word' id='word_1_119' title='bbox 2498 1355 2518 1374; x_wconf 78' lang='grc' dir='ltr'>ι·</span> <span class='ocrx_word' id='word_1_120' title='bbox 2567 1329 2647 1379; x_wconf 90' lang='lat' dir='ltr'>De</span> <span class='ocrx_word' id='word_1_121' title='bbox 2676 1331 2831 1380; x_wconf 79' lang='lat' dir='ltr'>verbo</span> 
     </span>
     <span class='ocr_line' id='line_1_23' title="bbox 1808 1407 2830 1480; baseline -0.002 -20"><span class='ocrx_word' id='word_1_122' title='bbox 1808 1430 1983 1460; x_wconf 78' lang='lat' dir='ltr'>vocare</span> <span class='ocrx_word' id='word_1_123' title='bbox 2021 1430 2119 1480; x_wconf 88' lang='lat' dir='ltr'>pro</span> <span class='ocrx_word' id='word_1_124' title='bbox 2162 1413 2363 1460; x_wconf 64' lang='lat' dir='ltr'>invitate</span> <span class='ocrx_word' id='word_1_125' title='bbox 2402 1407 2514 1460; x_wconf 83' lang='lat' dir='ltr'>vid.</span> <span class='ocrx_word' id='word_1_126' title='bbox 2554 1407 2621 1460; x_wconf 78' lang='lat' dir='ltr'>ad</span> <span class='ocrx_word' id='word_1_127' title='bbox 2658 1410 2830 1462; x_wconf 80' lang='lat' dir='ltr'>Carm.</span> 
     </span>
     <span class='ocr_line' id='line_1_24' title="bbox 1812 1487 2833 1558; baseline -0.001 -17"><span class='ocrx_word' id='word_1_128' title='bbox 1812 1491 2051 1554; x_wconf 84' lang='lat' dir='ltr'><strong>XLVII,</strong></span> <span class='ocrx_word' id='word_1_129' title='bbox 2089 1509 2119 1558; x_wconf 92' lang='lat'><strong><em>7</em></strong></span> <span class='ocrx_word' id='word_1_130' title='bbox 2152 1507 2165 1541; x_wconf 87' lang='lat'>:</span> <span class='ocrx_word' id='word_1_131' title='bbox 2214 1515 2237 1536; x_wconf 77' lang='grc' dir='ltr'>ι</span> <span class='ocrx_word' id='word_1_132' title='bbox 2264 1489 2523 1554; x_wconf 83' lang='lat' dir='ltr'>Quaerunt</span> <span class='ocrx_word' id='word_1_133' title='bbox 2570 1487 2625 1540; x_wconf 88' lang='lat' dir='ltr'>in</span> <span class='ocrx_word' id='word_1_134' title='bbox 2672 1488 2833 1541; x_wconf 79' lang='lat' dir='ltr'>triviis</span> 
     </span>
     <span class='ocr_line' id='line_1_25' title="bbox 1811 1571 2171 1622; baseline 0 -2"><span class='ocrx_word' id='word_1_135' title='bbox 1811 1571 2125 1622; x_wconf 77' lang='lat' dir='ltr'>vocationes.</span> <span class='ocrx_word' id='word_1_136' title='bbox 2151 1596 2171 1614; x_wconf 83' lang='lat'>.</span> 
     </span>
    </p>
   </div>
   <div class='ocr_carea' id='block_1_6' title="bbox 1315 1786 2192 1875">
    <p class='ocr_par' dir='ltr' id='par_1_6' title="bbox 1315 1786 2192 1875">
     <span class='ocr_line' id='line_1_26' title="bbox 1315 1786 2192 1875; baseline 0.001 -1"><span class='ocrx_word' id='word_1_137' title='bbox 1315 1786 1850 1874; x_wconf 85' lang='lat' dir='ltr'>CARMEN</span> <span class='ocrx_word' id='word_1_138' title='bbox 1913 1788 2192 1875; x_wconf 89' lang='lat' dir='ltr'><strong>XLV.</strong></span> 
     </span>
    </p>
   </div>
   <div class='ocr_carea' id='block_1_7' title="bbox 1229 2022 2306 2068">
    <p class='ocr_par' dir='ltr' id='par_1_7' title="bbox 1229 2022 2306 2068">
     <span class='ocr_line' id='line_1_27' title="bbox 1229 2022 2306 2068; baseline -0.002 -1"><span class='ocrx_word' id='word_1_139' title='bbox 1229 2024 1332 2067; x_wconf 78' lang='lat' dir='ltr'>DE</span> <span class='ocrx_word' id='word_1_140' title='bbox 1403 2023 1633 2068; x_wconf 77' lang='lat' dir='ltr'>ACMF.</span> <span class='ocrx_word' id='word_1_141' title='bbox 1703 2024 1802 2067; x_wconf 87' lang='grc' dir='ltr'>ΕΤ</span> <span class='ocrx_word' id='word_1_142' title='bbox 1858 2022 2306 2068; x_wconf 78' lang='grc' dir='ltr'><strong>8ΕΡΤΙΜΙΟ.</strong></span> 
     </span>
    </p>
   </div>
   <div class='ocr_carea' id='block_1_8' title="bbox 1011 2209 2834 2729">
    <p class='ocr_par' dir='ltr' id='par_1_8' title="bbox 1015 2209 2253 2303">
     <span class='ocr_line' id='line_1_28' title="bbox 1015 2209 2253 2303; baseline -0.001 -27"><span class='ocrx_word' id='word_1_143' title='bbox 1015 2211 1276 2277; x_wconf 64' lang='lat' dir='ltr'>Acmen</span> <span class='ocrx_word' id='word_1_144' title='bbox 1323 2209 1719 2303; x_wconf 84' lang='lat' dir='ltr'>Septimius,</span> <span class='ocrx_word' id='word_1_145' title='bbox 1761 2233 1915 2276; x_wconf 88' lang='lat' dir='ltr'>suos</span> <span class='ocrx_word' id='word_1_146' title='bbox 1953 2232 2253 2293; x_wconf 78' lang='lat' dir='ltr'>amoreS,</span> 
     </span>
    </p>

    <p class='ocr_par' dir='ltr' id='par_1_9' title="bbox 1011 2316 2490 2408">
     <span class='ocr_line' id='line_1_29' title="bbox 1011 2316 2490 2408; baseline -0.001 -26"><span class='ocrx_word' id='word_1_147' title='bbox 1011 2318 1269 2382; x_wconf 87' lang='lat' dir='ltr'>Tenens</span> <span class='ocrx_word' id='word_1_148' title='bbox 1308 2318 1372 2382; x_wconf 89' lang='lat' dir='ltr'>in</span> <span class='ocrx_word' id='word_1_149' title='bbox 1409 2317 1698 2408; x_wconf 82' lang='lat' dir='ltr'>gremiO,</span> <span class='ocrx_word' id='word_1_150' title='bbox 1734 2318 1923 2401; x_wconf 86' lang='lat' dir='ltr'>Mea,</span> <span class='ocrx_word' id='word_1_151' title='bbox 1961 2316 2207 2407; x_wconf 89' lang='lat' dir='ltr'>inquit,</span> <span class='ocrx_word' id='word_1_152' title='bbox 2248 2318 2490 2398; x_wconf 82' lang='lat' dir='ltr'>Acme,</span> 
     </span>
    </p>

    <p class='ocr_par' dir='ltr' id='par_1_10' title="bbox 1012 2421 2480 2515">
     <span class='ocr_line' id='line_1_30' title="bbox 1012 2421 2480 2515; baseline -0.001 -26"><span class='ocrx_word' id='word_1_153' title='bbox 1012 2423 1099 2489; x_wconf 90' lang='lat' dir='ltr'>Ni</span> <span class='ocrx_word' id='word_1_154' title='bbox 1141 2436 1205 2489; x_wconf 86' lang='lat' dir='ltr'>te</span> <span class='ocrx_word' id='word_1_155' title='bbox 1246 2421 1503 2515; x_wconf 86' lang='lat' dir='ltr'>perdite</span> <span class='ocrx_word' id='word_1_156' title='bbox 1547 2446 1733 2507; x_wconf 85' lang='lat' dir='ltr'>amo,</span> <span class='ocrx_word' id='word_1_157' title='bbox 1774 2436 1972 2515; x_wconf 81' lang='lat' dir='ltr'>atque</span> <span class='ocrx_word' id='word_1_158' title='bbox 2013 2445 2236 2490; x_wconf 83' lang='lat' dir='ltr'>amare</span> <span class='ocrx_word' id='word_1_159' title='bbox 2275 2445 2480 2515; x_wconf 91' lang='lat' dir='ltr'>porro</span> 
     </span>
    </p>

    <p class='ocr_par' dir='ltr' id='par_1_11' title="bbox 1014 2529 2360 2622">
     <span class='ocr_line' id='line_1_31' title="bbox 1014 2529 2360 2622; baseline 0.001 -28"><span class='ocrx_word' id='word_1_160' title='bbox 1014 2531 1267 2594; x_wconf 83' lang='lat' dir='ltr'>Omnes</span> <span class='ocrx_word' id='word_1_161' title='bbox 1313 2554 1455 2595; x_wconf 89' lang='lat' dir='ltr'>sum</span> <span class='ocrx_word' id='word_1_162' title='bbox 1502 2529 1762 2596; x_wconf 83' lang='lat' dir='ltr'>assidue</span> <span class='ocrx_word' id='word_1_163' title='bbox 1810 2544 2080 2622; x_wconf 84' lang='lat' dir='ltr'>paratus</span> <span class='ocrx_word' id='word_1_164' title='bbox 2117 2554 2360 2613; x_wconf 79' lang='lat' dir='ltr'>annOS,</span> 
     </span>
    </p>

    <p class='ocr_par' dir='ltr' id='par_1_12' title="bbox 1015 2634 2834 2729">
     <span class='ocr_line' id='line_1_32' title="bbox 1015 2634 2834 2729; baseline -0.001 -30"><span class='ocrx_word' id='word_1_165' title='bbox 1015 2637 1361 2721; x_wconf 84' lang='lat' dir='ltr'>Quantum</span> <span class='ocrx_word' id='word_1_166' title='bbox 1395 2636 1507 2726; x_wconf 92' lang='lat' dir='ltr'>qui</span> <span class='ocrx_word' id='word_1_167' title='bbox 1541 2651 1696 2729; x_wconf 88' lang='lat' dir='ltr'>pote</span> <span class='ocrx_word' id='word_1_168' title='bbox 1729 2634 2087 2729; x_wconf 89' lang='lat' dir='ltr'>plurimum</span> <span class='ocrx_word' id='word_1_169' title='bbox 2130 2636 2382 2729; x_wconf 81' lang='lat' dir='ltr'>perire3</span> <span class='ocrx_word' id='word_1_170' title='bbox 2816 2662 2834 2698; x_wconf 82' lang='lat' dir='ltr'>s</span> 
     </span>
    </p>
   </div>
   <div class='ocr_carea' id='block_1_9' title="bbox 681 2834 1720 4175">
    <p class='ocr_par' dir='ltr' id='par_1_13' title="bbox 681 2834 1720 4175">
     <span class='ocr_line' id='line_1_33' title="bbox 778 2834 1716 2886; baseline 0.002 -4"><span class='ocrx_word' id='word_1_171' title='bbox 778 2834 918 2883; x_wconf 74' lang='lat' dir='ltr'>Ana.</span> <span class='ocrx_word' id='word_1_172' title='bbox 949 2834 1203 2886; x_wconf 83' lang='lat' dir='ltr'>Versatur</span> <span class='ocrx_word' id='word_1_173' title='bbox 1242 2834 1348 2886; x_wconf 85' lang='lat' dir='ltr'>hoc</span> <span class='ocrx_word' id='word_1_174' title='bbox 1395 2852 1606 2885; x_wconf 82' lang='lat' dir='ltr'>carmen</span> <span class='ocrx_word' id='word_1_175' title='bbox 1662 2835 1716 2884; x_wconf 90' lang='lat' dir='ltr'>in</span> 
     </span>
     <span class='ocr_line' id='line_1_34' title="bbox 696 2913 1719 2986; baseline -0.003 -21"><span class='ocrx_word' id='word_1_176' title='bbox 696 2913 1075 2966; x_wconf 80' lang='lat' dir='ltr'>ferventissimo</span> <span class='ocrx_word' id='word_1_177' title='bbox 1132 2914 1372 2986; x_wconf 85' lang='lat' dir='ltr'>Septimii</span> <span class='ocrx_word' id='word_1_178' title='bbox 1428 2927 1478 2965; x_wconf 90' lang='lat' dir='ltr'>et</span> <span class='ocrx_word' id='word_1_179' title='bbox 1534 2915 1719 2965; x_wconf 83' lang='lat' dir='ltr'>Acmes</span> 
     </span>
     <span class='ocr_line' id='line_1_35' title="bbox 692 2992 1716 3057; baseline -0.004 -11"><span class='ocrx_word' id='word_1_180' title='bbox 692 2992 1039 3046; x_wconf 85' lang='lat' dir='ltr'>describendo</span> <span class='ocrx_word' id='word_1_181' title='bbox 1069 3012 1279 3057; x_wconf 81' lang='lat' dir='ltr'>amore,</span> <span class='ocrx_word' id='word_1_182' title='bbox 1314 3007 1363 3045; x_wconf 85' lang='lat' dir='ltr'>et</span> <span class='ocrx_word' id='word_1_183' title='bbox 1398 2992 1716 3046; x_wconf 77' lang='lat' dir='ltr'>declarando</span> 
     </span>
     <span class='ocr_line' id='line_1_36' title="bbox 694 3073 1720 3141; baseline -0.003 -16"><span class='ocrx_word' id='word_1_184' title='bbox 694 3073 884 3134; x_wconf 88' lang='lat' dir='ltr'>modo,</span> <span class='ocrx_word' id='word_1_185' title='bbox 902 3091 1007 3141; x_wconf 89' lang='lat' dir='ltr'>quo</span> <span class='ocrx_word' id='word_1_186' title='bbox 1033 3073 1365 3124; x_wconf 85' lang='lat' dir='ltr'>mollissimos</span> <span class='ocrx_word' id='word_1_187' title='bbox 1390 3074 1585 3124; x_wconf 85' lang='lat' dir='ltr'>amoris</span> <span class='ocrx_word' id='word_1_188' title='bbox 1610 3091 1720 3123; x_wconf 85' lang='lat' dir='ltr'>seu·</span> 
     </span>
     <span class='ocr_line' id='line_1_37' title="bbox 692 3152 1715 3224; baseline -0.004 -19"><span class='ocrx_word' id='word_1_189' title='bbox 692 3175 779 3205; x_wconf 85' lang='lat' dir='ltr'>sus</span> <span class='ocrx_word' id='word_1_190' title='bbox 805 3152 1030 3205; x_wconf 83' lang='lat' dir='ltr'>invicem</span> <span class='ocrx_word' id='word_1_191' title='bbox 1053 3154 1151 3203; x_wconf 86' lang='lat' dir='ltr'>sibi</span> <span class='ocrx_word' id='word_1_192' title='bbox 1175 3154 1528 3224; x_wconf 80' lang='lat' dir='ltr'>patefecerint.</span> <span class='ocrx_word' id='word_1_193' title='bbox 1548 3153 1715 3222; x_wconf 84' lang='lat' dir='ltr'>Septi-</span> 
     </span>
     <span class='ocr_line' id='line_1_38' title="bbox 691 3233 1715 3303; baseline -0.004 -18"><span class='ocrx_word' id='word_1_194' title='bbox 691 3235 830 3285; x_wconf 86' lang='lat' dir='ltr'>mius</span> <span class='ocrx_word' id='word_1_195' title='bbox 875 3236 1073 3282; x_wconf 83' lang='lat' dir='ltr'>Acmen</span> <span class='ocrx_word' id='word_1_196' title='bbox 1116 3252 1260 3283; x_wconf 84' lang='lat' dir='ltr'>suam</span> <span class='ocrx_word' id='word_1_197' title='bbox 1303 3234 1356 3284; x_wconf 90' lang='lat' dir='ltr'>in</span> <span class='ocrx_word' id='word_1_198' title='bbox 1400 3233 1602 3303; x_wconf 85' lang='lat' dir='ltr'>gremio</span> <span class='ocrx_word' id='word_1_199' title='bbox 1640 3244 1715 3281; x_wconf 88' lang='lat' dir='ltr'>te-</span> 
     </span>
     <span class='ocr_line' id='line_1_39' title="bbox 684 3311 1713 3381; baseline -0.003 -18"><span class='ocrx_word' id='word_1_200' title='bbox 684 3331 851 3372; x_wconf 88' lang='lat' dir='ltr'>nens,</span> <span class='ocrx_word' id='word_1_201' title='bbox 900 3331 1164 3362; x_wconf 87' lang='lat' dir='ltr'>summum</span> <span class='ocrx_word' id='word_1_202' title='bbox 1190 3351 1204 3375; x_wconf 93' lang='lat'>,</span> <span class='ocrx_word' id='word_1_203' title='bbox 1247 3331 1355 3381; x_wconf 89' lang='lat' dir='ltr'>quo</span> <span class='ocrx_word' id='word_1_204' title='bbox 1402 3332 1525 3380; x_wconf 80' lang='lat' dir='ltr'>erga</span> <span class='ocrx_word' id='word_1_205' title='bbox 1571 3311 1713 3361; x_wconf 85' lang='lat' dir='ltr'>illam</span> 
     </span>
     <span class='ocr_line' id='line_1_40' title="bbox 688 3390 1712 3460; baseline 0 -18"><span class='ocrx_word' id='word_1_206' title='bbox 688 3391 870 3460; x_wconf 83' lang='lat' dir='ltr'>flagrat</span> <span class='ocrx_word' id='word_1_207' title='bbox 914 3408 1225 3460; x_wconf 81' lang='lat' dir='ltr'>semperque</span> <span class='ocrx_word' id='word_1_208' title='bbox 1264 3391 1576 3459; x_wconf 82' lang='lat' dir='ltr'>flagraturus</span> <span class='ocrx_word' id='word_1_209' title='bbox 1621 3390 1712 3451; x_wconf 84' lang='lat' dir='ltr'>sit,</span> 
     </span>
     <span class='ocr_line' id='line_1_41' title="bbox 688 3468 1713 3540; baseline -0.003 -17"><span class='ocrx_word' id='word_1_210' title='bbox 688 3471 884 3523; x_wconf 83' lang='lat' dir='ltr'>amoris</span> <span class='ocrx_word' id='word_1_211' title='bbox 945 3469 1192 3520; x_wconf 85' lang='lat' dir='ltr'>ardorem</span> <span class='ocrx_word' id='word_1_212' title='bbox 1251 3482 1520 3540; x_wconf 67' lang='lat' dir='ltr'>perpetuae</span> <span class='ocrx_word' id='word_1_213' title='bbox 1587 3468 1713 3520; x_wconf 79' lang='lat' dir='ltr'>fidei</span> 
     </span>
     <span class='ocr_line' id='line_1_42' title="bbox 690 3550 1711 3619; baseline -0.003 -17"><span class='ocrx_word' id='word_1_214' title='bbox 690 3550 1031 3602; x_wconf 80' lang='lat' dir='ltr'>obtestatione</span> <span class='ocrx_word' id='word_1_215' title='bbox 1051 3550 1269 3619; x_wconf 84' lang='lat' dir='ltr'>exponit</span> <span class='ocrx_word' id='word_1_216' title='bbox 1286 3551 1539 3619; x_wconf 88' lang='lat' dir='ltr'>primum;</span> <span class='ocrx_word' id='word_1_217' title='bbox 1554 3568 1711 3619; x_wconf 88' lang='lat' dir='ltr'>quem</span> 
     </span>
     <span class='ocr_line' id='line_1_43' title="bbox 685 3627 1712 3699; baseline -0.003 -17"><span class='ocrx_word' id='word_1_218' title='bbox 685 3628 881 3682; x_wconf 81' lang='lat' dir='ltr'>blande</span> <span class='ocrx_word' id='word_1_219' title='bbox 923 3627 1116 3681; x_wconf 88' lang='lat' dir='ltr'>deinde</span> <span class='ocrx_word' id='word_1_220' title='bbox 1155 3630 1351 3699; x_wconf 83' lang='lat' dir='ltr'>excipit</span> <span class='ocrx_word' id='word_1_221' title='bbox 1381 3631 1543 3679; x_wconf 84' lang='lat' dir='ltr'>Acme</span> <span class='ocrx_word' id='word_1_222' title='bbox 1568 3627 1712 3679; x_wconf 87' lang='lat' dir='ltr'>dulci</span> 
     </span>
     <span class='ocr_line' id='line_1_44' title="bbox 686 3708 1714 3773; baseline -0.002 -13"><span class='ocrx_word' id='word_1_223' title='bbox 686 3710 898 3773; x_wconf 88' lang='lat' dir='ltr'>osculo,</span> <span class='ocrx_word' id='word_1_224' title='bbox 938 3720 986 3758; x_wconf 89' lang='lat' dir='ltr'>et</span> <span class='ocrx_word' id='word_1_225' title='bbox 1020 3710 1186 3758; x_wconf 86' lang='lat' dir='ltr'>multo</span> <span class='ocrx_word' id='word_1_226' title='bbox 1227 3708 1714 3772; x_wconf 82' lang='lat' dir='ltr'>vehementiorem,</span> 
     </span>
     <span class='ocr_line' id='line_1_45' title="bbox 684 3788 1706 3858; baseline -0.003 -18"><span class='ocrx_word' id='word_1_227' title='bbox 684 3807 792 3858; x_wconf 88' lang='lat' dir='ltr'>quo</span> <span class='ocrx_word' id='word_1_228' title='bbox 824 3800 1111 3853; x_wconf 80' lang='lat' dir='ltr'>torreatur,</span> <span class='ocrx_word' id='word_1_229' title='bbox 1141 3807 1265 3857; x_wconf 81' lang='lat' dir='ltr'>erga</span> <span class='ocrx_word' id='word_1_230' title='bbox 1288 3788 1439 3838; x_wconf 87' lang='lat' dir='ltr'>illum</span> <span class='ocrx_word' id='word_1_231' title='bbox 1470 3806 1706 3839; x_wconf 86' lang='lat' dir='ltr'>amorem</span> 
     </span>
     <span class='ocr_line' id='line_1_46' title="bbox 681 3867 1709 3937; baseline -0.001 -19"><span class='ocrx_word' id='word_1_232' title='bbox 681 3867 846 3919; x_wconf 88' lang='lat' dir='ltr'>libere</span> <span class='ocrx_word' id='word_1_233' title='bbox 875 3868 1000 3919; x_wconf 85' lang='lat' dir='ltr'>fassa</span> <span class='ocrx_word' id='word_1_234' title='bbox 1026 3868 1296 3937; x_wconf 82' lang='lat' dir='ltr'>propriam</span> <span class='ocrx_word' id='word_1_235' title='bbox 1322 3886 1374 3918; x_wconf 87' lang='lat' dir='ltr'>se</span> <span class='ocrx_word' id='word_1_236' title='bbox 1397 3867 1469 3917; x_wconf 86' lang='lat' dir='ltr'>illi</span> <span class='ocrx_word' id='word_1_237' title='bbox 1501 3886 1594 3936; x_wconf 88' lang='lat' dir='ltr'>per</span> <span class='ocrx_word' id='word_1_238' title='bbox 1629 3880 1709 3917; x_wconf 90' lang='lat' dir='ltr'>to·</span> 
     </span>
     <span class='ocr_line' id='line_1_47' title="bbox 681 3944 1711 4009; baseline -0.001 -11"><span class='ocrx_word' id='word_1_239' title='bbox 681 3960 785 3998; x_wconf 81' lang='lat' dir='ltr'>tam</span> <span class='ocrx_word' id='word_1_240' title='bbox 807 3948 971 3998; x_wconf 81' lang='lat' dir='ltr'>vitam</span> <span class='ocrx_word' id='word_1_241' title='bbox 992 3944 1352 3999; x_wconf 81' lang='lat' dir='ltr'>dicat.—Sed</span> <span class='ocrx_word' id='word_1_242' title='bbox 1370 3947 1493 3997; x_wconf 87' lang='lat' dir='ltr'>huic</span> <span class='ocrx_word' id='word_1_243' title='bbox 1514 3948 1711 4009; x_wconf 84' lang='lat' dir='ltr'>amori,</span> 
     </span>
     <span class='ocr_line' id='line_1_48' title="bbox 685 4024 1712 4078; baseline 0 -1"><span class='ocrx_word' id='word_1_244' title='bbox 685 4027 772 4078; x_wconf 90' lang='lat' dir='ltr'>cui</span> <span class='ocrx_word' id='word_1_245' title='bbox 801 4044 944 4078; x_wconf 89' lang='lat' dir='ltr'>nunc</span> <span class='ocrx_word' id='word_1_246' title='bbox 972 4025 1188 4078; x_wconf 89' lang='lat' dir='ltr'>demum</span> <span class='ocrx_word' id='word_1_247' title='bbox 1219 4029 1387 4078; x_wconf 79' lang='lat' dir='ltr'>Amor</span> <span class='ocrx_word' id='word_1_248' title='bbox 1411 4024 1596 4078; x_wconf 82' lang='lat' dir='ltr'>dexter</span> <span class='ocrx_word' id='word_1_249' title='bbox 1617 4025 1712 4078; x_wconf 85' lang='lat' dir='ltr'>ad-</span> 
     </span>
     <span class='ocr_line' id='line_1_49' title="bbox 687 4105 1715 4175; baseline 0.001 -19"><span class='ocrx_word' id='word_1_250' title='bbox 687 4106 908 4175; x_wconf 83' lang='lat' dir='ltr'>spirasse</span> <span class='ocrx_word' id='word_1_251' title='bbox 932 4105 1127 4158; x_wconf 89' lang='lat' dir='ltr'>dicitur</span> <span class='ocrx_word' id='word_1_252' title='bbox 1143 4147 1157 4171; x_wconf 93' lang='lat'>,</span> <span class='ocrx_word' id='word_1_253' title='bbox 1177 4125 1228 4159; x_wconf 84' lang='lat' dir='ltr'>v.</span> <span class='ocrx_word' id='word_1_254' title='bbox 1246 4109 1278 4160; x_wconf 88' lang='lat'>8</span> <span class='ocrx_word' id='word_1_255' title='bbox 1295 4146 1310 4170; x_wconf 94' lang='lat'>,</span> <span class='ocrx_word' id='word_1_256' title='bbox 1331 4126 1364 4175; x_wconf 91' lang='lat'><strong>9</strong></span> <span class='ocrx_word' id='word_1_257' title='bbox 1384 4144 1398 4171; x_wconf 89' lang='lat'>,</span> <span class='ocrx_word' id='word_1_258' title='bbox 1423 4119 1475 4156; x_wconf 90' lang='lat' dir='ltr'>et</span> <span class='ocrx_word' id='word_1_259' title='bbox 1507 4123 1594 4174; x_wconf 88' lang='lat'>17,</span> <span class='ocrx_word' id='word_1_260' title='bbox 1626 4108 1715 4169; x_wconf 83' lang='lat'>18,</span> 
     </span>
    </p>
   </div>
   <div class='ocr_carea' id='block_1_10' title="bbox 1800 2832 2836 4178">
    <p class='ocr_par' dir='ltr' id='par_1_14' title="bbox 1800 2832 2836 3698">
     <span class='ocr_line' id='line_1_50' title="bbox 1808 2832 2836 2905; baseline 0.002 -21"><span class='ocrx_word' id='word_1_261' title='bbox 1808 2853 1915 2884; x_wconf 89' lang='lat' dir='ltr'>non</span> <span class='ocrx_word' id='word_1_262' title='bbox 1940 2833 2268 2905; x_wconf 78' lang='lat' dir='ltr'>respondisse</span> <span class='ocrx_word' id='word_1_263' title='bbox 2292 2847 2440 2886; x_wconf 82' lang='lat' dir='ltr'>antea</span> <span class='ocrx_word' id='word_1_264' title='bbox 2463 2832 2685 2886; x_wconf 84' lang='lat' dir='ltr'>videtur</span> <span class='ocrx_word' id='word_1_265' title='bbox 2702 2846 2836 2905; x_wconf 78' lang='lat' dir='ltr'>opta·</span> 
     </span>
     <span class='ocr_line' id='line_1_51' title="bbox 1807 2914 2830 2984; baseline -0.001 -21"><span class='ocrx_word' id='word_1_266' title='bbox 1807 2926 1889 2964; x_wconf 84' lang='lat' dir='ltr'>tus</span> <span class='ocrx_word' id='word_1_267' title='bbox 1917 2932 2212 2977; x_wconf 85' lang='lat' dir='ltr'>successus,</span> <span class='ocrx_word' id='word_1_268' title='bbox 2242 2914 2349 2964; x_wconf 83' lang='lat' dir='ltr'>sive</span> <span class='ocrx_word' id='word_1_269' title='bbox 2381 2931 2569 2984; x_wconf 83' lang='lat' dir='ltr'>aspera</span> <span class='ocrx_word' id='word_1_270' title='bbox 2603 2915 2830 2984; x_wconf 87' lang='lat' dir='ltr'>primum</span> 
     </span>
     <span class='ocr_line' id='line_1_52' title="bbox 1805 2992 2833 3063; baseline 0 -20"><span class='ocrx_word' id='word_1_271' title='bbox 1805 2993 1963 3044; x_wconf 84' lang='lat' dir='ltr'>fuerit</span> <span class='ocrx_word' id='word_1_272' title='bbox 1992 2996 2154 3044; x_wconf 87' lang='lat' dir='ltr'>Acme</span> <span class='ocrx_word' id='word_1_273' title='bbox 2170 3031 2183 3055; x_wconf 88' lang='lat'>‚</span> <span class='ocrx_word' id='word_1_274' title='bbox 2202 2994 2308 3044; x_wconf 84' lang='lat' dir='ltr'>sive</span> <span class='ocrx_word' id='word_1_275' title='bbox 2333 2994 2431 3044; x_wconf 79' lang='lat' dir='ltr'>alia</span> <span class='ocrx_word' id='word_1_276' title='bbox 2457 2992 2833 3063; x_wconf 80' lang='lat' dir='ltr'>impedimenta</span> 
     </span>
     <span class='ocr_line' id='line_1_53' title="bbox 1803 3072 2833 3141; baseline -0.001 -19"><span class='ocrx_word' id='word_1_277' title='bbox 1803 3073 1972 3123; x_wconf 84' lang='lat' dir='ltr'>amori</span> <span class='ocrx_word' id='word_1_278' title='bbox 1995 3074 2197 3141; x_wconf 87' lang='lat' dir='ltr'>objecta</span> <span class='ocrx_word' id='word_1_279' title='bbox 2221 3073 2437 3125; x_wconf 81' lang='lat' dir='ltr'>suerint.</span> <span class='ocrx_word' id='word_1_280' title='bbox 2457 3074 2729 3125; x_wconf 78' lang='lat' dir='ltr'>Caeterum</span> <span class='ocrx_word' id='word_1_281' title='bbox 2749 3072 2833 3122; x_wconf 90' lang='lat' dir='ltr'>mi·</span> 
     </span>
     <span class='ocr_line' id='line_1_54' title="bbox 1805 3152 2834 3223; baseline -0.001 -21"><span class='ocrx_word' id='word_1_282' title='bbox 1805 3170 1918 3202; x_wconf 80' lang='lat' dir='ltr'>ram</span> <span class='ocrx_word' id='word_1_283' title='bbox 1945 3153 1998 3203; x_wconf 91' lang='lat' dir='ltr'>in</span> <span class='ocrx_word' id='word_1_284' title='bbox 2025 3166 2210 3203; x_wconf 88' lang='lat' dir='ltr'>mutuo</span> <span class='ocrx_word' id='word_1_285' title='bbox 2232 3152 2459 3204; x_wconf 86' lang='lat' dir='ltr'>invicem</span> <span class='ocrx_word' id='word_1_286' title='bbox 2484 3152 2586 3203; x_wconf 82' lang='lat' dir='ltr'>sibi</span> <span class='ocrx_word' id='word_1_287' title='bbox 2604 3152 2834 3223; x_wconf 82' lang='lat' dir='ltr'>aperien-</span> 
     </span>
     <span class='ocr_line' id='line_1_55' title="bbox 1802 3229 2836 3302; baseline 0.001 -21"><span class='ocrx_word' id='word_1_288' title='bbox 1802 3229 1874 3281; x_wconf 88' lang='lat' dir='ltr'>do</span> <span class='ocrx_word' id='word_1_289' title='bbox 1899 3251 2080 3283; x_wconf 80' lang='lat' dir='ltr'>amore</span> <span class='ocrx_word' id='word_1_290' title='bbox 2108 3231 2493 3302; x_wconf 80' lang='lat' dir='ltr'>simplicitatem</span> <span class='ocrx_word' id='word_1_291' title='bbox 2521 3245 2574 3283; x_wconf 90' lang='lat' dir='ltr'>et</span> <span class='ocrx_word' id='word_1_292' title='bbox 2596 3245 2836 3283; x_wconf 71' lang='lat' dir='ltr'>venusta·</span> 
     </span>
     <span class='ocr_line' id='line_1_56' title="bbox 1803 3308 2832 3381; baseline -0.001 -21"><span class='ocrx_word' id='word_1_293' title='bbox 1803 3321 1908 3360; x_wconf 87' lang='lat' dir='ltr'>tem</span> <span class='ocrx_word' id='word_1_294' title='bbox 1950 3311 2204 3381; x_wconf 90' lang='lat' dir='ltr'>quilibet,</span> <span class='ocrx_word' id='word_1_295' title='bbox 2236 3312 2457 3379; x_wconf 86' lang='lat' dir='ltr'>opinor,</span> <span class='ocrx_word' id='word_1_296' title='bbox 2486 3311 2541 3362; x_wconf 88' lang='lat' dir='ltr'>in</span> <span class='ocrx_word' id='word_1_297' title='bbox 2574 3310 2683 3363; x_wconf 83' lang='lat' dir='ltr'>hoc</span> <span class='ocrx_word' id='word_1_298' title='bbox 2722 3308 2832 3361; x_wconf 88' lang='lat' dir='ltr'>dul-</span> 
     </span>
     <span class='ocr_line' id='line_1_57' title="bbox 1802 3388 2834 3461; baseline 0 -21"><span class='ocrx_word' id='word_1_299' title='bbox 1802 3388 2009 3441; x_wconf 69' lang='lat' dir='ltr'>cissimo</span> <span class='ocrx_word' id='word_1_300' title='bbox 2071 3390 2524 3461; x_wconf 86' lang='lat' dir='ltr'>mellitissimoque</span> <span class='ocrx_word' id='word_1_301' title='bbox 2600 3390 2834 3443; x_wconf 72' lang='lat' dir='ltr'>mrmine</span> 
     </span>
     <span class='ocr_line' id='line_1_58' title="bbox 1802 3469 2833 3540; baseline 0 -20"><span class='ocrx_word' id='word_1_302' title='bbox 1802 3469 2102 3521; x_wconf 82' lang='lat' dir='ltr'>mirabitur.</span> <span class='ocrx_word' id='word_1_303' title='bbox 2147 3470 2415 3540; x_wconf 81' lang='lat' dir='ltr'>Expressit</span> <span class='ocrx_word' id='word_1_304' title='bbox 2466 3469 2573 3521; x_wconf 88' lang='lat' dir='ltr'>boc</span> <span class='ocrx_word' id='word_1_305' title='bbox 2624 3487 2833 3522; x_wconf 83' lang='lat' dir='ltr'>carmen</span> 
     </span>
     <span class='ocr_line' id='line_1_59' title="bbox 1800 3549 2830 3603; baseline 0.001 -4"><span class='ocrx_word' id='word_1_306' title='bbox 1800 3550 2160 3600; x_wconf 84' lang='lat' dir='ltr'>Kretschmar.</span> <span class='ocrx_word' id='word_1_307' title='bbox 2187 3550 2241 3601; x_wconf 87' lang='lat' dir='ltr'>in</span> <span class='ocrx_word' id='word_1_308' title='bbox 2260 3549 2680 3602; x_wconf 74' lang='lat' dir='ltr'>Carm.&#39;1&#39;euton.</span> <span class='ocrx_word' id='word_1_309' title='bbox 2709 3563 2830 3603; x_wconf 88' lang='lat' dir='ltr'>tom.</span> 
     </span>
     <span class='ocr_line' id='line_1_60' title="bbox 1802 3630 2119 3698; baseline 0 -20"><span class='ocrx_word' id='word_1_310' title='bbox 1802 3630 1883 3693; x_wconf 85' lang='lat'>11,</span> <span class='ocrx_word' id='word_1_311' title='bbox 1908 3648 1960 3698; x_wconf 91' lang='lat' dir='ltr'>p.</span> <span class='ocrx_word' id='word_1_312' title='bbox 1993 3632 2119 3680; x_wconf 77' lang='lat'><strong>260.</strong></span> 
     </span>
    </p>

    <p class='ocr_par' dir='ltr' id='par_1_15' title="bbox 1803 3707 2832 3850">
     <span class='ocr_line' id='line_1_61' title="bbox 1889 3707 2832 3769; baseline 0 -10"><span class='ocrx_word' id='word_1_313' title='bbox 1889 3727 1939 3759; x_wconf 87' lang='lat'>1.</span> <span class='ocrx_word' id='word_1_314' title='bbox 1968 3707 2090 3758; x_wconf 83' lang='lat' dir='ltr'>Suos</span> <span class='ocrx_word' id='word_1_315' title='bbox 2134 3728 2317 3758; x_wconf 82' lang='lat' dir='ltr'>amores</span> <span class='ocrx_word' id='word_1_316' title='bbox 2337 3747 2352 3769; x_wconf 94' lang='lat'>,</span> <span class='ocrx_word' id='word_1_317' title='bbox 2392 3707 2619 3759; x_wconf 70' lang='lat' dir='ltr'>amicam</span> <span class='ocrx_word' id='word_1_318' title='bbox 2672 3725 2832 3760; x_wconf 75' lang='lat' dir='ltr'>suam.</span> 
     </span>
     <span class='ocr_line' id='line_1_62' title="bbox 1803 3785 2402 3850; baseline 0.007 -13"><span class='ocrx_word' id='word_1_319' title='bbox 1803 3785 1929 3839; x_wconf 87' lang='lat' dir='ltr'>vid.</span> <span class='ocrx_word' id='word_1_320' title='bbox 1956 3785 2026 3839; x_wconf 83' lang='lat' dir='ltr'>ad</span> <span class='ocrx_word' id='word_1_321' title='bbox 2042 3788 2219 3841; x_wconf 82' lang='lat' dir='ltr'>Carm.</span> <span class='ocrx_word' id='word_1_322' title='bbox 2243 3789 2293 3839; x_wconf 88' lang='lat' dir='ltr'>X</span> <span class='ocrx_word' id='word_1_323' title='bbox 2312 3826 2326 3850; x_wconf 89' lang='lat'>‚</span> <span class='ocrx_word' id='word_1_324' title='bbox 2350 3787 2402 3841; x_wconf 84' lang='lat'>5.</span> 
     </span>
    </p>

    <p class='ocr_par' dir='ltr' id='par_1_16' title="bbox 1802 3867 2832 4018">
     <span class='ocr_line' id='line_1_63' title="bbox 1866 3867 2832 3938; baseline -0.002 -19"><span class='ocrx_word' id='word_1_325' title='bbox 1866 3868 1918 3919; x_wconf 87' lang='grc'>3.</span> <span class='ocrx_word' id='word_1_326' title='bbox 1937 3869 2111 3928; x_wconf 78' lang='lat' dir='ltr'>Porro,</span> <span class='ocrx_word' id='word_1_327' title='bbox 2138 3867 2191 3918; x_wconf 88' lang='lat' dir='ltr'>in</span> <span class='ocrx_word' id='word_1_328' title='bbox 2215 3878 2484 3938; x_wconf 83' lang='lat' dir='ltr'>posterum</span> <span class='ocrx_word' id='word_1_329' title='bbox 2505 3884 2521 3930; x_wconf 77' lang='lat'>3</span> <span class='ocrx_word' id='word_1_330' title='bbox 2544 3867 2832 3919; x_wconf 65' lang='lat' dir='ltr'>effrem(-</span> 
     </span>
     <span class='ocr_line' id='line_1_64' title="bbox 1802 3946 2830 4018; baseline -0.002 -19"><span class='ocrx_word' id='word_1_331' title='bbox 1802 3946 1969 3999; x_wconf 86' lang='lat' dir='ltr'>Andr.</span> <span class='ocrx_word' id='word_1_332' title='bbox 1996 3948 2130 4018; x_wconf 88' lang='lat' dir='ltr'>prol.</span> <span class='ocrx_word' id='word_1_333' title='bbox 2165 3966 2191 3997; x_wconf 82' lang='lat'><em>2</em></span> <span class='ocrx_word' id='word_1_334' title='bbox 2209 3987 2223 4012; x_wconf 91' lang='lat'>,</span> <span class='ocrx_word' id='word_1_335' title='bbox 2248 3946 2547 4007; x_wconf 81' lang='lat' dir='ltr'>Phorm.V‚</span> <span class='ocrx_word' id='word_1_336' title='bbox 2571 3964 2603 4014; x_wconf 90' lang='lat'>7</span> <span class='ocrx_word' id='word_1_337' title='bbox 2621 3984 2638 4009; x_wconf 91' lang='lat'>,</span> <span class='ocrx_word' id='word_1_338' title='bbox 2662 3954 2753 4011; x_wconf 72' lang='grc'>44.</span> <span class='ocrx_word' id='word_1_339' title='bbox 2770 3946 2830 3997; x_wconf 89' lang='lat' dir='ltr'>N.</span> 
     </span>
    </p>

    <p class='ocr_par' dir='ltr' id='par_1_17' title="bbox 1805 4025 2831 4178">
     <span class='ocr_line' id='line_1_65' title="bbox 1890 4025 2831 4096; baseline -0.005 -17"><span class='ocrx_word' id='word_1_340' title='bbox 1890 4027 1940 4079; x_wconf 86' lang='lat'>5.</span> <span class='ocrx_word' id='word_1_341' title='bbox 1970 4029 2101 4095; x_wconf 79' lang='lat' dir='ltr'>Quoi</span> <span class='ocrx_word' id='word_1_342' title='bbox 2121 4039 2235 4096; x_wconf 78' lang='lat' dir='ltr'>pote</span> <span class='ocrx_word' id='word_1_343' title='bbox 2264 4028 2320 4078; x_wconf 91' lang='lat' dir='ltr'>in</span> <span class='ocrx_word' id='word_1_344' title='bbox 2350 4045 2516 4096; x_wconf 78' lang='lat' dir='ltr'>marg.</span> <span class='ocrx_word' id='word_1_345' title='bbox 2540 4025 2677 4078; x_wconf 87' lang='lat' dir='ltr'>libri</span> <span class='ocrx_word' id='word_1_346' title='bbox 2702 4026 2831 4077; x_wconf 86' lang='lat' dir='ltr'>Bibl.</span> 
     </span>
     <span class='ocr_line' id='line_1_66' title="bbox 1805 4104 2829 4178; baseline -0.001 -21"><span class='ocrx_word' id='word_1_347' title='bbox 1805 4104 2077 4159; x_wconf 85' lang='lat' dir='ltr'>Bodleian.</span> <span class='ocrx_word' id='word_1_348' title='bbox 2108 4108 2281 4159; x_wconf 82' lang='lat' dir='ltr'>Oxon.</span> <span class='ocrx_word' id='word_1_349' title='bbox 2312 4138 2392 4150; x_wconf 93' lang='lat'>--</span> <span class='ocrx_word' id='word_1_350' title='bbox 2416 4106 2608 4176; x_wconf 72' lang='lat' dir='ltr'>Quam.</span> <span class='ocrx_word' id='word_1_351' title='bbox 2639 4109 2829 4178; x_wconf 61' lang='grc' dir='ltr'>φέροι.</span> 
     </span>
    </p>
   </div>
  </div>
 </body>
</html>
