2986 4935
878 481 1318 550 CARMEN
1374 483 1580 549 LXI.

2141 483 2280 556 185

593 611 1044 705 Implicabitur
1075 613 1142 679 in
1179 625 1363 680 tuum

595 715 1050 811 Complexum.
1082 717 1210 787 Sed
1250 718 1387 785 abit
1421 717 1595 803 dies;

592 822 909 907 Prodeas,
940 848 1112 892 nova
1155 838 1380 917 nupta.

603 948 1251 976 οοοοοοοοοοοοοοο

602 1038 1252 1055 οοοοοοοοοοοοοοοοο

606 1117 1251 1134 οοοοοοοοοοοοοοοοο

597 1169 661 1235 Ο
695 1163 942 1250 cubile,
971 1180 1134 1260 quot
1167 1158 1235 1256 [o
1273 1168 1465 1236 nimis

597 1271 895 1342 Candido
927 1272 1094 1367 pede
1129 1264 1312 1360 lecti]
2222 1300 2290 1336 ..s

757 1379 925 1467 Quae
963 1393 1078 1446 tuo
1112 1379 1389 1447 veniunt
1433 1379 1631 1464 hero,

601 1487 867 1570 Quanta
902 1483 1176 1577 gaudia,
1209 1509 1354 1578 quae
1396 1509 1563 1578 vaga

604 1589 846 1676 Nocte,
883 1613 1026 1682 quae
1064 1589 1278 1657 media
1314 1590 1419 1658 die

181 1871 192 1880 ,
271 1843 292 1877 ¹
309 1843 330 1877 1
344 1825 395 1876 5.
416 1823 523 1876 Hic
546 1835 647 1874 tres
666 1823 907 1874 versiculi
937 1825 1004 1875 ab
1024 1823 1196 1874 omni-

193 1903 284 1956 bus
311 1903 511 1955 MSSC.
540 1914 592 1954 et
620 1902 864 1953 omnibus
886 1900 1199 1954 editionibus

191 1981 575 2053 antiquioribus
611 1980 721 2032 sine
756 1980 864 2032 ulla
897 1982 1199 2050 exceptione

194 2053 269 2128 (nt
288 2062 527 2132 Scaliger
549 2052 801 2124 affirmat)
827 2062 1036 2120 absunt,
1069 2073 1119 2110 et
1145 2059 1199 2110 hi

194 2139 324 2202 duo,
358 2159 502 2212 quos
527 2138 598 2192 ad
627 2138 753 2192 edit.
781 2138 989 2210 Bipont.
1014 2136 1200 2190 excudi

193 2220 485 2272 curavimus
501 2255 516 2276 ,
532 2220 672 2272 varie
694 2231 744 2270 et
760 2230 1002 2287 corrupte
1021 2218 1204 2286 legun-

196 2312 291 2351 tur.
311 2332 394 2342 —
411 2298 565 2368 Piget
593 2298 699 2350 fere
727 2297 1018 2350 adscribere
1035 2335 1050 2360 ‚
1077 2309 1205 2366 quot

194 2377 359 2431 modis
369 2379 617 2431 lacunam
633 2378 788 2445 hujus
796 2377 1021 2448 stropbae
1035 2375 1207 2446 exple-

195 2477 248 2511 re
259 2456 523 2512 studuerit
534 2456 768 2509 virorum
782 2454 1057 2509 doc-torum
1071 2474 1207 2524 saga·

193 2538 328 2592 citas.
350 2534 519 2611 Apud
544 2534 738 2588 Aldum
765 2536 965 2606 integra
996 2534 1211 2605 stropha

193 2617 377 2687 legitur
408 2617 490 2670 sic
514 2633 528 2666 :
555 2642 576 2663 ι
603 2616 650 2667 Ο
675 2616 845 2667 cubile
878 2626 1007 2685 quot
1029 2613 1207 2665 omine

196 2695 437 2750 Candido
469 2697 638 2748 lacteo
667 2694 800 2765 pede
828 2695 959 2758 Quae
987 2692 1085 2744 tibi
1119 2711 1207 2744 ve-

193 2776 340 2830 niunt
361 2778 515 2829 bona
533 2812 549 2838 ‚
568 2772 807 2827 Gaudeas
830 2772 920 2825 sed
943 2772 1052 2823 abit
1072 2770 1211 2835 dies,

196 2855 421 2908 prodeas
435 2873 579 2907 nova
587 2866 765 2923 nupta.
778 2880 799 2899 ι-
810 2855 872 2905 In
885 2851 1207 2922 editGryph.

195 2933 292 2988 boc
315 2934 487 2988 modo
510 2952 525 2987 ι
550 2933 625 2984 -0
644 2933 818 2986 cubile
837 2930 978 3002 quod
996 2931 1212 2982 homine

197 3013 440 3067 Candido
465 3010 607 3085 pede
632 3013 832 3065 lectulis
857 3012 988 3075 Quae
1008 3010 1103 3062 tibi
1130 3029 1215 3061 ve·

198 3094 346 3146 niunt
357 3094 510 3146 bona
528 3129 545 3153 ‚
565 3090 832 3152 Gaudeas,
851 3089 939 3142 sed
957 3090 1063 3142 abit
1084 3087 1214 3154 dies,

196 3172 426 3226 Prodms
455 3190 603 3224 nova
618 3184 799 3242 nupta.
822 3198 842 3216 ι
866 3172 929 3222 In
945 3168 1071 3221 edit.
1095 3170 1214 3221 Mu·

197 3266 289 3304 ret.
328 3252 402 3305 ita
446 3271 462 3305 ε
505 3278 530 3297 ι
571 3250 619 3301 Ο
650 3250 824 3303 cubile
867 3262 997 3320 quot
1039 3250 1214 3300 omina

197 3330 445 3385 Candido
497 3328 637 3401 pede
673 3329 876 3381 lectulis
892 3369 905 3396 ‚
946 3329 1077 3392 Qum
1120 3328 1217 3380 tibi

199 3413 417 3464 veniunt
461 3408 650 3462 hona?
680 3407 951 3470 Gaudeas‚
980 3404 1069 3458 sed
1114 3407 1220 3458 abit

197 3488 325 3543 dies.
363 3487 607 3543 prodeas
655 3506 794 3539 nova
839 3499 1021 3557 nupta.
1047 3510 1068 3530 ιι
1097 3485 1219 3538 Sca-

199 3570 326 3639 liger
364 3568 514 3621 duos
560 3565 864 3628 versiculos,
897 3577 954 3616 ut
989 3565 1042 3616 in
1074 3564 1224 3617 libris

201 3648 356 3701 MSS.
381 3649 653 3717 leguntur.
674 3642 744 3697 ad
760 3663 964 3697 sensum
996 3641 1120 3695 inde
1141 3662 1224 3696 ex-

201 3724 571 3799 torquendum
593 3724 766 3794 jungit
805 3737 857 3777 et
888 3722 1080 3793 digerit
1103 3741 1224 3774 cum

202 3805 446 3878 sequenti
475 3802 696 3874 stropha
723 3804 825 3855 ita:
861 3829 882 3852 ι
904 3802 954 3854 Ο
982 3802 1156 3853 cubile
1173 3795 1227 3864 [o

203 3886 362 3938 nimis
384 3880 639 3938 candido
663 3879 800 3953 pede
821 3876 967 3945 lecti]
986 3882 1117 3945 Quae
1139 3894 1228 3931 tuo

202 3966 435 4017 veniunt
491 3963 626 4033 hero
650 4000 664 4025 ‚
718 3975 910 4031 quanta
961 3958 1163 4030 gaudia.
1200 3986 1219 4005 ι

205 4044 438 4095 Vossius
488 4041 691 4094 omissis
742 4041 909 4092 tribus
967 4038 1230 4091 versiculis

203 4122 486 4193 prioribus
513 4136 563 4175 et
590 4119 832 4174 asterisco
863 4116 1050 4173 noiatis
1069 4118 1190 4186 legit
1215 4134 1229 4167 τ

1293 1848 1314 1869 ι
1337 1823 1386 1874 Ο
1414 1824 1588 1875 cubile
1611 1838 1742 1893 quot
1779 1826 2025 1879 omnibus
2055 1827 2296 1882 Candido

1285 1900 1419 1972 pede
1453 1902 1590 1954 lecti.
1614 1929 1636 1950 ι
1665 1903 1909 1958 Heinsius
1946 1906 1998 1957 in
2047 1908 2183 1960 notis
2228 1908 2294 1960 ad
2344 1949 2367 1971 ,

1288 1982 1554 2034 Catullum
1595 1994 1756 2034 tentat
1786 2000 1800 2034 ε
1832 2009 1853 2032 ι
1876 1985 1925 2036 Ο
1953 1986 2126 2037 cubile
2169 2002 2299 2056 quot

1288 2061 1495 2121 omina,
1523 2086 1543 2104 ι
1579 2061 1666 2112 alii
1706 2061 1872 2114 aliter.
1924 2065 2033 2134 Ego
2069 2084 2193 2116 vero
2230 2061 2313 2118 ad¹

1289 2138 1431 2191 hunc
1477 2139 1653 2191 locum
1699 2149 1803 2191 thm
1848 2142 2296 2212 interpretandum

1290 2236 1448 2286 quam
1498 2217 1883 2272 emendandum
1915 2240 1982 2273 ne
2016 2223 2297 2275 verbulum

1292 2293 1506 2366 quidem
1545 2295 1705 2349 addo.
1743 2299 1843 2351 Cui
1885 2301 2075 2371 volupe
2125 2315 2199 2354 est
2247 2303 2302 2353 in

1293 2374 1548 2446 ejusmodi
1574 2376 1704 2428 locis
1735 2396 1973 2430 exercere
2000 2379 2267 2451 ingenium
2287 2419 2302 2444 ‚

1293 2474 1390 2526 per
1425 2472 1511 2506 me
1542 2455 1660 2508 licet
1694 2458 1979 2527 quemlibet
2002 2478 2209 2513 sensum
2239 2480 2304 2513 ex

1293 2535 1396 2587 hoc
1444 2548 1690 2606 corrupto
1735 2537 1851 2588 loeo
1899 2540 2173 2605 extundat,
2217 2553 2306 2592 aut

1296 2614 1478 2666 mutila
1523 2626 1573 2665 et
1617 2613 1891 2688 deperdita
1942 2621 2177 2671 membra
2219 2620 2302 2671 vel

1296 2691 1434 2763 pede
1476 2693 1647 2763 ligneo
1689 2696 1773 2747 vel
1804 2715 1928 2748 naso
1962 2717 2111 2750 cereo
2143 2718 2305 2752 resar-

1296 2773 1417 2824 ciat.
1451 2773 1586 2825 Mihi
1609 2772 1825 2845 quidem
1852 2777 2169 2845 antiquitatis
2192 2797 2305 2831 mo-

1297 2866 1607 2904 uumentum
1648 2854 1895 2906 mutilum
1940 2857 2022 2907 vel
2058 2857 2308 2927 temporis

1298 2931 1492 3001 injuria
1539 2930 1899 2985 detruncatum
1945 2935 2110 2986 multo
2150 2936 2314 3005 magis

1300 3012 1498 3081 placet,
1521 3028 1677 3080 quam
1711 3009 2072 3064 additamentis
2094 3032 2123 3063 a
2153 3032 2311 3066 manu

1301 3090 1577 3141 recentiori
1615 3089 1984 3161 interpolatum
2024 3104 2075 3143 et
2113 3093 2313 3161 expoli-

1304 3183 1415 3220 tum
1444 3166 1786 3221 nitidissimis.

1393 3251 1659 3300 116-120.
1702 3248 1901 3302 Gaudia
1941 3251 2222 3303 sexcenties
2262 3251 2317 3302 in

1307 3328 1529 3379 Veneris
1555 3345 1667 3378 usu.
1692 3362 1771 3371 —-
1799 3329 1855 3377 V
1849 3347 1947 3396 aga
1983 3340 2115 3379 nocte
2132 3349 2150 3381 :
2182 3350 2316 3400 vaga

1306 3421 1472 3478 poetae
1499 3408 1765 3478 appellant
1781 3447 1796 3472 ‚
1828 3425 2153 3478 quaecunque
2172 3422 2316 3461 motu

1307 3499 1563 3557 perpetuo
1597 3486 1852 3539 feruntur.
1872 3484 1997 3536 vid.
2043 3487 2313 3541 Brouckh.

1308 3565 1375 3618 ad
1397 3566 1599 3617 Tibull.
1625 3567 1675 3631 1,
1702 3566 1730 3617 3
1752 3605 1766 3630 ‚
1797 3565 1888 3632 39.
1918 3565 2065 3617 Nocti
2090 3580 2263 3619 autem
2288 3587 2318 3620 a

1312 3645 1479 3715 poetis
1508 3663 1614 3696 non
1657 3646 1830 3696 minus
1865 3661 1925 3696 ac
1970 3643 2075 3696 Soli
2109 3647 2230 3715 equi
2269 3660 2319 3698 et

1313 3741 1497 3775 currus
1555 3723 1872 3775 tribuuntur.
1938 3723 2061 3776 Vid.
2136 3725 2322 3794 Heyne

1314 3803 1531 3854 ExcurS.
1563 3800 1630 3853 ad
1669 3802 1861 3872 Virgil.
1891 3802 2101 3855 AEneid.
2132 3803 2218 3865 11,
2253 3805 2284 3856 8
2305 3841 2320 3861 ‚

1317 3894 1443 3933 tom.
1467 3882 1552 3946 ll,
1580 3898 1693 3951 pag.
1722 3880 1846 3934 236.
1869 3881 1996 3934 Vid.
2027 3882 2120 3933 inf.
2146 3882 2322 3936 Carm.

1315 3959 1509 4021 LXIV,
1545 3979 1671 4028 ‘³7²-
1693 3993 1770 4002 —
1793 3961 1955 4012 Media
1985 3962 2061 4012 die
2088 3961 2141 4012 h.
2162 3981 2208 4014 e.
2245 3962 2325 4013 in-

1318 4036 1521 4103 terdiu3
1543 4040 1716 4090 medius
1739 4059 1874 4109 saepe
1896 4039 2039 4110 apud
2058 4054 2235 4110 poetas
2258 4056 2331 4094 est

1320 4119 1586 4187 epitheton
1614 4138 1832 4182 ornam,
1862 4133 1912 4171 et
1939 4121 2108 4172 latiori
2142 4121 2335 4188 signifi·
