2986 4935
1147 494 1716 562 C.VALER11
1774 497 2246 565 CATULLI

1244 716 1806 805 CARMEN
1892 721 2162 806 XVI.

1065 944 1173 987 AD
1246 942 1716 988 AURELIUM
1796 944 1891 988 ET
1965 944 2331 991 FURIUM.

949 1136 1324 1202 Pffimcino
1360 1157 1484 1227 ego
1524 1157 1675 1217 VOS,
1712 1148 1779 1202 et
1818 1135 2205 1217 int-umam,

944 1238 1166 1307 Aureli
1209 1239 1503 1332 pathice,
1544 1256 1609 1307 et
1646 1239 1896 1309 cinaede
1937 1243 2126 1325 Furi3

947 1348 1083 1434 Qui
1128 1371 1236 1416 me
1281 1371 1360 1413 ex
1407 1345 1744 1416 versiculis
1785 1348 1948 1416 meis
1985 1350 2264 1441 putatiS,

945 1453 1145 1540 Quod
1189 1455 1319 1521 sint
1364 1452 1715 1538 molliculi,
1760 1477 1997 1545 parum
2037 1453 2390 1547 pudicum3

944 1562 1116 1625 Nam
1163 1574 1418 1627 castum
1461 1585 1602 1628 esse
1643 1559 1834 1628 decet
1877 1561 2059 1653 pium
2106 1575 2369 1653 poetam

943 1668 1169 1757 Ipsum
1208 1692 1221 1732 :
1260 1667 1619 1734 versiculos
1659 1666 1819 1734 nihil
1861 1691 2125 1734 necesse
2164 1682 2294 1750 est3
2393 1674 2400 1681 ’

941 1775 1073 1860 Qui
1111 1787 1251 1839 tum
1286 1772 1570 1865 denique
1603 1774 1852 1841 habent
1886 1771 2086 1842 salem
2127 1798 2204 1841 ac
2243 1771 2576 1867 leporem,

944 1881 1014 1945 Si
1060 1894 1214 1946 sunt
1259 1879 1616 1965 molliculi,
1654 1904 1731 1948 ac
1777 1904 2011 1972 parum
2061 1881 2319 1972 pudici,

942 1988 1065 2069 Et,
1106 1974 1282 2080 quod
1325 1989 1615 2078 pruriat,
1658 1989 1928 2054 incitare
1968 2002 2277 2080 possunt,

944 2093 1097 2159 Non
1139 2093 1288 2161 dico
1331 2097 1594 2185 pueriS‚
1632 2092 1743 2161 secl
1788 2094 1888 2161 his
1934 2093 2189 2186 pilosi5‚

940 2200 1074 2286 Qui
1120 2200 1322 2268 duros
1359 2215 1693 2294 nequeunt
1730 2225 1998 2267 movere
2037 2199 2315 2268 lumbos.

707 2409 1160 2462 Anacastitatem
1206 2430 1351 2460 suam
1390 2412 1563 2462 bonus
1602 2425 1651 2461 et

626 2507 793 2543 castus
817 2529 831 2553 ,
882 2491 921 2539 si
987 2490 1099 2540 Diis
1154 2491 1320 2559 placet
1350 2530 1364 2552 ,
1417 2492 1651 2542 Catullus

626 2573 849 2641 proban-e
881 2571 990 2621 vult
1020 2571 1236 2621 Aurelio
1259 2583 1308 2620 et
1325 2571 1484 2621 Furio
1504 2609 1518 2631 ,
1540 2573 1652 2640 qui-

625 2652 723 2702 bus
758 2651 846 2701 illa
887 2669 948 2700 ex
984 2649 1315 2700 mollioribus
1350 2651 1460 2719 ejus
1489 2653 1649 2701 versi·

623 2731 753 2783 culis
778 2743 1010 2799 suspecta
1042 2727 1245 2780 reddita
1275 2728 1457 2780 fuerat.
1475 2731 1648 2794 Quam

624 2808 843 2881 quidem
871 2810 1004 2859 male
1037 2807 1103 2860 de
1131 2828 1183 2860 se
1210 2823 1506 2877 susceptam
1533 2809 1649 2878 opi-

623 2891 836 2942 nionem
876 2890 1099 2941 evellere
1141 2908 1201 2939 ex
1236 2907 1417 2939 eorum
1461 2890 1651 2939 animis

624 2969 792 3022 studet
815 2971 1006 3041 partim
1029 2990 1120 3031 eo,
1145 2966 1288 3037 quod
1313 2969 1440 3019 sacri
1461 2983 1647 3038 poetae,

625 3052 677 3101 in
706 3070 837 3121 quos
878 3051 958 3101 vel
989 3050 1214 3101 maxime
1247 3047 1398 3099 cadat
1436 3067 1646 3099 morum

623 3130 919 3200 integritas,
950 3149 1055 3181 non
1092 3150 1154 3180 ex
1192 3127 1515 3181 carminibus
1545 3129 1648 3179 suis

622 3208 951 3278 dijudicandi
1001 3210 1130 3271 sint,
1168 3208 1362 3278 partim
1402 3206 1646 3270 edendo,

623 3284 709 3354 [en
729 3290 970 3343 castitatis
988 3291 1252 3358 specimen
1268 3288 1279 3338 !
1295 3283 1312 3351 ]
1331 3288 1422 3338 ubi
1445 3307 1641 3339 marem

619 3389 672 3421 se
695 3369 1017 3439 praestiturus
1036 3368 1126 3428 sit,
1155 3368 1454 3437 specimine.
1491 3366 1645 3417 Com-

622 3469 746 3520 para
766 3467 887 3500 cum
911 3448 1099 3498 Nostro
1125 3447 1353 3500 Martial.
1383 3450 1439 3507 I,
1470 3447 1642 3498 36.—

619 3530 772 3580 Errat
795 3527 1128 3596 Doeringius,
1147 3528 1189 3578 si
1207 3540 1355 3596 putat
1376 3526 1641 3579 Catullum

621 3608 837 3660 Aurelio
866 3620 916 3657 et
932 3608 1093 3657 Furio
1116 3607 1305 3658 minari
1333 3608 1444 3658 fore
1476 3619 1533 3656 ut
1556 3627 1643 3656 eos

621 3687 840 3755 paedicet
876 3686 1497 3756 ini-umetque.‘Formula
1532 3685 1641 3745 haec

620 3782 693 3819 est
717 3768 1003 3837 procaciter
1029 3767 1260 3836 aliquem
1285 3764 1567 3827 eludendi,
1590 3780 1642 3815 ut

619 3848 709 3917 qui
738 3847 922 3917 gallice
962 3858 1322 3916 contemptum
1370 3845 1525 3896 alicui
1577 3845 1642 3894 si-

616 3928 868 3997 gnificare
910 3926 1127 3989 volunt,
1167 3924 1444 3993 saepissime
1486 3924 1640 3975 inho·

617 4020 764 4059 nesto
785 4019 834 4057 et
852 4003 1126 4075 impudico
1145 4005 1307 4055 verbo
1325 4017 1557 4055 utuntur.
1576 4004 1639 4054 N.

706 4104 753 4136 2.
777 4086 974 4136 Patlcici
991 4098 1037 4135 et
1069 4086 1242 4136 ciuaeda'
1264 4082 1531 4146 dicuutur,
1550 4084 1639 4153 qui

619 4165 896 4216 muliebria
925 4165 1208 4234 patiuntur.

1825 2411 1875 2461 3.
1898 2411 2115 2460 Putastis
2137 2410 2436 2482 Cantabrig.
2455 2424 2503 2462 et
2523 2413 2596 2463 sic
2612 2414 2768 2464 etiam

1740 2491 1904 2554 infra,
1933 2511 1980 2541 v.
2019 2492 2106 2543 13.
2180 2490 2183 2495 ⁸

1824 2579 1876 2632 4.
1912 2573 2053 2621 Pium
2087 2583 2309 2639 poetam,
2350 2571 2446 2622 rite
2493 2573 2768 2623 Musarum

1739 2650 1894 2701 sacris
1946 2664 2252 2720 operantem
2304 2649 2411 2701 vid.
2470 2651 2536 2703 ad
2589 2653 2768 2705 Carm.

1741 2729 1892 2791 XIV,
1914 2750 1969 2800 7.
2001 2732 2238 2781 lfersicul.
2260 2732 2358 2782 m'lt.
2382 2750 2483 2782 nec.
2518 2753 2560 2783 e.
2592 2752 2669 2783 sc.
2693 2753 2768 2784 ca-

1736 2821 1838 2859 stos
1854 2828 1975 2860 esse.
1990 2809 2243 2861 Eanidem
2270 2810 2515 2863 castitatis
2533 2812 2769 2881 speciem

1739 2901 1788 2939 et
1826 2889 1914 2939 alii
1960 2909 2067 2959 prae
2100 2910 2151 2940 se
2193 2891 2368 2941 serunt
2412 2892 2766 2960 nequitiarum

1738 2969 1985 3037 magistri.
2017 2969 2242 3020 Ovidius
2263 3010 2276 3035 ‚
2306 2970 2464 3022 Trist.
2503 2973 2583 3033 Π,
2613 2970 2725 3031 354
2756 2993 2765 3018 :

1746 3074 1766 3092 a
1795 3047 1966 3099 Crede
1997 3049 2154 3111 mihi,
2179 3067 2351 3099 mores
2378 3048 2573 3101 distant
2594 3069 2621 3101 a
2653 3069 2768 3102 car·

1738 3127 1880 3178 mine
1922 3129 2120 3192 nostri3
2161 3128 2284 3179 Vita
2325 3128 2623 3182 verecunda
2659 3144 2766 3185 est,

1736 3207 1886 3258 Musa
1902 3210 2095 3278 jocosa,
2125 3207 2312 3260 mihi„-
2338 3209 2421 3261 Cs.
2453 3209 2682 3262 Martial.
2712 3212 2736 3261 1
2754 3250 2768 3271 ,

1739 3305 1789 3345 v,
1824 3290 1877 3350 8,
1902 3301 1948 3339 et
1973 3288 2127 3359 plura
2158 3286 2279 3339 vide
2308 3288 2453 3358 apud
2477 3287 2768 3341 Raderum.

1818 3370 1869 3419 8.
1922 3367 1979 3419 Si
2027 3373 2122 3417 sint
2167 3368 2257 3419 lib.
2309 3369 2512 3421 Comel.
2557 3383 2610 3421 et
2656 3370 2767 3422 Pal.

1736 3465 1920 3516 papyr.

1816 3546 1869 3593 9.
1896 3528 2118 3589 Possint,
2152 3528 2355 3578 Comel.
2381 3560 2461 3569 —-
2479 3529 2631 3596 Quod
2645 3550 2767 3598 pru·

1736 3610 1858 3667 riae,
1897 3607 2157 3675 eleganter
2189 3626 2287 3676 pro
2322 3607 2568 3660 libidine.
2603 3609 2765 3663 Cous.

1735 3685 1959 3737 Martial.
2011 3688 2063 3749 1,
2110 3704 2308 3747 xxxw,
2360 3708 2423 3739 10
2461 3700 2509 3738 et
2552 3709 2640 3742 ιι.

1827 3786 1901 3815 ιο.
1940 3767 2007 3815 lis
2029 3767 2197 3834 pilosis
2231 3767 2423 3835 legitur
2470 3767 2523 3817 in
2562 3771 2768 3838 pauci&

1736 3846 2010 3912 llispidosis
2050 3846 2102 3895 in
2148 3846 2379 3914 margine
2424 3846 2516 3898 lib.
2555 3848 2766 3901 Comel.

1736 3943 1855 3975 cum
1896 3923 2210 3995 quibusdam
2245 3927 2526 3996 impressis.
2560 3957 2640 3968 —
2670 3930 2769 3980 Hes

1727 4005 1914 4070 pilosis,
1947 4004 2192 4075 hispidis,
2228 4007 2375 4058 vietis
2398 4017 2459 4058 'et
2488 4010 2766 4060 enervatis.

1822 4103 1838 4134 ι
1862 4103 1907 4135 1.
1941 4088 2041 4151 Qui
2066 4087 2209 4136 duros
2237 4106 2339 4157 neq.
2377 4100 2474 4139 etc.
2508 4087 2560 4138 h.
2587 4108 2635 4139 e.
2672 4091 2767 4158 qui

1733 4166 1948 4221 effictum
1965 4166 2185 4231 pandunt
2210 4167 2359 4215 laec-m
2385 4208 2393 4225 ‚
2424 4181 2481 4217 ut
2506 4186 2660 4236 supra
2691 4169 2770 4219 lo-
