2986 4935
877 468 1325 539 CARMEN
1381 470 1669 539 CXVI.

2191 467 2336 565 397

408 599 734 669 Infestum
779 598 922 667 telis
966 601 1179 685 icere,
1216 625 1483 687 musca,
1527 616 1759 695 caput;

304 712 501 776 Hunc
522 706 715 773 video
742 705 904 772 mibi
922 730 1099 775 nunc
1124 708 1366 775 frustra
1388 721 1723 800 sumptum
1746 731 1886 775 esse
1906 705 2232 794 laborem,
2325 742 2347 778 5

414 811 618 899 Gelli,
654 837 776 880 nec
819 826 1075 881 nostras
1110 813 1267 882 hinc
1310 812 1590 881 valuisse
1628 837 1877 907 preces.

306 922 564 989 Contra
607 943 729 986 nos
770 917 898 986 tela
937 921 1059 987 ista
1105 934 1220 987 tua
1263 920 1585 986 evitamus
1626 920 1906 1004 amictu3

412 1029 502 1095 At
537 1024 707 1092 fixus
747 1026 987 1093 nostris
1023 1040 1097 1093 tu
1141 1023 1312 1093 dabi’
1351 1023 1768 1120 supplicium.

202 1210 359 1278 Queis
374 1220 418 1258 te
435 1208 624 1259 lenirem
640 1206 772 1259 nobis
789 1225 881 1257 neu
896 1227 1004 1260 eon.
1022 1206 1232 1279 Grypb.

202 1290 259 1339 M
268 1300 405 1340 uret.
437 1298 490 1338 et
512 1287 584 1339 sic
603 1304 787 1338 omnes
805 1284 956 1339 editt.
981 1286 1237 1340 recentio-

203 1388 323 1429 res,
369 1366 472 1418 nisi
514 1363 662 1436 quod
701 1378 843 1418 recte
888 1379 1008 1437 post
1045 1368 1235 1419 lenirem

200 1447 411 1498 sublata
435 1458 511 1498 est
538 1446 916 1515 interpunctio.
945 1478 1024 1487 -—
1061 1447 1162 1514 Qui
1193 1458 1237 1496 te

204 1529 401 1578 lem'rem
425 1525 558 1577 nobis
580 1524 798 1577 Statius.

291 1612 349 1669 4.
374 1606 456 1657 Ex
478 1605 613 1657 mira
633 1605 920 1658 lectionum
947 1605 1104 1675 hujus
1128 1623 1240 1657 ver·

206 1704 301 1737 sus
342 1683 591 1736 varietate
622 1683 899 1753 selegimus
929 1701 1044 1735 eam
1068 1722 1082 1746 ,
1121 1702 1238 1754 quae

209 1764 368 1816 nobis
396 1762 823 1815 commodissima
846 1760 1127 1814 videbatur
1142 1802 1159 1828 ,
1186 1775 1239 1814 et

209 1846 265 1896 in
308 1842 632 1895 editionibus
670 1842 919 1895 Parthen.
947 1843 1157 1913 Gryph.
1187 1854 1241 1895 et

208 1924 299 1975 all.
345 1922 582 1974 exhibita
624 1935 717 1975 est.
767 1953 846 1963 -—
900 1914 1022 1973 Tela
1067 1926 1240 1990 fnsesta

212 2022 368 2053 meum
392 2005 573 2053 mittere
597 2005 644 2052 in
668 2022 811 2074 usque
835 2014 980 2071 caput
1004 2000 1243 2054 defendit

212 2076 480 2134 Muretus.
509 2113 588 2123 ·—-
623 2082 750 2133 Telis
777 2083 1006 2147 infestans
1034 2085 1099 2132 mi
1123 2086 1242 2132 icere

214 2181 385 2213 musca
410 2174 549 2230 caput
579 2161 781 2231 legebat
806 2160 1033 2224 Statius,
1058 2162 1115 2213 in
1149 2180 1242 2213 cu-

210 2245 301 2313 jus
329 2240 481 2293 MSS.
505 2253 743 2293 exaratus
770 2241 873 2292 fuit
898 2240 987 2292 hic
1013 2241 1244 2292 versicu-

215 2323 305 2373 lus
337 2321 444 2383 sic,
486 2321 615 2371 Telis
646 2322 819 2387 infesta
854 2323 919 2371 mi
955 2332 1246 2392 tenemusque

216 2412 384 2471 caput.
426 2400 620 2452 Favere
654 2412 794 2452 certe
834 2399 946 2451 haec
985 2400 1247 2470 scriptura

219 2479 436 2532 videtur
478 2480 687 2532 lectioni
730 2480 945 2532 Mureti.
984 2512 1065 2522 —
1118 2482 1247 2532 Telis

217 2563 397 2626 infesto
421 2564 485 2610 mi
507 2564 626 2610 ibere
638 2599 652 2621 ,
682 2579 838 2611 musca
855 2601 870 2623 ‚
897 2572 1037 2628 caput
1052 2600 1064 2619 ,
1094 2559 1250 2611 refin-

217 2641 299 2693 xit
324 2637 394 2690 ad
422 2652 650 2691 veterem
676 2639 992 2711 scripturam
1022 2640 1150 2690 Telis
1173 2643 1250 2690 in·

209 2721 396 2786 sestam
409 2721 573 2788 ficere,
593 2719 839 2788 Scaliger,
856 2736 1015 2790 quem
1033 2718 1248 2789 plurimi

220 2798 545 2852 recentiores
576 2799 739 2851 secuti
775 2813 914 2850 sunt.
950 2830 1029 2839 —
1068 2799 1252 2864 lnfista

221 2883 275 2930 in
294 2889 507 2929 nostrum
525 2882 707 2929 mittere
730 2879 826 2928 tela
847 2889 992 2947 capue
1010 2896 1073 2929 ex
1089 2878 1252 2929 veteri

220 2960 370 3011 libro
396 2956 577 3010 laudat
606 2958 856 3022 Vossius,
885 2971 937 3010 et
966 2975 1121 3022 sane,
1153 2957 1255 3008 nisi

221 3037 474 3091 turbatus
488 3039 774 3089 verborum
791 3035 926 3089 ordo
944 3049 1122 3105 aperte
1137 3055 1255 3089 cor-

221 3117 452 3171 rectoris
474 3135 691 3168 manum
716 3114 992 3186 proderet,
1014 3117 1258 3169 lubenter

224 3198 285 3250 in
319 3197 421 3248 hac
445 3195 667 3249 lectione
686 3196 1152 3267 acquiesceremus.
1173 3197 1266 3263 In-⁴

218 3279 404 3344 festum
445 3276 549 3327 telis
582 3280 700 3327 icere
734 3280 799 3327 mi
839 3294 981 3346 usque
1014 3287 1158 3344 caput
1194 3295 1259 3327 ex

223 3355 387 3410 libris
407 3355 611 3425 scriptis
632 3356 734 3425 legi
752 3355 900 3425 jubet
923 3355 990 3406 N.
1018 3354 1262 3407 Heinsius

194 3451 204 3458 '
232 3437 294 3488 in
326 3446 441 3486 not.
479 3434 545 3487 ad
580 3435 776 3487 Catull.
810 3463 889 3475 —-
921 3434 1164 3487 Profecto
1201 3434 1257 3485 in

232 3527 386 3569 tanta
403 3515 651 3566 varietate
666 3552 681 3577 ,
699 3513 833 3585 quid
854 3532 1039 3566 verum
1063 3515 1130 3568 sit
1144 3553 1160 3579 ,
1183 3514 1261 3565 vi·

231 3594 369 3647 dere
402 3591 548 3645 haud
580 3612 767 3663 parum
808 3607 884 3646 est
913 3592 1148 3646 difficile.
1183 3626 1262 3636 —-

231 3676 437 3728 Noster
466 3672 580 3726 MS.
616 3674 728 3724 talis
752 3675 922 3740 infesta
958 3676 1264 3725 mitteremus-

235 3775 333 3827 que
391 3766 565 3822 caput,
626 3751 768 3805 unde
830 3753 1011 3823 effingi
1062 3754 1262 3823 possit:

245 3833 440 3884 -Telis
479 3833 696 3885 infestus
732 3831 936 3885 mittere
981 3832 1055 3884 mi
1099 3851 1266 3902 usque

238 3925 420 3984 caput.
447 3938 468 3957 ι
519 3913 653 3976 Quae
692 3913 926 3983 syntaxis
962 3924 1070 3964 tota
1101 3931 1267 3981 graeca

243 4005 380 4043 esset
396 4030 411 4054 ,
426 4004 484 4044 ut
496 4005 635 4044 amat
654 3991 894 4045 Catullus
913 4011 928 4055 3
956 4011 1077 4043 nam
1095 3992 1267 4044 Graeci

1322 1226 1432 1259 non
1476 1204 1785 1260 discrimine
1832 1208 1946 1259 ullo
1990 1207 2176 1263 dicunt
2226 1213 2348 1275 βάλ-

1319 1293 1415 1338 λειν
1444 1285 1557 1338 τινὰ
1584 1287 1725 1356 βώλῳ
1750 1298 1804 1338 et
1832 1287 2023 1352 βάλλειν
2052 1291 2145 1343 τινὶ
2175 1292 2346 1356 βῶλον.

1321 1366 1463 1436 Ergo
1492 1366 1731 1418 Catullus
1756 1366 1918 1419 latine
1945 1370 2220 1422 tentaverit
2245 1373 2348 1422 telis

1321 1457 1469 1515 caput
1491 1450 1690 1497 mittere.
1724 1446 1793 1498 N.
1824 1478 1906 1490 —
1936 1447 2109 1499 Musca
2135 1449 2191 1501 in
2218 1468 2348 1502 con·

1324 1536 1592 1595 temptum
1610 1562 1625 1588 ,
1644 1525 1768 1596 quia
1790 1526 1975 1579 leviter
1991 1540 2194 1580 tantum
2211 1548 2350 1600 pun-

1321 1623 1442 1674 gere
1471 1616 1642 1674 potest
1672 1623 1970 1658 muscarum
2006 1608 2238 1661 aculeus.
2271 1611 2353 1661 De

1324 1682 1642 1754 proverbiali
1674 1684 1944 1737 locutione
1982 1688 2127 1756 μυίας
2158 1682 2349 1758 δηγμὸς

1324 1761 1433 1815 vid.
1459 1762 1587 1815 Stat.

1409 1843 1460 1895 5.
1506 1842 1736 1893 Laborem
1775 1842 2154 1897 vertendorum
2191 1846 2351 1898 nimi·

1325 1941 1446 1974 rum
1472 1940 1503 1972 e
1536 1921 1860 1974 Callimacho
1889 1923 2202 1976 carminum.

1408 2004 1460 2053 6.
1511 2002 1624 2052 Huc
1665 2002 1874 2052 valuisse
1917 2004 2105 2054 Venet.
2151 2006 2349 2059 Mutet.

1330 2081 1504 2133 Graev.
1543 2112 1624 2121 --
1657 2082 1790 2132 Hinc
1828 2094 1903 2133 est
1936 2082 1991 2133 in
2031 2081 2354 2135 editionibus

1329 2159 1539 2230 Gryph.
1582 2172 1635 2211 et
1675 2160 1822 2224 aliis,
1867 2174 1921 2213 et
1971 2162 2351 2215 recentioribus

1329 2239 1595 2291 omnibus.
1624 2269 1703 2281 --
1725 2240 1976 2292 Evaluisse
2001 2259 2108 2293 una
2127 2260 2256 2294 voce
2278 2242 2352 2292 le-

1330 2317 1563 2389 gendum
1596 2337 1703 2370 esse
1732 2332 1905 2371 censet
1934 2320 2198 2372 Bondanus
2221 2322 2354 2373 Var.

1331 2400 1475 2451 Lect.
1508 2417 1564 2469 p.
1606 2404 1733 2460 124.
1765 2428 1847 2441 —-
1877 2400 2111 2451 Fortasse
2141 2418 2353 2472 quoque

1332 2481 1419 2530 Ιιοσ
1446 2479 1528 2532 vel
1555 2479 1610 2530 id
1628 2480 1854 2531 valuisse.
1877 2511 1958 2523 -
1983 2480 2133 2543 Hinc,
2157 2478 2227 2533 ad
2255 2479 2355 2533 im·

1330 2557 1649 2629 petrandum
1687 2558 1772 2619 id,
1811 2559 1956 2629 quod
1997 2579 2356 2631 speraveram,
2446 2566 2449 2570 ’

1332 2639 1440 2690 scil.
1464 2656 1533 2689 ne
1553 2638 1783 2707 amplius
1806 2640 1999 2691 famam
2026 2658 2196 2692 meam
2222 2640 2358 2693 lace-

1332 2737 1475 2770 rares
1496 2718 1779 2770 verborum
1804 2718 2154 2771 contumeliis.

1420 2816 1472 2865 7.
1524 2798 1687 2865 Quare
1738 2817 1823 2848 uos
1870 2799 2137 2861 Muretus,
2182 2797 2360 2850 nescio

1338 2875 1496 2927 unde.
1512 2910 1594 2918 —
1604 2877 1653 2928 E
1657 2877 1899 2928 vitabimus
1913 2880 2066 2927 amica
2082 2877 2361 2929 meliorum

1336 2956 1597 3007 librorum
1649 2956 1925 3008 lectionem
1985 2975 2095 3008 esse
2146 2967 2362 3008 testatur

1341 3035 1562 3087 Vossius
1580 3073 1595 3096 ‚
1628 3033 1769 3086 unde
1796 3035 1886 3086 ille
1911 3035 2140 3087 tentabat
2163 3035 2361 3085 evitabi-

1344 3135 1444 3165 mus
1461 3116 1612 3165 hamis
1632 3131 1645 3165 ε
1665 3112 1885 3183 Atfiaeus
1902 3117 2074 3165 nostris
2093 3126 2129 3165 t.
2153 3114 2203 3167 d.
2225 3134 2266 3168 s.
2284 3146 2364 3156 —

1345 3194 1556 3247 Amiceu.
1617 3195 1976 3246 Romanorum
2028 3192 2365 3247 consuetudi-

1344 3293 1500 3337 nem,
1530 3273 1736 3325 sinistra
1776 3291 1966 3337 manu,
1998 3272 2159 3344 pallio
2199 3274 2365 3326 obvo-

1344 3355 1452 3406 luta
1478 3391 1495 3417 ,
1554 3351 1909 3404 adversarium
1966 3350 2329 3405 invadentium
2349 3387 2365 3411 ,

1347 3446 1400 3485 et
1443 3433 1549 3486 hoc
1586 3430 1748 3484 modo
1778 3431 2038 3502 impetum
2069 3434 2182 3502 ejus
2219 3433 2370 3485 susti·

1346 3514 1616 3576 nentium,
1651 3512 1857 3583 egregie
1893 3511 2219 3565 illustrarunt
2254 3512 2369 3564 Nic.

1350 3593 1577 3644 Heinsius
1605 3589 1672 3644 ad
1700 3592 1912 3644 Petron.
1946 3611 1989 3643 c.
2022 3591 2124 3654 63,
2156 3605 2210 3644 et
2242 3592 2373 3642 Bur-

1352 3692 1548 3724 mannus
1560 3671 1627 3724 ad
1646 3668 1889 3723 eumdem
1909 3689 1955 3723 c.
1983 3674 2072 3733 80,
2088 3672 2180 3742 qui
2197 3669 2376 3722 laudat

1353 3754 1631 3806 Ferrarium
1652 3749 1719 3802 de
1748 3753 1824 3803 Re
1847 3752 1991 3804 Vest.
2016 3752 2070 3815 1,
2093 3769 2139 3801 c.
2175 3750 2226 3802 5.
2253 3750 2374 3800 Huc

1354 3833 1578 3903 pertinet
1594 3831 1779 3883 similis
1789 3830 2091 3882 Groecorum
2108 3829 2375 3901 pugnandi

1355 3911 1487 3963 ratio
1505 3950 1521 3974 ,
1538 3928 1699 3981 quam
1712 3910 2009 3980 explanavit
2033 3909 2244 3978 Cuperus
2259 3908 2374 3960 Ob-

1358 4010 1488 4042 serv.
1515 3992 1568 4050 I,
1599 4009 1646 4042 c.
1684 4007 1768 4040 12.

938 4147 1714 4179 *defi—<-
