2986 4935
701 464 850 534 236
1217 470 1296 533 (J.
1343 469 1779 534 VALERII
1838 469 2300 536 CATULLI

803 601 865 664 O
903 599 1097 664 nimis
1132 610 1361 689 optato
1402 595 1727 665 seclorum
1770 611 2067 691 tempore
2110 601 2243 666 nati

809 706 1092 785 HeroeS,
1134 702 1412 786 salvete,
1455 706 1672 770 Deum
1713 700 1947 796 genus!
1990 729 2030 772 o
2070 706 2241 772 bona
2279 700 2510 771 mater!

807 812 942 875 Vos
972 834 1096 902 ego
1130 833 1300 901 saepe
1331 833 1515 891 meo,
1553 834 1666 877 vos
1705 812 1991 876 carmine
2030 809 2457 903 compellabo.

801 917 1023 1006 Teque.
1067 915 1230 982 adeo
1269 916 1502 983 eximie
1539 915 1722 983 taedis
1760 914 2054 984 felicibus
2090 931 2312 998 aucte,

799 1020 1146 1089 'l'liessaliae
1186 1019 1488 1088 columen
1511 1075 1528 1104 ,
1562 1021 1753 1088 Peleu
1776 1073 1792 1100 ,
1823 1024 1978 1113 quoi
2013 1024 2268 1117 Jupiter
2299 1024 2469 1117 ipse,

800 1128 949 1218 Ipse
994 1152 1146 1195 suos
1190 1128 1435 1194 Divum
1481 1129 1741 1220 genitor
1781 1130 2103 1195 concessit
2145 1153 2442 1213 amores;

789 1234 967 1298 Tene
1001 1234 1226 1300 Thetis
1266 1236 1472 1300 tenuit
1508 1233 1952 1326 pulcherrima
1984 1233 2403 1326 Neptuniae?

799 1340 976 1405 Tene
1011 1364 1194 1406 suam
1231 1340 1473 1432 Tethys
1517 1341 1838 1407 concessit
1879 1339 2121 1408 ducere
2156 1354 2417 1433 neptem
2439 1391 2457 1423 ,

799 1445 1273 1538 Oceanusque,
1311 1447 1469 1512 mari
1515 1460 1722 1514 totum
1772 1447 1880 1537 qui
1921 1445 2341 1539 amplectitur
2385 1442 2642 1515 orbem?
2733 1473 2765 1504 ι·

910 1553 1076 1638 Quae
1119 1550 1309 1618 simul
1349 1566 1591 1643 optatoe
1633 1552 1818 1619 finito
1866 1567 2160 1645 tempore
2207 1552 2383 1620 luces

699 1755 762 1785 ve
797 1736 932 1785 valet
968 1736 1020 1785 in
1067 1755 1156 1803 ²7·
1190 1767 1267 1776 --
1305 1735 1481 1786 Sensi!
1518 1736 1709 1786 Muret.

704 1815 851 1864 Voss.
882 1828 932 1866 et
948 1815 1036 1866 alii
1058 1849 1073 1873 ,
1099 1816 1260 1866 male!
1284 1815 1394 1886 pari
1420 1815 1580 1867 modo
1605 1816 1715 1867 haec

703 1893 812 1943 duo
837 1895 996 1945 verba
1019 1895 1230 1946 confusa
1252 1908 1369 1946 sunt
1392 1895 1535 1964 apud
1557 1893 1713 1946 Ovid.

705 1974 925 2025 Heroid.
947 1974 1025 2023 Vl
1047 2013 1061 2037 ,
1099 1976 1223 2036 154.
1263 2007 1340 2016 -—-
1371 1974 1561 2037 Sensit,
1595 1994 1714 2026 cen·

706 2052 835 2115 suit,
874 2052 1158 2122 judicavit,
1194 2055 1492 2106 consultum
1529 2054 1714 2116 duxit3

705 2134 854 2201 cujus
880 2134 1025 2184 verbi
1055 2153 1176 2184 usus
1199 2135 1332 2185 bene
1354 2133 1638 2186 adstruitur
1661 2133 1714 2183 in

709 2213 903 2264 (Mser-v.
928 2214 1112 2265 Miscel.
1137 2214 1292 2263 Tom.
1321 2214 1418 2274 lv,
1441 2233 1490 2282 p.
1528 2233 1546 2265 1
1562 2234 1588 2264 2
1604 2232 1641 2263 1.

791 2312 879 2345 22.
928 2295 1112 2361 Optato
1150 2312 1247 2362 pro
1283 2291 1548 2362 optando,
1577 2293 1719 2359 digne

707 2372 917 2433 d'envie,
950 2374 1080 2423 sicut
1110 2373 1337 2422 invictus
1366 2372 1627 2422 invincihle.
1652 2372 1716 2421 N.

791 2451 876 2504 23.
910 2453 1117 2512 Heroes,
1148 2452 1302 2502 Deum
1324 2472 1489 2519 genus.
1522 2453 1603 2504 Cf.
1631 2453 1716 2502 In-

708 2544 953 2599 terpretes
978 2529 1044 2582 ad
1073 2532 1189 2581 Val.
1219 2532 1386 2582 Flacc.
1417 2550 1468 2600 p.
1501 2539 1530 2593 4
1553 2570 1565 2593 ,
1592 2529 1716 2582 edit.

711 2611 1016 2661 Burmanni.
1040 2642 1119 2651 —
1146 2611 1195 2661 O
1222 2610 1345 2659 bona
1366 2623 1544 2670 mater,
1574 2632 1605 2660 0
1629 2611 1723 2662 bo·

711 2708 827 2739 nani
867 2703 916 2740 et
953 2691 1156 2740 beatam
1195 2702 1446 2751 matrem,
1471 2709 1589 2760 qum
1630 2708 1720 2740 vos

712 2768 833 2818 tales
865 2781 915 2819 et
944 2782 1046 2819 tam
1082 2781 1261 2838 optato
1293 2768 1551 2819 seclorum
1588 2782 1718 2820 tem-

712 2866 838 2915 pore
884 2848 1114 2917 peperit!
1160 2881 1239 2889 —
1282 2848 1382 2898 Alii
1422 2848 1527 2899 alio
1570 2867 1718 2899 sensu

712 2926 819 2977 haec
858 2929 1016 2978 verba
1057 2948 1102 2979 ο.
1147 2929 1191 2979 b.
1233 2948 1294 2979 m.
1337 2928 1719 2998 explicuerunt.

709 3006 841 3057 Mihi
875 3008 1172 3075 potissimus
1200 3007 1459 3078 interpres
1481 3007 1621 3057 visus
1649 3020 1721 3057 est

707 3086 1147 3138 Mitscherlichius
1166 3129 1179 3149 ‚
1209 3090 1298 3156 qui
1332 3088 1443 3139 haec
1472 3086 1541 3139 ad
1579 3086 1721 3136 The·

710 3165 813 3216 tida
844 3168 1032 3228 refert,
1059 3167 1180 3237 quia
1204 3166 1401 3217 deabus
1424 3179 1719 3217 maternum

711 3265 930 3308 nomen,
960 3259 1016 3296 ut
1047 3244 1147 3296 diis
1175 3260 1449 3315 paternum
1474 3263 1723 3296 veneran-

708 3322 762 3374 di
792 3343 943 3375 causa
975 3326 1318 3377 tribuebatur.
1356 3327 1418 3375 N.

794 3408 881 3452 26.
905 3404 1174 3453 AEmatlzice
1194 3406 1402 3454 columen
1427 3405 1479 3454 in
1505 3403 1720 3474 quibus·

710 3481 864 3545 dam;
916 3482 1058 3533 haud
1103 3481 1264 3535 dubie
1311 3504 1371 3535 ex
1418 3485 1600 3553 glossa.
1648 3514 1722 3522 —

721 3565 765 3613 T
763 3562 977 3612 laessalice
1018 3564 1258 3623 columen,
1295 3564 1346 3614 in
1389 3582 1496 3632 quo
1538 3562 1724 3613 nititur

709 3642 881 3694 omnis
906 3642 1185 3693 Thessaliae
1216 3642 1366 3692 salus.
1398 3643 1484 3693 Sic
1515 3644 1685 3709 βάθρον
1706 3680 1719 3699 ,

709 3727 910 3791 ἔρεισμα
958 3721 1098 3791 apud
1148 3722 1358 3774 Graecos
1390 3738 1403 3771 ε
1449 3718 1558 3771 vid.
1610 3719 1719 3771 Ga-

712 3804 883 3854 zucker.
906 3803 957 3853 in
987 3800 1264 3853 Adversar.
1293 3800 1512 3851 Miscell.
1541 3818 1585 3851 c.
1620 3817 1720 3859 πο,

712 3903 758 3950 p.
798 3883 892 3943 83,
926 3882 1205 3932 Rietershus.
1246 3878 1314 3931 ad
1348 3879 1578 3948 Oppian.
1614 3880 1719 3947 Cy-

712 3981 825 4028 neg.
865 3964 886 4011 1
910 4000 925 4024 ,
959 3980 1005 4024 1,
1027 3960 1184 4011 Cet-da
1206 3958 1270 4010 ad
1294 3959 1484 4027 Vin-gil.
1516 3957 1720 4009 [Eneid.

713 4042 816 4091 ΧΠ
835 4077 848 4094 ‚
878 4044 945 4107 59
967 4079 980 4101 ,
1015 4039 1277 4109 imprimis
1305 4039 1625 4088 Ilemsterlens.
1656 4037 1719 4088 ad

713 4121 930 4171 Lucian.
956 4121 1016 4170 T.
1046 4121 1099 4182 1,
1124 4138 1175 4186 p.
1210 4117 1328 4168 163.

1888 1757 1975 1806 ²7·
2018 1738 2217 1788 Amores
2265 1757 2407 1799 suos,
2456 1748 2659 1788 amatam
2696 1729 2769 1781 sibi

1802 1816 2101 1868 Thetidem.
2135 1816 2214 1868 Cf.
2249 1835 2407 1887 supra
2436 1815 2505 1869 ad
2533 1815 2688 1868 carm.
2710 1811 2772 1868 X·

1812 1914 1831 1947 1
1859 1934 1875 1958 ,
1904 1909 1951 1946 et
1986 1897 2105 1959 XV,
2143 1914 2188 1947 1.
2220 1896 2384 1949 Cessit
2411 1909 2582 1948 autem
2602 1890 2773 1959 Jupiter

1804 1994 1866 2025 eo
1883 1975 2133 2027 libentius
2148 1976 2302 2026 Peleo
2318 1974 2595 2027 Thetidem
2611 2013 2623 2037 ,
2640 1984 2773 2040 quum

1804 2054 1973 2105 filium
2012 2053 2272 2106 Thetidos
2306 2074 2369 2107 ex
2404 2056 2493 2106 sati
2525 2050 2775 2104 necessitate

1807 2135 1918 2201 ipso
1938 2148 2085 2203 patre
2111 2134 2381 2185 fortiorem
2411 2134 2697 2186 exstiturum
2715 2143 2775 2176 es·

1805 2233 1856 2263 se
1889 2214 2054 2265 sciret.
2084 2212 2209 2264 vid.
2238 2214 2434 2284 Hygin.
2467 2214 2587 2264 Fab.
2621 2209 2713 2269 54,
2737 2216 2778 2253 et

1807 2294 2134 2344 Hemsterlxus.
2163 2291 2229 2344 ad
2263 2294 2484 2344 Lucian.
2515 2292 2577 2342 T.
2608 2290 2661 2348 1,
2686 2301 2777 2356 pag·

1813 2371 1935 2424 205.

1891 2454 1979 2505 28.
2011 2452 2202 2508 Tenuit,
2235 2464 2292 2504 ut
2319 2452 2566 2503 maritum
2592 2444 2782 2515 comple·

1808 2550 1870 2581 xa
1898 2546 1987 2583 est.
2011 2532 2261 2601 Exempla
2287 2530 2353 2582 de
2382 2531 2487 2583 hoe
2519 2530 2668 2581 verbo
2694 2523 2780 2576 col-

1806 2611 1925 2679 legit
1961 2610 2169 2663 Gudius
2205 2609 2272 2662 ad
2315 2609 2526 2663 Phaedr.
2574 2604 2782 2660 Pub-11.

1813 2709 1838 2740 2
1856 2727 1870 2751 ,
1893 2696 1941 2751 4.
1965 2721 2045 2731 —-
2065 2691 2361 2759 Neptuniae,
2389 2691 2597 2749 ThetiS,
2622 2687 2786 2753 Neptu·

1806 2769 1858 2819 ni
1886 2771 2120 2839 potestati
2148 2770 2396 2837 subjecta.
2424 2766 2680 2821 Mitsclierl.
2703 2764 2789 2815 lau·

1807 2847 1897 2900 dat
1919 2850 2153 2900 Perizon.
2183 2847 2462 2901 Animadv.
2492 2848 2618 2900 Hist.
2642 2863 2682 2895 c.
2701 2840 2785 2893 IX.

1852 2969 1862 2979 .
1892 2935 2011 2989 2500.
2037 2962 2040 2964 v

1808 2948 1842 2998 p
1892 3027 1977 3074 ²9·
2000 3007 2217 3077 Tethys.
2246 3007 2376 3059 Coeli
2408 3020 2459 3058 et
2488 3008 2659 3059 Terre.
2679 3001 2786 3054 filia.

1810 3086 2006 3138 Oceani
2037 3106 2185 3137 soror
2215 3100 2267 3139 et
2300 3089 2531 3155 conjux,
2568 3103 2678 3156 quoe
2703 3082 2791 3132 Do·

1809 3165 1892 3216 rin
1915 3167 2139 3237 peperit,
2161 3164 2718 3237 Tbetidosparentem.
2736 3156 2788 3208 N·

1892 3245 1981 3315 30.ν
2011 3246 2320 3317 Oceanusque
2347 3258 2492 3314 pater
2527 3242 2673 3295 MSS.
2700 3240 2793 3290 Sta·

1811 3325 1888 3376 tii.
1929 3326 2122 3376 Mur-et.
2166 3325 2374 3396 Gryph.
2420 3338 2474 3376 et
2514 3325 2619 3376 alii.
2660 3322 2795 3372 Recte

1809 3403 2024 3474 quidem
2047 3423 2112 3455 ex
2135 3402 2388 3473 loquendi
2414 3421 2581 3455 more.
2602 3400 2680 3453 Cf.
2697 3397 2797 3446 Vit-

1811 3484 1899 3552 gil.
1933 3484 2126 3553 Georg.
2156 3485 2255 3545 IV,
2288 3485 2393 3536 382
2413 3520 2429 3545 ‚
2459 3494 2513 3533 et
2540 3482 2611 3533 ibi
2642 3476 2796 3531 Ursin-

1811 3561 1899 3613 sed
1942 3562 2204 3631 vulgatam
2246 3562 2378 3613 bene
2420 3559 2659 3613 defendit
2693 3554 2799 3609 Μίῑ·

1808 3642 2165 3693 scherlichius.

1891 3720 1919 3770 3
1933 3738 1974 3771 1.
2010 3721 2113 3788 Qui
2133 3720 2276 3771 simul
2295 3718 2635 3789 optatoefinieo
2656 3730 2804 3783 tmpo-

1809 3820 1859 3850 re
1894 3800 2010 3850 lucis
2052 3800 2106 3851 in
2149 3800 2385 3867 margine
2431 3800 2623 3850 Venet.
2657 3790 2800 3846 male!

1814 3892 1869 3929 ut
1896 3892 2034 3930 recte
2068 3876 2260 3946 judicat
2293 3878 2555 3929 Miescloerl.
2583 3909 2660 3918 —-
2697 3874 2804 3940 ΟΝ

1812 3960 1954 4009 simul
1974 3970 2127 4027 optat.
2159 3971 2258 4010 etc.
2287 3959 2566 4027 Eleganter
2592 3975 2689 4025 pro
2708 3951 2804 4002 vul·

1810 4039 1917 4107 gari
1962 4064 1981 4082 ι
2006 4038 2219 4089 simulac
2254 4037 2544 4089 destinatus
2576 4035 2656 4086 his
2683 4031 2800 4084 eele-

1814 4116 2026 4169 brandis
2054 4117 2250 4187 nuptiis
2271 4116 2382 4167 dies
2407 4116 2583 4166 illuxit
2611 4111 2806 4183 optatis·

2884 148 2899 338 l

2892 521 2903 942 ι

2900 1155 2911 1554 l
