2986 4935
902 438 1343 504 CARMEN
1402 440 1704 506 CXIII.

2194 436 2343 532 393

783 686 1344 775 CARMEN
1412 689 1761 779 CXIII.

1006 949 1116 993 AD
1171 948 1538 995 CINNAM.

313 1165 647 1228 Consum
679 1160 993 1251 Pompeio
1024 1158 1311 1251 primum
1345 1158 1509 1242 du0‚
1541 1160 1789 1246 Cinna,
1821 1160 2118 1234 solebant

418 1266 666 1334 Moechi
694 1291 708 1331 ε
736 1263 846 1332 illo
884 1264 1059 1332 facto
1098 1260 1384 1332 Consule
1424 1289 1602 1332 nunc
1642 1267 1879 1335 iterum

313 1374 705 1439 Manserunt
736 1369 902 1456 duo;
934 1369 1048 1439 sed
1082 1383 1435 1438 creverunt
1470 1369 1674 1439 millia
1710 1375 1777 1440 in
1813 1400 2022 1443 unum

414 1476 682 1570 Singula
711 1503 726 1544 ε
761 1475 1141 1545 foecundum
1175 1501 1396 1544 semen
1431 1474 1780 1546 adulterio.

281 1716 420 1765 Ana.
444 1715 524 1765 De
551 1714 822 1784 insigniter
844 1727 997 1766 aucto
1024 1713 1226 1766 adulte-

198 1812 385 1845 rorum
416 1811 637 1845 numero
663 1794 920 1863 queritur.

291 1892 313 1926 1
339 1911 355 1937 ‚
383 1892 433 1924 α.
461 1872 701 1924 Sedebant
720 1892 820 1943 pro
840 1873 1058 1924 solebant
1076 1872 1225 1925 editt.

195 1953 451 2005 Parthen.
461 1952 667 2023 Gryph.
684 1954 879 2005 Muret.
894 1953 1223 2023 Henricpetr.

199 2033 379 2085 Graev.
404 2044 457 2083 et
480 2032 593 2084 alio
616 2032 766 2085 editt.
791 2046 916 2084 vett.
942 2032 1047 2085 Sed
1073 2032 1221 2085 MSS.

199 2111 355 2164 Statii
392 2124 447 2162 et
480 2111 726 2180 scaligeri
752 2125 969 2164 tuentur
993 2113 1225 2166 solebant.

199 2222 285 2234 --
302 2191 564 2242 Moechalia
578 2232 592 2254 ,
611 2193 810 2258 atfacto
832 2191 957 2243 edit.
979 2191 1223 2244 Parthen.

198 2299 284 2310 —
316 2270 561 2322 Moechila'a
580 2312 596 2334 ,
620 2271 758 2336 sacto
790 2270 1000 2342 Gryph.
1028 2272 1224 2323 Muret.

198 2349 535 2420 Henricpetr.
556 2380 637 2391 —
661 2352 856 2404 Mecilia
874 2391 887 2412 ,
907 2352 1048 2417 facto
1074 2351 1223 2403 MSS.

197 2429 382 2495 Statii,
423 2428 566 2483 unde
607 2431 695 2484 ille
738 2430 975 2502 reposuit
1011 2432 1190 2484 Mache·
1205 2451 1224 2484 .·

198 2511 287 2561 illo
303 2512 445 2577 faceo
476 2511 534 2563 C.
567 2531 615 2564 n.
644 2517 811 2563 iterum
828 2532 848 2573 ‚·
872 2531 1032 2582 quam
1059 2513 1223 2581 ipsam

195 2590 478 2642 lectionem
505 2610 629 2643 cum
653 2591 855 2662 Vulpio
878 2592 1224 2661 praetulimus.

197 2700 281 2712 -—
307 2669 516 2732 Moeclzi,
557 2671 664 2733 illi,
702 2672 766 2721 αΙι
791 2672 931 2737 sacto
963 2671 1223 2742 Scaliger,

198 2766 360 2818 quem
402 2750 579 2819 plures
611 2751 772 2802 secuti
809 2763 946 2802 sunt.
982 2783 1063 2793 —
1098 2752 1223 2803 Μω-

198 2828 337 2879 chilla·
351 2869 366 2891 ‚
400 2830 543 2895 facto
565 2828 691 2882 edit.
720 2830 895 2883 Graev.
922 2828 1015 2887 sed
1041 2844 1224 2884 auctor

197 2906 359 2978 hujus
404 2907 643 2961 lectionis
685 2922 760 2961 est
800 2910 1097 2962 Turnebus.
1143 2944 1222 2952 —

195 2985 457 3039 Moeclmtei
472 2989 798 3040 Passeratius
821 3020 901 3030 -—-
929 2989 1129 3041 Coece'lc’o
1138 2993 1225 3058 sa-

196 3078 279 3116 ceo
310 3085 374 3120 ex
411 3068 616 3138 optimo
648 3068 936 3138 exemplari
967 3068 1222 3141 produxit

196 3146 433 3198 Vossius.
458 3176 535 3187 —
559 3147 787 3199 Solebam
813 3149 1003 3212 moeclu',
1040 3151 1221 3202 subin·

197 3225 377 3293 tellige
414 3227 628 3279 «sectari
655 3227 928 3289 muliereS,
958 3241 1219 3281 matrona-

195 3322 318 3356 rum
358 3303 668 3374 pudicitiam
712 3325 1009 3377 expugnare
1032 3349 1044 3368 ‚
1072 3335 1092 3354 ι
1136 3311 1219 3361 vel

192 3383 396 3452 aliquid
420 3384 524 3438 hoc
550 3386 849 3448 obscenius3
871 3420 949 3428 --
972 3385 1063 3438 sed
1089 3390 1222 3458 ejus·

196 3461 346 3514 modi
394 3464 743 3534 aposiopesis,
787 3485 889 3536 qua
938 3467 1220 3520 honestatis

192 3543 547 3614 castitatisque
571 3543 746 3596 studio
776 3546 854 3596 usi
881 3559 999 3597 sunt
1018 3548 1216 3599 Teren·

1314 1713 1444 1777 tius,
1465 1716 1722 1786 Virgilius
1752 1730 1803 1768 et
1824 1717 1946 1780 alii,
1976 1736 2164 1787 parum
2196 1718 2330 1772 mihi

1313 1795 1596 1846 convenire
1625 1794 1838 1847 videtur
1867 1798 2078 1867 ingenio
2104 1798 2334 1862 Catulli,

1312 1873 1404 1941 qui
1448 1892 1531 1925 res
1566 1876 1648 1925 vel
1688 1876 2080 1927 obscenissimas
2118 1879 2334 1931 nomine

1311 1969 1407 2002 suo
1432 1952 1683 2022 insignire
1709 1954 1863 2018 solet3
1893 1969 2022 2025 puto
2053 1957 2216 2026 igitur
2249 1958 2327 2007 vel

1309 2029 1591 2100 legendum
1627 2051 1734 2084 esse
1770 2035 1997 2085 sedebant
2027 2031 2172 2096 (vid.
2204 2036 2260 2085 V
2254 2056 2327 2085 ar.

1311 2104 1469 2176 Lect.)
1495 2111 1641 2181 quod
1664 2113 1898 2182 apposite
1930 2112 1999 2164 de
2027 2114 2335 2166 hominibus

1311 2188 1604 2242 libidinosis
1620 2190 1817 2244 dicitur
1833 2211 1847 2255 ;
1869 2188 1958 2252 (cf.
1978 2211 2134 2264 supra
2149 2195 2327 2245 Carm.

1309 2268 1608 2334 XXXVII,
1645 2261 1705 2336 6)
1734 2272 1816 2322 vel
1841 2273 2020 2323 locum
2046 2272 2120 2324 ita
2144 2273 2334 2326 rescri-

1310 2348 1547 2402 bendum
1568 2369 1675 2401 esse
1698 2368 1711 2403 ε
1745 2377 1767 2398 ι
1789 2352 1851 2404 C.
1874 2352 1933 2404 P.
1955 2371 2007 2421 p.
2031 2352 2085 2405 d.
2110 2352 2169 2402 C.
2196 2354 2330 2405 sole·

1310 2428 1437 2482 bant
1479 2430 1764 2496 Moechari;
1803 2443 1858 2484 at
1903 2432 2043 2484 facto
2083 2431 2143 2485 C.
2187 2453 2241 2486 n.
2290 2433 2327 2485 i.

1311 2507 1617 2562 Manserunt
1655 2510 1814 2564 duo.·
1857 2543 1937 2554 —
1968 2512 2175 2578 Quidni
2204 2515 2327 2565 sole-

1310 2589 1428 2639 bant
1461 2592 1771 2651 ἐλλειπτικῶς
1799 2611 1898 2662 pro
1923 2618 1945 2639 ι
1967 2594 2204 2645 solebant
2224 2595 2329 2646 exi·

1310 2679 1446 2720 stete
1456 2668 1478 2719 Ρ
1489 2694 1511 2713 ι
1535 2670 1601 2722 Ν.
1617 2702 1697 2711 —-
1712 2671 1916 2723 Consule
1926 2677 2130 2740 primum
2145 2675 2247 2726 An.
2259 2675 2329 2725 ab

1311 2748 1460 2799 Urbe
1478 2748 1709 2802 Condita
1726 2752 2105 2805 DCLXXXIV
2129 2771 2144 2805 ε
2163 2756 2329 2805 iterum

1309 2827 1603 2880 DCXCIX.

1393 2905 1450 2970 3,
1492 2914 1544 2970 4.
1581 2906 1832 2976 Singulum
1861 2908 1918 2960 in
1950 2908 2148 2962 Codice
2177 2912 2329 2964 Pata-

1310 2985 1433 3037 vino
1452 2999 1504 3038 et
1526 2987 1662 3039 libro
1684 2987 1956 3057 scaligeri,
1975 2989 2120 3059 quod
2138 2992 2328 3060 probat

1307 3063 1537 3133 Scaliger
1550 3104 1567 3129 ,
1584 3079 1634 3118 et
1651 3067 1815 3119 allatis
1824 3066 2140 3137 quibusdam
2158 3088 2331 3123 exem-

1309 3145 1408 3213 plis
1446 3144 1631 3209 docet,
1665 3144 1893 3198 mediam
1918 3148 2153 3199 vocalem
2187 3162 2327 3202 recte

1308 3223 1362 3274 in
1404 3225 1503 3276 hac
1541 3243 1669 3277 voce
1713 3226 1887 3294 prisco
1927 3246 2074 3279 more
2117 3227 2325 3280 extrudi

1306 3323 1472 3373 posse.
1498 3337 1577 3348 —-
1600 3305 1702 3355 Sed
1724 3319 1966 3357 creverunt
1984 3347 1996 3357 .
2020 3346 2033 3359 .
2051 3346 2064 3358 .
2091 3308 2284 3376 shegula
2304 3351 2318 3368 ,

1305 3382 1394 3434 sed
1413 3385 1485 3435 ita
1511 3398 1829 3449 manserunt,
1852 3398 1909 3438 ut
1930 3387 2137 3456 singula
2160 3386 2322 3438 millia

1303 3462 1358 3513 in
1374 3482 1539 3515 unum
1567 3466 1646 3516 vel
1661 3465 1922 3535 singulum
1933 3479 2332 3528 succrescerent,

1303 3543 1358 3594 h.
1374 3563 1419 3596 e.
1435 3557 1489 3596 ut
1512 3564 1572 3595 ex
1593 3543 1805 3598 duobus
1819 3543 1928 3597 duo
1950 3545 2115 3599 millia
2128 3546 2329 3599 fierent.
