2986 4935
848 502 1534 572 TESTIMONIA.
2173 495 2266 565 23

156 680 351 765 Idem,
372 680 485 748 lib.
501 683 575 749 Χ
576 685 623 747 I
624 682 709 764 V,
743 686 915 775 epig.
951 705 987 774 7
1003 706 1071 775 7,
1087 681 1279 777 qnod
1297 680 1700 763 inscribitur,
1729 683 1956 749 Cavea
1980 678 2270 747 Eborea.
2407 650 2410 651 ⁷

250 856 317 920 Si
349 854 465 921 tibi
506 852 652 922 talis
684 857 844 939 erit,
878 854 1139 948 qualem
1167 854 1408 923 dilecta
1445 856 1715 924 Catullo

352 959 600 1028 Lesbia
639 959 944 1053 plorabat
966 1015 985 1046 ‚
1027 961 1139 1029 hic
1176 961 1471 1029 habitare
1507 976 1743 1054 potest.

627 1136 815 1204 Idem
833 1189 854 1222 ,
904 1137 1015 1205 lib.
1061 1137 1294 1206 eodem
1313 1192 1331 1222 ‚
1379 1143 1590 1231 epigr.
1655 1136 1815 1229 195.

251 1311 535 1376 Tantum
567 1334 805 1404 magna
843 1336 963 1378 suo
994 1311 1191 1379 debet
1226 1316 1502 1379 Verona
1537 1314 1843 1393 (Ἇίιιίίο,

354 1418 701 1501 Quantum
736 1440 942 1509 parva
973 1442 1093 1485 suo
1124 1419 1399 1485 Mantua
1428 1417 1724 1511 Virgilio.

253 1521 473 1605 (Vide
497 1538 570 1589 et
592 1529 800 1617 epigr.
851 1548 871 1590 ι
895 1522 933 1593 5
947 1548 985 1591 2
1013 1574 1031 1604 ‚
1060 1522 1356 1612 ejmdem
1384 1517 1596 1607 libri.)

415 1707 505 1771 A.
544 1703 831 1786 Gellius,
876 1705 1070 1771 Noct.
1105 1704 1317 1769 Accae.
1350 1701 1456 1769 lib.
1504 1705 1681 1785 VH,
1717 1726 1869 1796 cap.
1909 1727 2023 1769 20.

169 1880 462 1946 (mullas
493 1901 754 1970 quoque
784 1876 1303 1971 elegantissimus
1335 1890 1698 1970 poetarum.

257 1976 384 2071 (Et
413 1983 604 2075 insta
632 1983 779 2052 eod.
825 1978 1116 2079 capite.)

746 2156 966 2241 Idem,
1009 2155 1117 2224 lib.
1160 2160 1367 2240 XIX,
1410 2181 1562 2250 cap.
1614 2180 1680 2249 9.

258 2333 501 2424 Ecquis
556 2345 932 2398 nostrorum
992 2345 1332 2424 poetarum
1388 2347 1524 2399 tam
1581 2332 1854 2399 fluentes
1909 2331 2277 2398 carminum

163 2436 418 2506 delicias
456 2435 762 2506 fecisset?
795 2439 915 2506 nisi
952 2439 1254 2506 Catullus
1280 2493 1299 2522 ‚
1335 2440 1679 2532 inquiunt,
1719 2438 1888 2506 forte
1927 2459 2132 2530 pauca
2156 2492 2174 2518 ,
2215 2452 2279 2503 et

165 2542 399 2611 Calvus
434 2543 657 2612 itidem
706 2569 936 2637 pauca.

258 2645 478 2734 (Vide
513 2650 817 2718 eumdem
849 2650 959 2718 lib.
1000 2652 1108 2718 Vl
1130 2705 1147 2737 ,
1175 2676 1326 2746 cap.
1381 2649 1526 2736 16.)

558 2829 631 2894 A
633 2831 905 2894 usonius
933 2829 1285 2920 Drepanio
1319 2831 1586 2896 Pacato
1621 2832 1880 2895 blano.

266 3005 396 3070 Cui
418 2999 599 3067 dono
629 3000 920 3094 lepidum
950 3024 1188 3069 novum
1217 3001 1507 3068 libellum
1525 3056 1542 3083 ‚

264 3109 676 3172 Veronensis
716 3109 806 3175 ait
834 3123 1056 3201 poeta
1099 3107 1427 3200 quondam
1454 3161 1470 3192 ,

263 3214 675 3305 Inventoque
710 3212 889 3281 dedit
921 3215 1139 3282 statim
1179 3212 1441 3306 Nepoti.

522 3387 952 3473 Macrobius,
991 3388 1101 3456 lib.
1140 3393 1240 3471 II,
1281 3389 1628 3457 Satur-nal.
1667 3410 1819 3479 cap.
1869 3410 1920 3452 1.

260 3562 718 3631 Saturnalibus
738 3615 756 3649 ‚
792 3565 1042 3657 optimo
1076 3564 1325 3631 dierum
1348 3615 1365 3646 ‚
1403 3576 1478 3629 ut
1506 3563 1595 3628 ait
1631 3566 2035 3629 Veronensis
2048 3577 2284 3655 poeta.

353 3664 579 3756 (Vide
604 3695 877 3742 carmen
905 3662 1143 3756 XIV.)

721 3832 794 3896 L.
838 3828 1170 3923 Apuleius
1190 3879 1210 3909 ‚
1258 3831 1326 3892 in
1371 3827 1743 3920 Apologia.

265 4011 519 4079 Eadem
558 4009 759 4101 igitur
802 4029 998 4098 opera
1036 4018 1343 4072 accusent
1394 4006 1461 4072 C.
1510 4005 1883 4087 Οιιιιιίίιιιη,
1918 4003 2092 4094 quod
2137 4006 2290 4069 Les-

164 4119 335 4187 biam
368 4142 490 4211 pro
525 4112 761 4183 Clodia
795 4113 1166 4179 nominarit.

1851 4238 1930 4305 2¹0
