2986 4935
677 375 776 468 96

1208 379 1286 445 C.
1329 379 1769 449 VALERII
1828 383 2298 453 CATULLI

998 511 1154 596 Isti,
1190 512 1349 604 quoi
1388 536 1872 604 nequeservus
1907 529 2043 601 est,
2080 541 2297 611 neque
2338 542 2531 606 arca3

994 618 1215 704 Quam
1255 617 1347 686 sic
1384 632 1449 686 te
1487 620 1737 689 sineres
1774 622 1858 689 ab
1894 619 2005 690 illo
2036 625 2264 705 amari.

994 721 1171 811 Qui?
1207 748 1342 791 non
1386 739 1486 793 est
1524 726 1727 795 homo
1768 726 2022 798 bellus?
2056 730 2332 823 inquies,
2365 734 2521 801 Est:

995 829 1125 898 Sed
1170 828 1343 898 bello
1388 830 1547 900 huic
1594 857 1809 928 neque
1853 860 2085 903 servus
2120 851 2255 924 est,
2298 863 2517 933 neque
2562 865 2736 911 arca.

997 939 1156 1004 Haec
1196 950 1298 1022 tu,
1331 962 1533 1031 quam
1574 937 1787 1026 lubet,
1826 942 2034 1031 abjice
2069 940 2388 1038 elevaque
2422 971 2439 1011 :

995 1044 1137 1110 Nec
1183 1068 1448 1111 servum
1486 1059 1708 1114 tamen
1747 1046 1853 1116 ille
1891 1048 2119 1132 habet,
2153 1075 2369 1145 neque
2403 1076 2647 1123 arcam.

762 1223 811 1275 5.
849 1224 937 1274 Isti
968 1243 1092 1276 cum
1123 1238 1430 1296 contemptu
1457 1246 1557 1297 pru
1586 1227 1704 1298 ipso

678 1303 912 1355 nomine.

761 1387 813 1434 6.
848 1384 931 1434 Sic
949 1426 963 1446 ‚
998 1397 1102 1435 tam
1128 1385 1404 1437 inhonesto
1429 1385 1610 1440 modo,

763 1482 793 1530 7
806 1504 817 1514 .
834 1464 994 1513 Homo
1009 1464 1232 1516 belluscf.
1251 1464 1318 1516 ad
1330 1468 1506 1518 Carni.
1526 1468 1706 1531 XXII,

681 1564 732 1609 9.
760 1576 838 1583 —-—
857 1543 952 1594 Cui
974 1544 1048 1594 m'l
1070 1558 1154 1596 cst.
1183 1546 1374 1598 Muret.
1403 1546 1500 1597 Cui
1519 1568 1615 1597 non
1638 1560 1707 1598 ese

684 1622 807 1673 Stat.
840 1624 977 1673 Hui!
1016 1644 1111 1673 non
1139 1637 1212 1675 est
1238 1626 1376 1675 homo
1409 1625 1585 1690 bellus,
1633 1632 1708 1678 in·

680 1705 808 1770 quies
824 1710 853 1752 Ρ
874 1717 961 1755 est.
986 1704 1210 1774 Meleag.

1874 1249 1933 1299 9,
1963 1233 2162 1284 onIoc
2181 1234 2235 1286 in
2259 1234 2594 1306 quibusdam.
2615 1272 2699 1281 —
2714 1241 2819 1292 Ab·

1781 1311 1900 1380 sice,
1922 1312 2075 1380 parvi
2095 1312 2288 1383 pende.
2302 1315 2584 1369 -Cicero
2605 1322 2822 1373 verbum

1792 1391 1995 1460 abjicere
2007 1411 2189 1463 oppon
2197 1395 2234 1445 it
2244 1395 2409 1447 verbo
2425 1397 2656 1449 extollere
2666 1400 2822 1451 dicen-

1794 1471 1875 1524 do.
1897 1472 2045 1524 Orat.
2071 1474 2163 1525 36.
2183 1504 2263 1514 -—
2279 1476 2521 1547 Elevaque
2543 1475 2695 1550 (λόγῳ
2714 1482 2820 1533 κού-

1799 1553 1900 1619 <pits
1919 1547 1968 1614 ,)
1990 1551 2165 1604 verbis
2190 1555 2372 1606 emolli
2401 1570 2454 1607 et
2484 1570 2730 1612 extenua.
2751 1593 2823 1602 --

1799 1631 1850 1680 Ν
1853 1651 1904 1681 ec
1919 1651 2099 1682 servum
2112 1644 2286 1697 tamen,
2305 1646 2379 1687 est
2395 1648 2446 1689 et
2460 1651 2639 1691 manet
2652 1651 2818 1692 tamen

1799 1710 1964 1764 homo
1977 1714 2363 1783 pauperrimus.

1289 1900 1846 1989 CARMEN
1913 1907 2223 1995 XXV.

1464 2121 1568 2164 AD
1625 2120 1780 2166 T11A
1798 2123 2041 2169 LLUM.

889 2293 1180 2357 Cmffinr,
1212 2289 1470 2375 Thalle,
1504 2289 1767 2359 mollior
1800 2294 2091 2363 cuniculi
2120 2297 2392 2391 capillo,

893 2395 1012 2464 Vel
1058 2398 1305 2463 anseris
1349 2396 1742 2485 medullula,
1782 2398 1885 2467 vel
1932 2401 2135 2471 imula
2177 2405 2462 2495 oricilla‚

888 2500 1012 2568 Vel
1053 2527 1222 2594 pene
1259 2502 1570 2596 languido
1610 2509 1814 2593 senis,
1847 2510 2106 2603 situque
2138 2536 2489 2601 arane0803

761 2695 903 2744 Aac.
928 2690 1198 2752 Thallum,
1221 2693 1491 2745 hominem
1518 2697 1711 2748 mollis-

685 2774 876 2825 simum
907 2769 1263 2843 eumdemque
1292 2775 1708 2844 rapacissimum,

682 2854 772 2923 qui
801 2853 1019 2923 pallium
1054 2864 1104 2902 et
1137 2852 1381 2923 quaedam
1410 2855 1511 2906 alia
1543 2856 1710 2908 furaci

685 2952 842 2983 manu
862 2931 1071 2983 Catullo
1092 2947 1330 3003 surrepta
1352 2946 1599 3004 tanquam
1621 2955 1709 2987 sua

684 3013 854 3083 palam
875 3012 1069 3062 habere
1089 3033 1196 3065 non
1219 3015 1581 3077 erubescebat,
1599 3036 1714 3086 gra·

685 3093 815 3146 viter
836 3104 1031 3155 monet,
1060 3106 1118 3143 ut
1144 3113 1266 3144 mox
1295 3094 1384 3145 illa
1408 3094 1507 3145 sibi
1534 3097 1713 3148 remit-

684 3186 787 3236 tat,
834 3172 932 3223 nisi
975 3190 1153 3241 poenas
1200 3176 1606 3228 contumeliosas
1656 3176 1709 3226 in

688 3252 834 3304 molli
852 3270 1076 3320 corpore
1092 3251 1309 3320 flagellis
1323 3253 1601 3322 exigendas
1625 3253 1714 3307 da·

684 3352 742 3383 re
771 3332 910 3381 velit.
939 3331 1021 3382 Cf.
1053 3350 1167 3401 sup.
1193 3333 1367 3384 Carni.
1385 3335 1714 3386 XH-Versus

685 3423 805 3461 suut
831 3411 1126 3479 septenarii.
1144 3443 1211 3453 —
1230 3413 1345 3463 Imo
1367 3427 1540 3465 octon.
1560 3415 1710 3467 catal.

773 3513 817 3542 1.
861 3490 1030 3540 Thalle
1065 3504 1140 3541 est
1174 3492 1389 3543 fortasse
1417 3512 1610 3545 nomen
1644 3496 1710 3546 fi-

687 3583 851 3633 ctum,
879 3568 1241 3622 adulescentiae
1269 3570 1564 3624 indicandae
1586 3593 1708 3626 cau-

689 3669 770 3712 sa,
803 3667 832 3701 e
861 3667 1028 3718 graeca
1057 3668 1187 3701 voce
1217 3654 1384 3711 θαλλὸς
1417 3653 1477 3701 de
1497 3660 1709 3722 germine

690 3731 808 3780 oleae
827 3741 873 3779 et
890 3733 1055 3799 quavis
1061 3731 1243 3793 fronde
1258 3733 1415 3781 viridi
1429 3730 1617 3786 dictus.
1631 3765 1708 3777 —-

688 3810 834 3861 Moll.
857 3813 1007 3861 cunic.
1038 3811 1210 3877 capillo
1227 3851 1242 3873 ,
1273 3810 1340 3862 ad
1362 3830 1521 3863 omne
1543 3832 1707 3883 genus

682 3890 914 3961 pilorum
955 3889 1226 3941 transferri
1271 3893 1493 3961 capillum
1534 3912 1706 3945 exem·

680 3970 781 4038 plis
821 3968 1064 4038 probavit
1099 3970 1596 4023 Drackenborchius
1636 3974 1705 4025 ad

678 4049 792 4100 Liv.
821 4060 856 4101 t.
882 4050 982 4109 IV,
1008 4068 1060 4119 p.
1094 4051 1224 4116 597.

1885 2719 1910 2750 2
1926 2740 1936 2750 .
1956 2704 2156 2753 Anser-[s
2170 2704 2447 2756 medullula.
2466 2708 2670 2761 Eadem
2688 2731 2827 2764 com·

1800 2781 2072 2849 paratione
2100 2781 2169 2833 ad
2193 2802 2451 2837 summam
2475 2787 2716 2844 hominis
2736 2812 2825 2845 cu·

1795 2858 2002 2928 jusdam
2031 2861 2290 2932 impudici
2319 2866 2598 2920 mollitiem
2630 2869 2829 2925 descri-

1800 2938 2030 2991 bendam
2078 2961 2200 2993 usus
2248 2957 2323 2996 est
2365 2960 2548 3000 auctor
2598 2948 2654 3000 in
2704 2953 2825 3004 Lus.

1800 3020 1969 3082 LXV,
2003 3042 2019 3070 1
2035 3060 2046 3071 .
2071 3053 2150 3062 ——·
2180 3023 2280 3073 Vel
2298 3026 2443 3075 [mula
2465 3029 2676 3082 oricilla.
2707 3031 2831 3084 Imi-

1799 3111 1933 3150 tatus
1964 3113 2039 3151 est
2071 3101 2259 3154 Cicero
2290 3103 2356 3155 ad
2390 3106 2573 3170 Quint.
2609 3110 2829 3164 frauem

1798 3180 1880 3242 ΙΙ,
1915 3198 1933 3230 1
1950 3180 1976 3233 5
1993 3219 2008 3243 ,
2044 3180 2137 3230 ubi
2169 3188 2484 3238 est‘aurc'cula
2514 3187 2685 3256 insama
2709 3191 2831 3243 mol·

1800 3259 1905 3310 lior.
1933 3290 2013 3300 -—
2042 3262 2186 3312 Inula
2212 3266 2443 3317 morie-illa
2474 3270 2555 3319 vel
2594 3271 2830 3323 moe-nbula

1798 3340 1878 3389 vel
1909 3340 2143 3391 molicella
2163 3358 2412 3415 corrupte
2435 3346 2491 3397 in
2513 3346 2644 3402 libb.
2673 3350 2829 3404 MSS.

1799 3417 1940 3470 unde
1974 3419 2125 3472 fluxit
2155 3423 2275 3474 satis
2314 3423 2491 3495 lepida
2521 3430 2833 3498 conjectura

1799 3498 1946 3550 Statii
1979 3502 2111 3550 inula
2143 3505 2427 3556 amat-icilla.
2460 3506 2524 3557 In
2552 3506 2689 3563 edit.
2719 3511 2831 3582 pri-

1800 3596 1884 3629 ma
1912 3580 2106 3631 Mureti
2126 3595 2177 3633 et
2210 3584 2327 3634 aliis
2352 3587 2738 3642 vetustioribus
2757 3592 2833 3643 le-

1795 3658 1936 3725 gitur
1965 3661 2160 3712 lu'nmela
2187 3665 2378 3715 tenella.
2427 3665 2546 3719 Alia
2580 3668 2833 3723 lectionis

1797 3752 2027 3791 monstra
2057 3741 2195 3811 piget
2224 3742 2439 3796 addere.

1879 3817 1929 3870 3.
1977 3818 2177 3890 Simque
2211 3843 2458 3879 araneoso.
2502 3827 2835 3901 Intelligitur

1796 3915 2038 3967 suspensa
2055 3900 2105 3950 in
2125 3902 2253 3953 locis
2274 3902 2488 3957 desertis
2504 3924 2833 3962 aranearum

1796 3989 2016 4041 textura,
2032 3993 2214 4033 natura
2241 4002 2332 4035 sua
2355 3985 2686 4047 mollissima,
2714 4008 2835 4062 quae

1795 4055 1948 4108 etiam
1981 4059 2032 4109 in
2064 4060 2183 4113 Lus.
2212 4064 2533 4129 LXXXIII,
2564 4086 2637 4135 29
2658 4109 2677 4134 ‚
2711 4076 2836 4123 situs
