2986 4935
786 423 1230 490 CARMEN
1288 421 1569 489 LXIV.
2100 424 2246 498 255

254 551 356 619 Nil
400 565 700 620 metuunt
737 551 997 645 jurare,
1033 551 1195 621 nihil
1239 554 1625 646 promittere
1659 569 1988 648 parcunt:

251 659 372 726 Sed
412 657 601 726 simul
638 682 716 725 ac
751 658 1007 751 cupidae
1048 662 1283 728 mentis
1326 660 1564 728 satiata
1608 658 1810 730 libido
1856 675 1986 742 est,

249 766 432 833 Dicta
467 762 625 832 nihil
659 780 992 850 metuere,
1023 763 1183 833 nihil
1216 765 1504 858 perjuria
1538 781 1789 835 curant.

249 873 435 940 Certe
480 894 605 964 ego
641 885 704 938 te
739 872 805 939 in
842 871 1060 940 medio
1096 885 1467 940 versantem
1507 873 1768 941 turbine
1814 872 1924 941 leti

253 979 505 1070 Eripui‚
542 991 608 1044 et
645 978 865 1072 potius
900 1001 1286 1072 germanum
1324 979 1628 1047 amittere
1664 982 1876 1062 crevi,
2180 1010 2250 1048 ις..

250 1085 453 1170 Quam
490 1083 606 1150 tibi
643 1081 855 1152 fallaci
892 1109 1201 1176 supremo
1237 1084 1303 1151 in
1341 1098 1642 1177 tempore
1678 1084 1991 1155 deessem.

251 1191 368 1257 Pro
409 1214 538 1284 quo
582 1187 1001 1270 dilaceranda
1049 1190 1200 1258 feris
1245 1189 1453 1258 dabor
1492 1189 1882 1285 alitibusque

255 1294 495 1381 Praeda,
536 1319 755 1388 neque
793 1297 1031 1389 injecta
1073 1295 1450 1365 tumulabor
1489 1313 1752 1366 mortua
1789 1313 1980 1367 terra.

252 1403 556 1489 Quaenam
597 1415 662 1469 te
699 1404 924 1493 genuit
962 1401 1100 1471 sola
1135 1402 1257 1471 sub
1294 1427 1456 1496 rupe
1496 1401 1740 1472 leaena?

251 1506 433 1594 Quod
463 1532 649 1575 mare
682 1524 1078 1603 conceptum
1115 1509 1571 1603 spumantibus
1604 1511 1861 1604 exspuit
1897 1509 2130 1579 undis?
2180 1541 2253 1578 ιε’.

251 1614 404 1701 Quae
438 1615 684 1707 Syrtis,
718 1639 862 1707 quae
897 1614 1112 1709 Scylla
1151 1638 1395 1691 vorax.
1423 1641 1569 1708 quae
1604 1631 1789 1685 vasta
1820 1616 2226 1711 Charybdis»,

249 1719 414 1788 Talia
448 1721 561 1814 qui
601 1719 819 1789 reddis
853 1746 977 1815 pro
1014 1720 1187 1790 dulci
1229 1723 1500 1816 praemia
1540 1720 1719 1790 vita?

249 1826 307 1893 Si
342 1825 453 1894 tibi
487 1852 627 1894 non
661 1826 844 1895 cordi
882 1827 1144 1896 fuerant
1177 1827 1506 1895 connubia
1537 1843 1795 1914 nostra,

166 2007 356 2074 Collect.
371 2007 609 2064 adLucr.
630 2029 673 2063 s.
689 2013 931 2079 v‚upisci,
957 2023 1006 2061 et
1021 2029 1153 2080 quos
1236 2012 1385 2077 jectae
1404 2023 1554 2062 terrae
1579 2023 1671 2062 aut
1693 2012 1924 2081 pulveris
1948 2011 2251 2064 sufficiebat.

166 2084 317 2142 laudat
340 2089 469 2143 Cart.
495 2085 565 2142 ad
594 2090 731 2142 Pliu.
752 2089 916 2160 Epist.
941 2090 1037 2144 IV.
1067 2091 1120 2142 8.
1241 2089 1322 2140 Cf.
1357 2089 1541 2142 Horat.
1569 2086 1673 2141 Od.
1699 2092 1724 2141 1
1741 2126 1759 2152 ‚
1786 2093 1854 2144 28
1877 2129 1891 2154 ,
1930 2092 1995 2143 23
2021 2129 2037 2156 ‚
2063 2092 2251 2160 virgil.

238 2170 452 2230 146.Nil
463 2181 676 2221 metuunt
684 2172 786 2238 jur.
806 2168 1147 2237 nihilpmmiet.
1241 2171 1361 2219 AEn.
1395 2169 1474 2218 VI
1491 2206 1508 2231 ,
1542 2168 1647 2221 365
1663 2206 1679 2231 ,
1704 2168 1847 2223 adde
1873 2171 2154 2224 Rinerslms.
2185 2168 2254 2222 ad

161 2265 275 2312 parc.
316 2249 446 2302 leve·
483 2251 537 2302 in
595 2247 1056 2315 obtestationibus,
1102 2260 1154 2299 et
1242 2245 1471 2317 Oppian.
1506 2246 1731 2300 Halieut.
1766 2250 1853 2311 11,
1890 2249 2023 2303 36⁵:
2041 2254 2130 2318 γῆν
2173 2251 2254 2300 vel

169 2325 318 2379 faciles
337 2329 386 2380 in
408 2328 861 2399 promissionibus.
1241 2327 1365 2378 κόνιν
1396 2329 1747 2396 ἀπαρνήσασθαι
1779 2328 2024 2381 dicebant
2050 2329 2219 2381 Graeci
2242 2347 2257 2380 ε

235 2410 347 2471 148.
390 2409 534 2460 Dicta
574 2408 704 2459 nihil
748 2419 948 2458 metuere
983 2424 1151 2477 graece
1240 2404 1349 2459 vid.
1381 2407 1597 2457 Dor-ville
1621 2406 1690 2459 ad
1718 2409 1993 2461 Chariton.
2024 2426 2078 2479 p.
2109 2416 2215 2472 4²²
2239 2445 2255 2471 ‚

168 2502 249 2552 pro
272 2500 456 2540 metuere
480 2490 637 2540 solent
655 2528 669 2550 ,
701 2501 758 2540 ut
789 2506 945 2558 supra
973 2487 1150 2539 Carm.
1247 2487 1313 2538 23
1334 2524 1350 2549 ‚
1383 2485 1511 2538 edit.
1546 2488 1689 2557 Lips.

167 2563 322 2633 LXII,
347 2575 407 2632 4²
424 2607 440 2632 ,
458 2582 711 2639 optavere;
750 2580 801 2620 et
826 2586 877 2620 v.
918 2566 987 2619 53
1012 2605 1028 2631 ,
1069 2586 1151 2617 ac·
1327 2566 1492 2629 154·1
1510 2567 1598 2619 56.
1627 2567 1861 2635 Quanam
1876 2580 1921 2619 te
1934 2572 2101 2637 genuit
2118 2606 2131 2629 ,
2159 2581 2257 2621 etc.

167 2646 335 2700 colam.
1240 2645 1411 2697 Locus
1432 2664 1653 2716 sequens
1672 2647 1727 2697 in
1757 2642 2103 2700 describendo
2121 2645 2257 2700 duro

240 2732 352 2797 149.
380 2727 438 2779 In
460 2727 615 2780 medio
643 2724 826 2776 turbine
856 2726 940 2776 leti
969 2726 1152 2795 exqui·
1242 2735 1292 2774 et
1338 2726 1492 2777 ferrei
1530 2727 1758 2796 pectoris
1793 2727 2009 2778 homine
2054 2744 2189 2798 saepe
2228 2746 2257 2778 a

170 2804 246 2855 site
263 2825 352 2877 pro
377 2832 399 2854 ι
415 2807 469 2859 in
491 2824 704 2861 summo
718 2804 837 2857 vitae
854 2803 1109 2875 periculo,
1125 2830 1146 2849 ι
1242 2804 1407 2873 poetis
1451 2803 1637 2857 iisdem
1671 2806 1777 2856 fere
1808 2806 2121 2876 imaginibus
2159 2805 2252 2858 ad·

173 2895 216 2933 ut
235 2903 279 2935 v.
303 2887 656 2958 151‚suprem0
681 2889 732 2938 in
755 2897 973 2955 tempore.
1244 2884 1519 2935 umbratus
1560 2898 1651 2935 est.
1685 2886 1773 2936 Sic
1805 2885 2006 2936 Tibull.
2041 2886 2157 2947 111,
2188 2894 2219 2947 4
2239 2922 2256 2943 ,

239 2966 352 3018 150.
376 2965 665 3018 Germanum
682 2986 702 3025 ;
733 2964 945 3016 fratrem
979 2963 1152 3015 Mino·
1245 2962 1413 3031 85-93
1437 2999 1452 3025 ,
1475 2964 1565 3015 ubi
1593 2964 1743 3033 copia
1767 2963 1991 3014 nimium
2014 2964 2257 3016 tritorum

173 3054 381 3110 taurum,
415 3051 537 3098 crevi
553 3088 567 3111 ,
608 3043 818 3097 decrevi
845 3081 860 3108 ‚
903 3041 1152 3114 judicavi.
1241 3041 1658 3111 phantasmatum
1694 3043 1748 3093 in
1778 3043 1877 3094 hae
1907 3062 1965 3093 re
1992 3040 2257 3094 fastidium

173 3124 322 3177 —Cfi
346 3124 514 3179 Plaut.
534 3126 664 3178 cist.
695 3126 751 3181 1.
785 3142 831 3186 t,
869 3140 914 3173 1.
943 3123 1009 3174 N.
1241 3139 1388 3190 paene
1431 3136 1573 3173 creat
1596 3157 1611 3183 ,
1637 3118 1901 3189 judicante
1928 3122 2140 3190 Ηεγηίο.
2174 3121 2258 3174 Sic

231 3205 352 3257 152.
370 3203 697 3256 Dilaceranda
713 3206 836 3270 seris
858 3202 1027 3262 dabor,
1053 3215 1152 3254 etc.
1243 3199 1384 3252 Dido
1411 3200 1553 3269 apud
1577 3202 1724 3271 Virg.
1748 3201 1843 3255 IV.
1881 3202 1991 3254 365
2007 3240 2020 3263 ,
2044 3214 2095 3252 et
2115 3199 2261 3272 apud

173 3281 297 3349 quod
319 3286 693 3337 atrocissimum
712 3282 882 3334 visum
902 3294 978 3333 est
1001 3282 1156 3333 Vete-
1244 3277 1403 3331 Ovid.
1441 3278 1661 3331 Heroid.
1687 3281 1821 3345 vn,
1854 3278 1924 3349 37
1940 3311 1961 3322 ·
1985 3287 2056 3343 40
2076 3319 2090 3343 ,
2119 3281 2258 3333 conf.

172 3359 321 3427 ribus,
349 3376 405 3416 ut
429 3365 593 3417 velex
615 3362 802 3434 primis
824 3359 1018 3413 Iliados
1039 3380 1154 3412 ver-
1243 3360 1599 3411 Metam.vl11
1616 3396 1633 3424 ‚
1671 3378 1693 3414 1
1708 3378 1778 3412 πο
1809 3378 1919 3431 sqq.
1946 3392 2024 3401 —
2048 3360 2223 3411 Leoena
2244 3380 2261 3411 .·

173 3436 292 3492 sibus
319 3430 523 3495 notum.
551 3443 637 3495 Cf.
667 3441 856 3512 virgil.
887 3444 1006 3492 AEn.
1037 3441 1115 3493 IX
1138 3476 1153 3503 ‚
1242 3440 1308 3491 cf.
1337 3457 1495 3508 supra
1520 3440 1696 3491 Carm.
1737 3440 1832 3490 LX
1850 3478 1865 3503 ,
1913 3458 1958 3503 1,
1992 3440 2260 3493 Theocrit.

177 3518 266 3576 485
286 3560 301 3585 ,
319 3535 368 3574 et
392 3522 462 3575 ibi
492 3524 826 3593 Interpretes.
1245 3517 1404 3590 Idyll.
1428 3519 1647 3580 XXIII,
1676 3536 1736 3587 ¹9
1752 3556 1767 3583 ,
1792 3523 1947 3579 κακᾶς
1978 3520 2263 3589 ἀνάθριμμι

245 3617 262 3651 ι
277 3600 360 3652 53.
381 3603 561 3671 Injecta
592 3614 718 3652 terra
745 3594 941 3667 (χυτῇ)
974 3617 1037 3650 cx
1059 3619 1153 3651 no·
1241 3600 1435 3658 λεαίνας
1444 3598 1693 3665 .-—Quod
1708 3618 1835 3649 mare
1851 3611 2057 3668 concept.
2078 3601 2261 3668 γλαυκὴ

176 3674 600 3734 tissimaVeterum
629 3680 995 3751 superstitione
1012 3717 1025 3740 ,
1055 3697 1155 3748 qua
1244 3673 1304 3728 δέ
1350 3697 1404 3728 σι
1447 3679 1582 3730 τίκτε
1623 3678 1866 3730 θάλασσα.
1915 3677 2064 3730 Iliad.
2102 3679 2233 3730 XVI
2253 3716 2266 3738 ,

176 3770 326 3813 manes
344 3760 600 3813 inhumati
623 3758 859 3831 corporis
880 3777 986 3809 nou
1013 3777 1161 3828 posse
1257 3756 1346 3818 34.
1364 3789 1441 3797 -
1464 3756 1631 3826 Scylla
1659 3777 1811 3827 rapas
1841 3758 1995 3809 Voss.

176 3836 311 3901 quieti
332 3836 441 3892 dari
464 3880 479 3903 ‚
501 3838 593 3892 sed
614 3853 822 3892 centum
837 3856 1002 3889 annos
1024 3837 1161 3889 circa
1338 3837 1461 3906 157.
1497 3838 1599 3888 Pno
1639 3837 1769 3888 dulci
1802 3840 1937 3897 vita,
1982 3836 2035 3888 h.
2080 3854 2128 3888 e.
2166 3854 2265 3905 pro

175 3912 468 3985 &natael
493 3921 631 3972 circa
653 3937 846 3988 corpus
872 3934 1046 3969 errare
1067 3936 1163 3988 pu·
1249 3934 1367 3967 cara
1391 3915 1486 3966 tibi
1510 3930 1707 3969 servata
1734 3916 1858 3968 vita.
1886 3916 1967 3969 Cf.
1997 3934 2048 3967 v.
2090 3933 2108 3966 ι
2124 3918 2193 3977 48
2219 3928 2270 3967 et

175 3994 402 4049 tubantur.
429 3997 508 4051 Ad
531 4003 663 4068 justa
687 4010 862 4051 autem
887 3996 1161 4048 inhumato
1262 4014 1281 4046 1
1299 3998 1389 4047 51.
1423 3996 1569 4047 Dulci
1594 3996 1854 4064 eleganter
1883 4014 1985 4066 pro
2016 4007 2116 4047 ma.
2148 3997 2271 4046 Len-

176 4077 357 4143 ωψσε-ἰ
391 4076 638 4130 solvenda
677 4078 754 4129 vel
790 4076 1048 4149 particula
1083 4075 1161 4126 in·
1254 4079 1354 4125 zius
1382 4072 1447 4125 de
1478 4076 1701 4127 Veneris
1725 4072 1930 4143 gaudiis
1957 4074 2165 4144 accipit.
