<?xml version="1.0" encoding="UTF-8"?>
<!DOCTYPE html PUBLIC "-//W3C//DTD XHTML 1.0 Transitional//EN"
    "http://www.w3.org/TR/xhtml1/DTD/xhtml1-transitional.dtd">
<html xmlns="http://www.w3.org/1999/xhtml" xml:lang="en" lang="en">
 <head>
  <title>
</title>
<meta http-equiv="Content-Type" content="text/html;charset=utf-8" />
  <meta name='ocr-system' content='tesseract 3.04.00' />
  <meta name='ocr-capabilities' content='ocr_page ocr_carea ocr_par ocr_line ocrx_word'/>
</head>
<body>
  <div class='ocr_page' id='page_1' title='image "./cvaleriuscatull00naudgoog_0249.png"; bbox 0 0 2986 4935; ppageno 0'>
   <div class='ocr_carea' id='block_1_1' title="bbox 827 470 1613 538">
    <p class='ocr_par' dir='ltr' id='par_1_1' title="bbox 827 470 1613 538">
     <span class='ocr_line' id='line_1_1' title="bbox 827 470 1613 538; baseline -0.006 -1"><span class='ocrx_word' id='word_1_1' title='bbox 827 470 1273 538; x_wconf 88' lang='lat' dir='ltr'><strong>CARMEN</strong></span> <span class='ocrx_word' id='word_1_2' title='bbox 1331 471 1613 536; x_wconf 85' lang='lat' dir='ltr'><strong>LXIV.</strong></span> 
     </span>
    </p>
   </div>
   <div class='ocr_carea' id='block_1_2' title="bbox 2130 466 2277 538">
    <p class='ocr_par' dir='ltr' id='par_1_2' title="bbox 2130 466 2277 538">
     <span class='ocr_line' id='line_1_2' title="bbox 2130 466 2277 538; baseline -0.02 0"><span class='ocrx_word' id='word_1_3' title='bbox 2130 466 2277 538; x_wconf 80' lang='lat'>233</span> 
     </span>
    </p>
   </div>
   <div class='ocr_carea' id='block_1_3' title="bbox 267 600 2048 909">
    <p class='ocr_par' dir='ltr' id='par_1_3' title="bbox 267 600 2048 909">
     <span class='ocr_line' id='line_1_3' title="bbox 268 600 1921 694; baseline -0.005 -22"><span class='ocrx_word' id='word_1_4' title='bbox 268 604 381 673; x_wconf 90' lang='lat' dir='ltr'>Illa</span> <span class='ocrx_word' id='word_1_5' title='bbox 425 604 652 671; x_wconf 90' lang='lat' dir='ltr'>rudem</span> <span class='ocrx_word' id='word_1_6' title='bbox 697 627 892 671; x_wconf 86' lang='lat' dir='ltr'>cursu</span> <span class='ocrx_word' id='word_1_7' title='bbox 937 603 1144 694; x_wconf 88' lang='lat' dir='ltr'>prima</span> <span class='ocrx_word' id='word_1_8' title='bbox 1184 600 1424 667; x_wconf 85' lang='lat' dir='ltr'>imbuit</span> <span class='ocrx_word' id='word_1_9' title='bbox 1455 600 1921 692; x_wconf 84' lang='lat' dir='ltr'><strong>Amphitriten.</strong></span> 
     </span>
     <span class='ocr_line' id='line_1_4' title="bbox 271 705 2048 799; baseline -0.003 -21"><span class='ocrx_word' id='word_1_10' title='bbox 271 714 431 798; x_wconf 83' lang='lat' dir='ltr'>Quae</span> <span class='ocrx_word' id='word_1_11' title='bbox 474 708 661 778; x_wconf 88' lang='lat' dir='ltr'>simul</span> <span class='ocrx_word' id='word_1_12' title='bbox 701 733 779 777; x_wconf 88' lang='lat' dir='ltr'>ac</span> <span class='ocrx_word' id='word_1_13' title='bbox 809 723 1025 776; x_wconf 89' lang='lat' dir='ltr'>rostro</span> <span class='ocrx_word' id='word_1_14' title='bbox 1064 721 1407 774; x_wconf 89' lang='lat' dir='ltr'>ventosum</span> <span class='ocrx_word' id='word_1_15' title='bbox 1444 705 1757 799; x_wconf 82' lang='lat' dir='ltr'>proscidit</span> <span class='ocrx_word' id='word_1_16' title='bbox 1793 730 2048 797; x_wconf 82' lang='lat' dir='ltr'>aequoi·‚</span> 
     </span>
     <span class='ocr_line' id='line_1_5' title="bbox 267 811 1808 909; baseline -0.004 -25"><span class='ocrx_word' id='word_1_17' title='bbox 267 820 589 909; x_wconf 77' lang='lat' dir='ltr'><strong>Tortaque</strong></span> <span class='ocrx_word' id='word_1_18' title='bbox 632 816 904 907; x_wconf 84' lang='lat' dir='ltr'>remigio</span> <span class='ocrx_word' id='word_1_19' title='bbox 942 816 1190 907; x_wconf 88' lang='lat' dir='ltr'>spumis</span> <span class='ocrx_word' id='word_1_20' title='bbox 1225 811 1561 879; x_wconf 83' lang='lat' dir='ltr'>incanduit</span> <span class='ocrx_word' id='word_1_21' title='bbox 1598 811 1808 896; x_wconf 85' lang='lat' dir='ltr'>unda;</span> 
     </span>
    </p>
   </div>
   <div class='ocr_carea' id='block_1_4' title="bbox 172 1021 1168 4188">
    <p class='ocr_par' dir='ltr' id='par_1_4' title="bbox 176 1021 1167 1332">
     <span class='ocr_line' id='line_1_6' title="bbox 178 1021 1164 1085; baseline -0.003 -10"><span class='ocrx_word' id='word_1_22' title='bbox 178 1026 236 1076; x_wconf 81' lang='lat' dir='ltr'>cf.</span> <span class='ocrx_word' id='word_1_23' title='bbox 259 1023 409 1076; x_wconf 83' lang='lat' dir='ltr'>Ovid.</span> <span class='ocrx_word' id='word_1_24' title='bbox 434 1025 647 1076; x_wconf 83' lang='lat' dir='ltr'>Metam.</span> <span class='ocrx_word' id='word_1_25' title='bbox 673 1023 827 1085; x_wconf 82' lang='lat' dir='ltr'>XIV,</span> <span class='ocrx_word' id='word_1_26' title='bbox 855 1021 985 1085; x_wconf 86' lang='lat'>531,</span> <span class='ocrx_word' id='word_1_27' title='bbox 1008 1035 1060 1073; x_wconf 89' lang='lat' dir='ltr'>et</span> <span class='ocrx_word' id='word_1_28' title='bbox 1091 1021 1164 1073; x_wconf 79' lang='lat' dir='ltr'>ihi</span> 
     </span>
     <span class='ocr_line' id='line_1_7' title="bbox 177 1101 1165 1173; baseline -0.004 -18"><span class='ocrx_word' id='word_1_29' title='bbox 177 1104 483 1173; x_wconf 82' lang='lat' dir='ltr'>Interpretes.</span> <span class='ocrx_word' id='word_1_30' title='bbox 533 1102 672 1155; x_wconf 84' lang='lat' dir='ltr'>Hinc</span> <span class='ocrx_word' id='word_1_31' title='bbox 715 1103 824 1171; x_wconf 87' lang='lat' dir='ltr'>ipse</span> <span class='ocrx_word' id='word_1_32' title='bbox 861 1102 1006 1153; x_wconf 90' lang='lat' dir='ltr'>locus</span> <span class='ocrx_word' id='word_1_33' title='bbox 1022 1139 1038 1163; x_wconf 89' lang='lat'>,</span> <span class='ocrx_word' id='word_1_34' title='bbox 1076 1101 1165 1152; x_wconf 87' lang='lat' dir='ltr'>ubi</span> 
     </span>
     <span class='ocr_line' id='line_1_8' title="bbox 176 1183 1167 1244; baseline -0.005 -9"><span class='ocrx_word' id='word_1_35' title='bbox 176 1202 315 1235; x_wconf 81' lang='lat' dir='ltr'>naves</span> <span class='ocrx_word' id='word_1_36' title='bbox 327 1183 657 1244; x_wconf 63' lang='lat' dir='ltr'>subticeantur,</span> <span class='ocrx_word' id='word_1_37' title='bbox 671 1184 1167 1240; x_wconf 70' lang='lat' dir='ltr'>vocaturtextritmm,·</span> 
     </span>
     <span class='ocr_line' id='line_1_9' title="bbox 178 1258 1106 1332; baseline -0.002 -20"><span class='ocrx_word' id='word_1_38' title='bbox 178 1261 276 1314; x_wconf 77' lang='lat' dir='ltr'>vid.</span> <span class='ocrx_word' id='word_1_39' title='bbox 300 1261 422 1313; x_wconf 70' lang='lat' dir='ltr'>Serv.</span> <span class='ocrx_word' id='word_1_40' title='bbox 439 1259 507 1316; x_wconf 82' lang='lat' dir='ltr'>ad</span> <span class='ocrx_word' id='word_1_41' title='bbox 529 1262 679 1332; x_wconf 78' lang='lat' dir='ltr'>Virg.</span> <span class='ocrx_word' id='word_1_42' title='bbox 703 1265 822 1312; x_wconf 81' lang='lat' dir='ltr'>AEn.</span> <span class='ocrx_word' id='word_1_43' title='bbox 845 1262 920 1312; x_wconf 88' lang='lat' dir='ltr'>XI</span> <span class='ocrx_word' id='word_1_44' title='bbox 938 1300 952 1323; x_wconf 94' lang='lat'>,</span> <span class='ocrx_word' id='word_1_45' title='bbox 978 1258 1106 1311; x_wconf 72' lang='lat'>326.</span> 
     </span>
    </p>

    <p class='ocr_par' dir='ltr' id='par_1_5' title="bbox 172 1339 1168 4188">
     <span class='ocr_line' id='line_1_10' title="bbox 253 1339 1164 1410; baseline -0.003 -17"><span class='ocrx_word' id='word_1_46' title='bbox 253 1360 270 1393; x_wconf 82' lang='lat'><em>1</em></span> <span class='ocrx_word' id='word_1_47' title='bbox 288 1361 334 1393; x_wconf 80' lang='lat' dir='ltr'>x.</span> <span class='ocrx_word' id='word_1_48' title='bbox 361 1343 514 1393; x_wconf 71' lang='lat' dir='ltr'>Prora</span> <span class='ocrx_word' id='word_1_49' title='bbox 543 1360 641 1410; x_wconf 83' lang='lat' dir='ltr'>pro</span> <span class='ocrx_word' id='word_1_50' title='bbox 663 1345 823 1408; x_wconf 74' lang='lat' dir='ltr'>prima</span> <span class='ocrx_word' id='word_1_51' title='bbox 853 1339 1070 1391; x_wconf 76' lang='lat' dir='ltr'>Vossius</span> <span class='ocrx_word' id='word_1_52' title='bbox 1103 1358 1164 1390; x_wconf 85' lang='lat' dir='ltr'>ex</span> 
     </span>
     <span class='ocr_line' id='line_1_11' title="bbox 177 1418 1163 1489; baseline 0 -20"><span class='ocrx_word' id='word_1_53' title='bbox 177 1418 299 1471; x_wconf 88' lang='lat' dir='ltr'>libro</span> <span class='ocrx_word' id='word_1_54' title='bbox 323 1420 695 1472; x_wconf 80' lang='lat' dir='ltr'>Mediolanensi</span> <span class='ocrx_word' id='word_1_55' title='bbox 718 1438 730 1471; x_wconf 93' lang='lat'>:</span> <span class='ocrx_word' id='word_1_56' title='bbox 755 1418 898 1489; x_wconf 87' lang='lat' dir='ltr'>quod</span> <span class='ocrx_word' id='word_1_57' title='bbox 926 1420 968 1470; x_wconf 89' lang='lat' dir='ltr'>si</span> <span class='ocrx_word' id='word_1_58' title='bbox 994 1419 1163 1469; x_wconf 88' lang='lat' dir='ltr'>omni·</span> 
     </span>
     <span class='ocr_line' id='line_1_12' title="bbox 177 1498 1164 1563; baseline 0 -16"><span class='ocrx_word' id='word_1_59' title='bbox 177 1516 238 1549; x_wconf 92' lang='lat' dir='ltr'>no</span> <span class='ocrx_word' id='word_1_60' title='bbox 276 1498 597 1552; x_wconf 85' lang='lat' dir='ltr'>retinendum</span> <span class='ocrx_word' id='word_1_61' title='bbox 648 1500 711 1551; x_wconf 78' lang='lat' dir='ltr'>sit</span> <span class='ocrx_word' id='word_1_62' title='bbox 729 1538 745 1563; x_wconf 98' lang='lat'>,</span> <span class='ocrx_word' id='word_1_63' title='bbox 783 1501 940 1550; x_wconf 85' lang='lat' dir='ltr'>verba</span> <span class='ocrx_word' id='word_1_64' title='bbox 987 1498 1164 1549; x_wconf 82' lang='lat' dir='ltr'>saltem</span> 
     </span>
     <span class='ocr_line' id='line_1_13' title="bbox 178 1576 1168 1647; baseline -0.002 -19"><span class='ocrx_word' id='word_1_65' title='bbox 178 1576 238 1629; x_wconf 74' lang='lat' dir='ltr'>sic</span> <span class='ocrx_word' id='word_1_66' title='bbox 271 1579 398 1631; x_wconf 87' lang='lat' dir='ltr'>inter</span> <span class='ocrx_word' id='word_1_67' title='bbox 425 1598 477 1631; x_wconf 75' lang='lat' dir='ltr'>se</span> <span class='ocrx_word' id='word_1_68' title='bbox 507 1576 837 1631; x_wconf 84' lang='lat' dir='ltr'>concilianda</span> <span class='ocrx_word' id='word_1_69' title='bbox 867 1589 1011 1647; x_wconf 83' lang='lat' dir='ltr'>putat</span> <span class='ocrx_word' id='word_1_70' title='bbox 1047 1577 1168 1627; x_wconf 84' lang='lat' dir='ltr'>Mit-</span> 
     </span>
     <span class='ocr_line' id='line_1_14' title="bbox 176 1651 1166 1727; baseline 0 -22"><span class='ocrx_word' id='word_1_71' title='bbox 176 1657 354 1718; x_wconf 53' lang='lat' dir='ltr'>schum</span> <span class='ocrx_word' id='word_1_72' title='bbox 389 1660 482 1710; x_wconf 77' lang='lat' dir='ltr'>lua</span> <span class='ocrx_word' id='word_1_73' title='bbox 498 1677 650 1726; x_wconf 75' lang='lat' dir='ltr'>prora</span> <span class='ocrx_word' id='word_1_74' title='bbox 687 1651 772 1724; x_wconf 89' lang='lat' dir='ltr'>(in</span> <span class='ocrx_word' id='word_1_75' title='bbox 804 1658 978 1727; x_wconf 84' lang='lat' dir='ltr'>primo</span> <span class='ocrx_word' id='word_1_76' title='bbox 1006 1654 1166 1717; x_wconf 85' lang='lat' dir='ltr'>casu)</span> 
     </span>
     <span class='ocr_line' id='line_1_15' title="bbox 179 1737 1167 1807; baseline 0 -21"><span class='ocrx_word' id='word_1_77' title='bbox 179 1737 269 1786; x_wconf 82' lang='lat' dir='ltr'>rud.</span> <span class='ocrx_word' id='word_1_78' title='bbox 295 1739 526 1806; x_wconf 76' lang='lat' dir='ltr'>Amphitr.</span> <span class='ocrx_word' id='word_1_79' title='bbox 561 1738 726 1788; x_wconf 81' lang='lat' dir='ltr'>imbuit</span> <span class='ocrx_word' id='word_1_80' title='bbox 745 1777 759 1798; x_wconf 91' lang='lat'>,</span> <span class='ocrx_word' id='word_1_81' title='bbox 795 1756 902 1807; x_wconf 72' lang='lat' dir='ltr'>quoe</span> <span class='ocrx_word' id='word_1_82' title='bbox 921 1776 934 1797; x_wconf 88' lang='lat'>,</span> <span class='ocrx_word' id='word_1_83' title='bbox 971 1748 1068 1787; x_wconf 87' lang='lat' dir='ltr'>etc.</span> <span class='ocrx_word' id='word_1_84' title='bbox 1089 1768 1167 1776; x_wconf 90' lang='lat'>--</span> 
     </span>
     <span class='ocr_line' id='line_1_16' title="bbox 179 1816 1167 1884; baseline 0.001 -20"><span class='ocrx_word' id='word_1_85' title='bbox 179 1817 268 1867; x_wconf 76' lang='lat' dir='ltr'>Aut</span> <span class='ocrx_word' id='word_1_86' title='bbox 288 1816 616 1869; x_wconf 80' lang='lat' dir='ltr'>scribendum</span> <span class='ocrx_word' id='word_1_87' title='bbox 641 1836 778 1867; x_wconf 81' lang='lat' dir='ltr'>cursu</span> <span class='ocrx_word' id='word_1_88' title='bbox 791 1816 1167 1884; x_wconf 55' lang='lat' dir='ltr'>prora—Pri·</span> 
     </span>
     <span class='ocr_line' id='line_1_17' title="bbox 179 1894 1167 1964; baseline 0 -20"><span class='ocrx_word' id='word_1_89' title='bbox 179 1913 280 1945; x_wconf 76' lang='lat' dir='ltr'>mam</span> <span class='ocrx_word' id='word_1_90' title='bbox 296 1896 412 1948; x_wconf 82' lang='lat' dir='ltr'>Stat.</span> <span class='ocrx_word' id='word_1_91' title='bbox 431 1909 480 1948; x_wconf 92' lang='lat' dir='ltr'>et</span> <span class='ocrx_word' id='word_1_92' title='bbox 502 1894 727 1948; x_wconf 85' lang='lat' dir='ltr'>Corrad.</span> <span class='ocrx_word' id='word_1_93' title='bbox 753 1897 888 1946; x_wconf 86' lang='lat' dir='ltr'>male</span> <span class='ocrx_word' id='word_1_94' title='bbox 912 1895 924 1945; x_wconf 92' lang='lat'>!</span> <span class='ocrx_word' id='word_1_95' title='bbox 946 1894 1032 1944; x_wconf 84' lang='lat' dir='ltr'>vix</span> <span class='ocrx_word' id='word_1_96' title='bbox 1053 1907 1167 1964; x_wconf 87' lang='lat' dir='ltr'>eget</span> 
     </span>
     <span class='ocr_line' id='line_1_18' title="bbox 181 1973 1167 2042; baseline -0.001 -17"><span class='ocrx_word' id='word_1_97' title='bbox 181 1974 361 2042; x_wconf 80' lang='lat' dir='ltr'>vulgata</span> <span class='ocrx_word' id='word_1_98' title='bbox 388 1973 850 2028; x_wconf 75' lang='lat' dir='ltr'>commendatione</span> <span class='ocrx_word' id='word_1_99' title='bbox 873 1986 1067 2024; x_wconf 87' lang='lat' dir='ltr'>nostra.</span> <span class='ocrx_word' id='word_1_100' title='bbox 1089 2007 1167 2014; x_wconf 90' lang='lat'>-—</span> 
     </span>
     <span class='ocr_line' id='line_1_19' title="bbox 179 2053 1166 2127; baseline 0.001 -24"><span class='ocrx_word' id='word_1_101' title='bbox 179 2053 348 2121; x_wconf 72' lang='lat' dir='ltr'>Impulit</span> <span class='ocrx_word' id='word_1_102' title='bbox 362 2069 551 2127; x_wconf 64' lang='lat' dir='ltr'>prater</span> <span class='ocrx_word' id='word_1_103' title='bbox 570 2057 919 2106; x_wconf 83' lang='lat' dir='ltr'>necessitatem</span> <span class='ocrx_word' id='word_1_104' title='bbox 945 2054 1166 2121; x_wconf 86' lang='lat' dir='ltr'>conjecit</span> 
     </span>
     <span class='ocr_line' id='line_1_20' title="bbox 177 2131 1166 2203; baseline 0 -21"><span class='ocrx_word' id='word_1_105' title='bbox 177 2131 327 2184; x_wconf 82' lang='lat' dir='ltr'>Titius</span> <span class='ocrx_word' id='word_1_106' title='bbox 355 2133 416 2186; x_wconf 86' lang='lat' dir='ltr'>ad</span> <span class='ocrx_word' id='word_1_107' title='bbox 455 2134 606 2186; x_wconf 84' lang='lat' dir='ltr'>Grat.</span> <span class='ocrx_word' id='word_1_108' title='bbox 641 2136 842 2203; x_wconf 77' lang='lat' dir='ltr'>Cyneg.</span> <span class='ocrx_word' id='word_1_109' title='bbox 874 2152 924 2184; x_wconf 88' lang='lat' dir='ltr'>v.</span> <span class='ocrx_word' id='word_1_110' title='bbox 961 2133 1051 2183; x_wconf 80' lang='lat'>65.</span> <span class='ocrx_word' id='word_1_111' title='bbox 1086 2161 1166 2172; x_wconf 88' lang='lat'>--</span> 
     </span>
     <span class='ocr_line' id='line_1_21' title="bbox 176 2211 1166 2284; baseline 0.001 -23"><span class='ocrx_word' id='word_1_112' title='bbox 176 2211 259 2261; x_wconf 81' lang='lat' dir='ltr'>Illa</span> <span class='ocrx_word' id='word_1_113' title='bbox 281 2218 424 2279; x_wconf 77' lang='lat' dir='ltr'>prium</span> <span class='ocrx_word' id='word_1_114' title='bbox 444 2235 462 2267; x_wconf 93' lang='lat'>.·</span> <span class='ocrx_word' id='word_1_115' title='bbox 483 2213 759 2284; x_wconf 85' lang='lat' dir='ltr'>quomodo</span> <span class='ocrx_word' id='word_1_116' title='bbox 781 2216 936 2281; x_wconf 79' lang='lat' dir='ltr'>prima</span> <span class='ocrx_word' id='word_1_117' title='bbox 959 2211 1166 2280; x_wconf 75' lang='lat' dir='ltr'>naviga-</span> 
     </span>
     <span class='ocr_line' id='line_1_22' title="bbox 178 2290 1166 2360; baseline 0 -18"><span class='ocrx_word' id='word_1_118' title='bbox 178 2290 347 2344; x_wconf 84' lang='lat' dir='ltr'>tionem</span> <span class='ocrx_word' id='word_1_119' title='bbox 358 2307 574 2346; x_wconf 73' lang='lat' dir='ltr'>tentasse</span> <span class='ocrx_word' id='word_1_120' title='bbox 584 2291 789 2345; x_wconf 85' lang='lat' dir='ltr'>dicatur</span> <span class='ocrx_word' id='word_1_121' title='bbox 801 2295 962 2358; x_wconf 73' lang='lat' dir='ltr'>Argo,</span> <span class='ocrx_word' id='word_1_122' title='bbox 978 2303 1166 2360; x_wconf 77' lang='lat' dir='ltr'>praeter</span> 
     </span>
     <span class='ocr_line' id='line_1_23' title="bbox 179 2369 1164 2440; baseline 0.001 -19"><span class='ocrx_word' id='word_1_123' title='bbox 179 2369 404 2440; x_wconf 86' lang='lat' dir='ltr'>Vulpium</span> <span class='ocrx_word' id='word_1_124' title='bbox 466 2371 766 2425; x_wconf 85' lang='lat' dir='ltr'>docuerunt</span> <span class='ocrx_word' id='word_1_125' title='bbox 810 2371 1040 2422; x_wconf 74' lang='lat' dir='ltr'>Muticker</span> <span class='ocrx_word' id='word_1_126' title='bbox 1097 2369 1164 2422; x_wconf 87' lang='lat' dir='ltr'>ad</span> 
     </span>
     <span class='ocr_line' id='line_1_24' title="bbox 177 2447 1162 2520; baseline 0.003 -20"><span class='ocrx_word' id='word_1_127' title='bbox 177 2447 345 2520; x_wconf 78' lang='lat' dir='ltr'>Hygia.</span> <span class='ocrx_word' id='word_1_128' title='bbox 361 2452 481 2505; x_wconf 81' lang='lat' dir='ltr'>Fab.</span> <span class='ocrx_word' id='word_1_129' title='bbox 507 2453 589 2503; x_wconf 85' lang='lat' dir='ltr'>XI</span> <span class='ocrx_word' id='word_1_130' title='bbox 605 2491 622 2515; x_wconf 92' lang='lat'>,</span> <span class='ocrx_word' id='word_1_131' title='bbox 641 2453 942 2504; x_wconf 80' lang='lat' dir='ltr'>Burmannus</span> <span class='ocrx_word' id='word_1_132' title='bbox 957 2449 1025 2503; x_wconf 85' lang='lat' dir='ltr'>ad</span> <span class='ocrx_word' id='word_1_133' title='bbox 1043 2451 1162 2503; x_wconf 87' lang='lat' dir='ltr'>Val.</span> 
     </span>
     <span class='ocr_line' id='line_1_25' title="bbox 177 2528 1162 2601; baseline 0 -20"><span class='ocrx_word' id='word_1_134' title='bbox 177 2528 320 2583; x_wconf 81' lang='lat' dir='ltr'>Flacc.</span> <span class='ocrx_word' id='word_1_135' title='bbox 359 2535 439 2597; x_wconf 80' lang='grc' dir='ltr'>ΙΙ,</span> <span class='ocrx_word' id='word_1_136' title='bbox 475 2534 586 2601; x_wconf 79' lang='lat'>287</span> <span class='ocrx_word' id='word_1_137' title='bbox 607 2570 621 2594; x_wconf 91' lang='lat'>,</span> <span class='ocrx_word' id='word_1_138' title='bbox 661 2545 711 2583; x_wconf 89' lang='lat' dir='ltr'>et</span> <span class='ocrx_word' id='word_1_139' title='bbox 757 2531 1046 2584; x_wconf 73' lang='lat' dir='ltr'>Schrader-us</span> <span class='ocrx_word' id='word_1_140' title='bbox 1095 2529 1162 2581; x_wconf 83' lang='lat' dir='ltr'>ad</span> 
     </span>
     <span class='ocr_line' id='line_1_26' title="bbox 175 2608 1161 2683; baseline 0.001 -24"><span class='ocrx_word' id='word_1_141' title='bbox 175 2608 403 2663; x_wconf 70' lang='lat' dir='ltr'>Musaeum</span> <span class='ocrx_word' id='word_1_142' title='bbox 431 2632 552 2683; x_wconf 83' lang='lat' dir='ltr'>pag.</span> <span class='ocrx_word' id='word_1_143' title='bbox 581 2612 857 2681; x_wconf 79' lang='lat'><strong>37²·375·</strong></span> <span class='ocrx_word' id='word_1_144' title='bbox 884 2643 960 2651; x_wconf 94' lang='lat'>—</span> <span class='ocrx_word' id='word_1_145' title='bbox 987 2611 1161 2660; x_wconf 85' lang='lat' dir='ltr'>Verba</span> 
     </span>
     <span class='ocr_line' id='line_1_27' title="bbox 176 2689 1162 2761; baseline 0.003 -22"><span class='ocrx_word' id='word_1_146' title='bbox 176 2690 343 2753; x_wconf 69' lang='lat' dir='ltr'>rudem,</span> <span class='ocrx_word' id='word_1_147' title='bbox 372 2697 524 2761; x_wconf 80' lang='lat' dir='ltr'>prima</span> <span class='ocrx_word' id='word_1_148' title='bbox 563 2693 633 2743; x_wconf 82' lang='lat' dir='ltr'>ita</span> <span class='ocrx_word' id='word_1_149' title='bbox 665 2689 997 2760; x_wconf 84' lang='lat' dir='ltr'>intelligenda</span> <span class='ocrx_word' id='word_1_150' title='bbox 1030 2708 1162 2759; x_wconf 85' lang='lat' dir='ltr'>prae-</span> 
     </span>
     <span class='ocr_line' id='line_1_28' title="bbox 175 2767 1163 2841; baseline 0 -22"><span class='ocrx_word' id='word_1_151' title='bbox 175 2767 247 2819; x_wconf 88' lang='lat' dir='ltr'>bet</span> <span class='ocrx_word' id='word_1_152' title='bbox 264 2771 506 2841; x_wconf 83' lang='lat' dir='ltr'>Vulpius:</span> <span class='ocrx_word' id='word_1_153' title='bbox 532 2798 557 2817; x_wconf 77' lang='grc' dir='ltr'>ι</span> <span class='ocrx_word' id='word_1_154' title='bbox 579 2791 687 2823; x_wconf 87' lang='lat' dir='ltr'>non</span> <span class='ocrx_word' id='word_1_155' title='bbox 706 2769 847 2841; x_wconf 90' lang='lat' dir='ltr'>quod</span> <span class='ocrx_word' id='word_1_156' title='bbox 861 2782 981 2821; x_wconf 87' lang='lat' dir='ltr'>ante</span> <span class='ocrx_word' id='word_1_157' title='bbox 1002 2771 1163 2837; x_wconf 84' lang='lat' dir='ltr'>Argo-</span> 
     </span>
     <span class='ocr_line' id='line_1_29' title="bbox 176 2849 1162 2920; baseline 0.002 -22"><span class='ocrx_word' id='word_1_158' title='bbox 176 2862 419 2903; x_wconf 71' lang='lat' dir='ltr'>nautarum</span> <span class='ocrx_word' id='word_1_159' title='bbox 459 2849 849 2920; x_wconf 84' lang='lat' dir='ltr'>expeditionem</span> <span class='ocrx_word' id='word_1_160' title='bbox 888 2868 917 2899; x_wconf 94' lang='lat' dir='ltr'>a</span> <span class='ocrx_word' id='word_1_161' title='bbox 952 2849 1162 2900; x_wconf 84' lang='lat' dir='ltr'>nemine</span> 
     </span>
     <span class='ocr_line' id='line_1_30' title="bbox 177 2925 1158 3001; baseline 0 -23"><span class='ocrx_word' id='word_1_162' title='bbox 177 2925 310 2981; x_wconf 75' lang='lat' dir='ltr'>fuerit</span> <span class='ocrx_word' id='word_1_163' title='bbox 349 2932 649 3001; x_wconf 76' lang='lat' dir='ltr'>navigatum</span> <span class='ocrx_word' id='word_1_164' title='bbox 684 2946 696 2981; x_wconf 92' lang='lat'><strong>:</strong></span> <span class='ocrx_word' id='word_1_165' title='bbox 730 2928 969 2981; x_wconf 76' lang='lat' dir='ltr'>Catullus</span> <span class='ocrx_word' id='word_1_166' title='bbox 1019 2928 1158 2979; x_wconf 78' lang='lat' dir='ltr'>enini</span> 
     </span>
     <span class='ocr_line' id='line_1_31' title="bbox 176 3004 1161 3081; baseline -0.002 -21"><span class='ocrx_word' id='word_1_167' title='bbox 176 3004 269 3073; x_wconf 74' lang='lat' dir='ltr'>ipse</span> <span class='ocrx_word' id='word_1_168' title='bbox 289 3008 337 3060; x_wconf 90' lang='lat' dir='ltr'>in</span> <span class='ocrx_word' id='word_1_169' title='bbox 352 3010 448 3061; x_wconf 92' lang='lat' dir='ltr'>boc</span> <span class='ocrx_word' id='word_1_170' title='bbox 478 3022 720 3081; x_wconf 80' lang='lat' dir='ltr'>poemate</span> <span class='ocrx_word' id='word_1_171' title='bbox 737 3047 752 3071; x_wconf 91' lang='lat'>,</span> <span class='ocrx_word' id='word_1_172' title='bbox 776 3007 949 3059; x_wconf 82' lang='lat' dir='ltr'>classis</span> <span class='ocrx_word' id='word_1_173' title='bbox 970 3007 1161 3058; x_wconf 84' lang='lat' dir='ltr'>Thesei</span> 
     </span>
     <span class='ocr_line' id='line_1_32' title="bbox 177 3088 1162 3156; baseline 0.003 -22"><span class='ocrx_word' id='word_1_174' title='bbox 177 3088 463 3140; x_wconf 84' lang='lat' dir='ltr'>mentionem</span> <span class='ocrx_word' id='word_1_175' title='bbox 507 3089 635 3141; x_wconf 82' lang='lat' dir='ltr'>facit</span> <span class='ocrx_word' id='word_1_176' title='bbox 654 3128 669 3153; x_wconf 94' lang='lat'>,</span> <span class='ocrx_word' id='word_1_177' title='bbox 725 3099 901 3139; x_wconf 83' lang='lat' dir='ltr'>narrat</span> <span class='ocrx_word' id='word_1_178' title='bbox 945 3088 1162 3156; x_wconf 83' lang='lat' dir='ltr'>juvenes</span> 
     </span>
     <span class='ocr_line' id='line_1_33' title="bbox 177 3165 1163 3236; baseline 0.002 -20"><span class='ocrx_word' id='word_1_179' title='bbox 177 3166 440 3236; x_wconf 76' lang='lat' dir='ltr'>etvirgines</span> <span class='ocrx_word' id='word_1_180' title='bbox 457 3169 642 3220; x_wconf 82' lang='lat' dir='ltr'>atticas</span> <span class='ocrx_word' id='word_1_181' title='bbox 663 3168 717 3218; x_wconf 91' lang='lat' dir='ltr'>in</span> <span class='ocrx_word' id='word_1_182' title='bbox 743 3169 951 3218; x_wconf 81' lang='lat' dir='ltr'>Cretam</span> <span class='ocrx_word' id='word_1_183' title='bbox 973 3165 1040 3217; x_wconf 85' lang='lat' dir='ltr'>ad</span> <span class='ocrx_word' id='word_1_184' title='bbox 1069 3168 1163 3218; x_wconf 88' lang='lat' dir='ltr'>mi·</span> 
     </span>
     <span class='ocr_line' id='line_1_34' title="bbox 176 3246 1157 3300; baseline 0.002 -7"><span class='ocrx_word' id='word_1_185' title='bbox 176 3256 423 3298; x_wconf 69' lang='lat' dir='ltr'>not-nurum</span> <span class='ocrx_word' id='word_1_186' title='bbox 469 3247 693 3300; x_wconf 79' lang='lat' dir='ltr'>navibus</span> <span class='ocrx_word' id='word_1_187' title='bbox 735 3259 937 3298; x_wconf 85' lang='lat' dir='ltr'>avectas</span> <span class='ocrx_word' id='word_1_188' title='bbox 967 3246 1157 3297; x_wconf 84' lang='lat' dir='ltr'>fuisse:</span> 
     </span>
     <span class='ocr_line' id='line_1_35' title="bbox 175 3324 1157 3397; baseline 0.001 -23"><span class='ocrx_word' id='word_1_189' title='bbox 175 3340 332 3377; x_wconf 75' lang='lat' dir='ltr'>verum</span> <span class='ocrx_word' id='word_1_190' title='bbox 362 3326 504 3397; x_wconf 88' lang='lat' dir='ltr'>quod</span> <span class='ocrx_word' id='word_1_191' title='bbox 535 3328 851 3395; x_wconf 65' lang='lat' dir='ltr'>Argonauta</span> <span class='ocrx_word' id='word_1_192' title='bbox 886 3324 1157 3376; x_wconf 80' lang='lat' dir='ltr'>difficilem</span> 
     </span>
     <span class='ocr_line' id='line_1_36' title="bbox 175 3399 1156 3458; baseline -0.003 -2"><span class='ocrx_word' id='word_1_193' title='bbox 175 3399 432 3458; x_wconf 79' lang='lat' dir='ltr'>admodum</span> <span class='ocrx_word' id='word_1_194' title='bbox 462 3420 513 3458; x_wconf 89' lang='lat' dir='ltr'>et</span> <span class='ocrx_word' id='word_1_195' title='bbox 548 3403 785 3458; x_wconf 89' lang='lat' dir='ltr'>nondum</span> <span class='ocrx_word' id='word_1_196' title='bbox 830 3402 897 3456; x_wconf 86' lang='lat' dir='ltr'>ad</span> <span class='ocrx_word' id='word_1_197' title='bbox 938 3422 995 3455; x_wconf 82' lang='lat' dir='ltr'>ea</span> <span class='ocrx_word' id='word_1_198' title='bbox 1027 3417 1156 3455; x_wconf 79' lang='lat' dir='ltr'>teni-</span> 
     </span>
     <span class='ocr_line' id='line_1_37' title="bbox 176 3483 1158 3555; baseline 0 -21"><span class='ocrx_word' id='word_1_199' title='bbox 176 3497 284 3547; x_wconf 82' lang='lat' dir='ltr'>pora</span> <span class='ocrx_word' id='word_1_200' title='bbox 298 3499 580 3555; x_wconf 72' lang='lat' dir='ltr'>susceptam</span> <span class='ocrx_word' id='word_1_201' title='bbox 600 3484 984 3554; x_wconf 77' lang='lat' dir='ltr'>navigationem</span> <span class='ocrx_word' id='word_1_202' title='bbox 999 3483 1158 3553; x_wconf 83' lang='lat' dir='ltr'>primi</span> 
     </span>
     <span class='ocr_line' id='line_1_38' title="bbox 176 3564 1153 3631; baseline 0 -19"><span class='ocrx_word' id='word_1_203' title='bbox 176 3565 470 3617; x_wconf 77' lang='lat' dir='ltr'>tentaverint.</span> <span class='ocrx_word' id='word_1_204' title='bbox 481 3566 688 3616; x_wconf 85' lang='lat' dir='ltr'>Etenim</span> <span class='ocrx_word' id='word_1_205' title='bbox 705 3564 836 3616; x_wconf 80' lang='lat' dir='ltr'>rudis</span> <span class='ocrx_word' id='word_1_206' title='bbox 848 3564 1153 3631; x_wconf 70' lang='lat' dir='ltr'>Amphitrite,</span> 
     </span>
     <span class='ocr_line' id='line_1_39' title="bbox 176 3635 1158 3705; baseline 0.002 -14"><span class='ocrx_word' id='word_1_207' title='bbox 176 3635 219 3689; x_wconf 81' lang='lat' dir='ltr'>h.</span> <span class='ocrx_word' id='word_1_208' title='bbox 238 3640 289 3704; x_wconf 92' lang='lat' dir='ltr'>l.,</span> <span class='ocrx_word' id='word_1_209' title='bbox 308 3657 363 3696; x_wconf 89' lang='lat' dir='ltr'>ut</span> <span class='ocrx_word' id='word_1_210' title='bbox 380 3656 517 3697; x_wconf 85' lang='lat' dir='ltr'>recte</span> <span class='ocrx_word' id='word_1_211' title='bbox 535 3644 749 3695; x_wconf 75' lang='lat' dir='ltr'>Vossius</span> <span class='ocrx_word' id='word_1_212' title='bbox 766 3641 1158 3705; x_wconf 81' lang='lat' dir='ltr'>animadvertit,</span> 
     </span>
     <span class='ocr_line' id='line_1_40' title="bbox 175 3721 1160 3793; baseline 0.003 -23"><span class='ocrx_word' id='word_1_213' title='bbox 175 3734 262 3770; x_wconf 82' lang='lat' dir='ltr'>non</span> <span class='ocrx_word' id='word_1_214' title='bbox 282 3736 351 3774; x_wconf 73' lang='lat' dir='ltr'>est</span> <span class='ocrx_word' id='word_1_215' title='bbox 368 3742 509 3775; x_wconf 85' lang='lat' dir='ltr'>mare</span> <span class='ocrx_word' id='word_1_216' title='bbox 530 3723 833 3793; x_wconf 83' lang='lat' dir='ltr'>quodlibet,</span> <span class='ocrx_word' id='word_1_217' title='bbox 848 3721 939 3774; x_wconf 81' lang='lat' dir='ltr'>sed</span> <span class='ocrx_word' id='word_1_218' title='bbox 960 3723 1160 3773; x_wconf 80' lang='lat' dir='ltr'>Pontus</span> 
     </span>
     <span class='ocr_line' id='line_1_41' title="bbox 174 3793 1160 3872; baseline 0.001 -22"><span class='ocrx_word' id='word_1_219' title='bbox 174 3793 379 3853; x_wconf 76' lang='lat' dir='ltr'>Euxinus</span> <span class='ocrx_word' id='word_1_220' title='bbox 411 3803 794 3872; x_wconf 82' lang='lat' dir='ltr'>importuosus,</span> <span class='ocrx_word' id='word_1_221' title='bbox 838 3815 933 3853; x_wconf 86' lang='lat' dir='ltr'>etc.</span> <span class='ocrx_word' id='word_1_222' title='bbox 975 3802 1160 3853; x_wconf 77' lang='lat' dir='ltr'>Praete·</span> 
     </span>
     <span class='ocr_line' id='line_1_42' title="bbox 173 3881 1158 3942; baseline -0.004 -8"><span class='ocrx_word' id='word_1_223' title='bbox 173 3893 275 3942; x_wconf 66' lang='lat' dir='ltr'>m,</span> <span class='ocrx_word' id='word_1_224' title='bbox 312 3882 475 3934; x_wconf 84' lang='lat' dir='ltr'>critici</span> <span class='ocrx_word' id='word_1_225' title='bbox 522 3895 814 3934; x_wconf 83' lang='lat' dir='ltr'>memorant</span> <span class='ocrx_word' id='word_1_226' title='bbox 852 3881 1158 3942; x_wconf 81' lang='lat' dir='ltr'>Phoenices,</span> 
     </span>
     <span class='ocr_line' id='line_1_43' title="bbox 172 3954 1154 4031; baseline -0.001 -18"><span class='ocrx_word' id='word_1_227' title='bbox 172 3954 338 4025; x_wconf 83' lang='lat' dir='ltr'>Tyrios</span> <span class='ocrx_word' id='word_1_228' title='bbox 350 3962 633 4031; x_wconf 65' lang='lat' dir='ltr'>principue,</span> <span class='ocrx_word' id='word_1_229' title='bbox 651 3974 953 4013; x_wconf 66' lang='lat' dir='ltr'>mercaturae</span> <span class='ocrx_word' id='word_1_230' title='bbox 970 3960 1154 4012; x_wconf 84' lang='lat' dir='ltr'>facien·</span> 
     </span>
     <span class='ocr_line' id='line_1_44' title="bbox 172 4031 1150 4111; baseline -0.003 -23"><span class='ocrx_word' id='word_1_231' title='bbox 172 4031 238 4088; x_wconf 64' lang='lat' dir='ltr'>tle</span> <span class='ocrx_word' id='word_1_232' title='bbox 249 4056 390 4093; x_wconf 74' lang='lat' dir='ltr'>causa</span> <span class='ocrx_word' id='word_1_233' title='bbox 406 4043 558 4110; x_wconf 74' lang='lat' dir='ltr'>longe</span> <span class='ocrx_word' id='word_1_234' title='bbox 569 4040 771 4111; x_wconf 78' lang='lat' dir='ltr'>priores</span> <span class='ocrx_word' id='word_1_235' title='bbox 784 4040 1112 4110; x_wconf 80' lang='lat' dir='ltr'>navigavisse.</span> <span class='ocrx_word' id='word_1_236' title='bbox 1130 4066 1150 4085; x_wconf 75' lang='grc' dir='ltr'>ι.</span> 
     </span>
     <span class='ocr_line' id='line_1_45' title="bbox 174 4113 1158 4188; baseline 0.001 -20"><span class='ocrx_word' id='word_1_237' title='bbox 174 4113 519 4172; x_wconf 73' lang='lat' dir='ltr'>SedCatuuum</span> <span class='ocrx_word' id='word_1_238' title='bbox 533 4120 699 4172; x_wconf 83' lang='lat' dir='ltr'>multo</span> <span class='ocrx_word' id='word_1_239' title='bbox 708 4138 860 4188; x_wconf 85' lang='lat' dir='ltr'>quam</span> <span class='ocrx_word' id='word_1_240' title='bbox 876 4120 1158 4170; x_wconf 79' lang='lat' dir='ltr'>fuitreruin</span> 
     </span>
    </p>
   </div>
   <div class='ocr_carea' id='block_1_5' title="bbox 1243 1019 2280 3625">
    <p class='ocr_par' dir='ltr' id='par_1_6' title="bbox 1243 1019 2280 3625">
     <span class='ocr_line' id='line_1_46' title="bbox 1254 1019 2276 1090; baseline 0 -18"><span class='ocrx_word' id='word_1_241' title='bbox 1254 1020 1556 1090; x_wconf 83' lang='lat' dir='ltr'>cognitione</span> <span class='ocrx_word' id='word_1_242' title='bbox 1584 1019 1875 1073; x_wconf 85' lang='lat' dir='ltr'>doctiorem</span> <span class='ocrx_word' id='word_1_243' title='bbox 1898 1033 1950 1071; x_wconf 91' lang='lat' dir='ltr'>et</span> <span class='ocrx_word' id='word_1_244' title='bbox 1971 1021 2025 1072; x_wconf 90' lang='lat' dir='ltr'>in</span> <span class='ocrx_word' id='word_1_245' title='bbox 2043 1021 2276 1073; x_wconf 80' lang='lat' dir='ltr'>carmine</span> 
     </span>
     <span class='ocr_line' id='line_1_47' title="bbox 1254 1097 2273 1169; baseline -0.001 -18"><span class='ocrx_word' id='word_1_246' title='bbox 1254 1097 1537 1152; x_wconf 87' lang='lat' dir='ltr'>scribendo</span> <span class='ocrx_word' id='word_1_247' title='bbox 1572 1099 1727 1151; x_wconf 86' lang='lat' dir='ltr'>unius</span> <span class='ocrx_word' id='word_1_248' title='bbox 1767 1100 2056 1169; x_wconf 75' lang='lat' dir='ltr'>argumenti</span> <span class='ocrx_word' id='word_1_249' title='bbox 2096 1101 2273 1152; x_wconf 88' lang='lat' dir='ltr'>obser·</span> 
     </span>
     <span class='ocr_line' id='line_1_48' title="bbox 1256 1178 2271 1243; baseline 0.001 -14"><span class='ocrx_word' id='word_1_250' title='bbox 1256 1178 1549 1230; x_wconf 78' lang='lat' dir='ltr'>vantiorem</span> <span class='ocrx_word' id='word_1_251' title='bbox 1566 1179 1779 1243; x_wconf 80' lang='lat' dir='ltr'>faciunt3</span> <span class='ocrx_word' id='word_1_252' title='bbox 1794 1198 1913 1230; x_wconf 80' lang='lat' dir='ltr'>nam</span> <span class='ocrx_word' id='word_1_253' title='bbox 1931 1180 2167 1232; x_wconf 88' lang='lat' dir='ltr'>hocloco</span> <span class='ocrx_word' id='word_1_254' title='bbox 2182 1218 2197 1242; x_wconf 97' lang='lat'>,</span> <span class='ocrx_word' id='word_1_255' title='bbox 2218 1193 2271 1231; x_wconf 93' lang='lat' dir='ltr'>ut</span> 
     </span>
     <span class='ocr_line' id='line_1_49' title="bbox 1256 1258 2271 1329; baseline 0.002 -20"><span class='ocrx_word' id='word_1_256' title='bbox 1256 1259 1434 1309; x_wconf 87' lang='lat' dir='ltr'>multis</span> <span class='ocrx_word' id='word_1_257' title='bbox 1455 1258 1594 1321; x_wconf 79' lang='lat' dir='ltr'>aliis,</span> <span class='ocrx_word' id='word_1_258' title='bbox 1618 1278 1780 1310; x_wconf 87' lang='lat' dir='ltr'>unum</span> <span class='ocrx_word' id='word_1_259' title='bbox 1800 1278 1861 1309; x_wconf 89' lang='lat' dir='ltr'>ex</span> <span class='ocrx_word' id='word_1_260' title='bbox 1882 1259 2124 1329; x_wconf 89' lang='lat' dir='ltr'>pluribus</span> <span class='ocrx_word' id='word_1_261' title='bbox 2146 1279 2271 1329; x_wconf 88' lang='lat' dir='ltr'>poe·</span> 
     </span>
     <span class='ocr_line' id='line_1_50' title="bbox 1256 1337 2280 1409; baseline 0.002 -21"><span class='ocrx_word' id='word_1_262' title='bbox 1256 1337 1425 1389; x_wconf 88' lang='lat' dir='ltr'>matiis</span> <span class='ocrx_word' id='word_1_263' title='bbox 1438 1339 1618 1407; x_wconf 74' lang='lat' dir='ltr'>graecis</span> <span class='ocrx_word' id='word_1_264' title='bbox 1628 1338 1786 1390; x_wconf 87' lang='lat' dir='ltr'>latine</span> <span class='ocrx_word' id='word_1_265' title='bbox 1799 1337 2050 1390; x_wconf 82' lang='lat' dir='ltr'>vertendo</span> <span class='ocrx_word' id='word_1_266' title='bbox 2068 1357 2280 1409; x_wconf 87' lang='lat' dir='ltr'>compe·</span> 
     </span>
     <span class='ocr_line' id='line_1_51' title="bbox 1253 1416 2270 1489; baseline 0.003 -23"><span class='ocrx_word' id='word_1_267' title='bbox 1253 1416 1383 1485; x_wconf 84' lang='lat' dir='ltr'>gisse</span> <span class='ocrx_word' id='word_1_268' title='bbox 1400 1418 1646 1486; x_wconf 78' lang='lat' dir='ltr'>conjicias</span> <span class='ocrx_word' id='word_1_269' title='bbox 1663 1417 1797 1468; x_wconf 90' lang='lat' dir='ltr'>licet.</span> <span class='ocrx_word' id='word_1_270' title='bbox 1815 1418 1882 1468; x_wconf 81' lang='lat' dir='ltr'>Et</span> <span class='ocrx_word' id='word_1_271' title='bbox 1900 1437 1996 1487; x_wconf 83' lang='lat' dir='ltr'>ego</span> <span class='ocrx_word' id='word_1_272' title='bbox 2010 1419 2076 1470; x_wconf 85' lang='lat' dir='ltr'>ab</span> <span class='ocrx_word' id='word_1_273' title='bbox 2095 1418 2158 1469; x_wconf 88' lang='lat' dir='ltr'>iis</span> <span class='ocrx_word' id='word_1_274' title='bbox 2180 1419 2270 1489; x_wconf 89' lang='lat' dir='ltr'>qui</span> 
     </span>
     <span class='ocr_line' id='line_1_52' title="bbox 1246 1496 2268 1566; baseline 0.005 -23"><span class='ocrx_word' id='word_1_275' title='bbox 1246 1500 1404 1562; x_wconf 77' lang='lat' dir='ltr'>pre&#39;ma</span> <span class='ocrx_word' id='word_1_276' title='bbox 1433 1497 1594 1547; x_wconf 78' lang='lat' dir='ltr'>rudem</span> <span class='ocrx_word' id='word_1_277' title='bbox 1621 1496 1688 1548; x_wconf 91' lang='lat' dir='ltr'>de</span> <span class='ocrx_word' id='word_1_278' title='bbox 1713 1496 1990 1566; x_wconf 77' lang='lat' dir='ltr'>navigandi</span> <span class='ocrx_word' id='word_1_279' title='bbox 2018 1498 2187 1548; x_wconf 86' lang='lat' dir='ltr'>solum</span> <span class='ocrx_word' id='word_1_280' title='bbox 2214 1498 2268 1548; x_wconf 86' lang='lat' dir='ltr'>in</span> 
     </span>
     <span class='ocr_line' id='line_1_53' title="bbox 1252 1576 2271 1645; baseline 0.002 -20"><span class='ocrx_word' id='word_1_281' title='bbox 1252 1576 1425 1626; x_wconf 87' lang='lat' dir='ltr'>Ponto</span> <span class='ocrx_word' id='word_1_282' title='bbox 1449 1576 1656 1627; x_wconf 76' lang='lat' dir='ltr'>Euxiuo</span> <span class='ocrx_word' id='word_1_283' title='bbox 1677 1576 1911 1629; x_wconf 85' lang='lat' dir='ltr'>novitate</span> <span class='ocrx_word' id='word_1_284' title='bbox 1941 1577 2237 1645; x_wconf 84' lang='lat' dir='ltr'>intelligunt</span> <span class='ocrx_word' id='word_1_285' title='bbox 2256 1617 2271 1640; x_wconf 91' lang='lat'>,</span> 
     </span>
     <span class='ocr_line' id='line_1_54' title="bbox 1253 1657 2271 1726; baseline 0.002 -21"><span class='ocrx_word' id='word_1_286' title='bbox 1253 1673 1433 1725; x_wconf 81' lang='lat' dir='ltr'>quaero</span> <span class='ocrx_word' id='word_1_287' title='bbox 1452 1675 1547 1707; x_wconf 92' lang='lat' dir='ltr'>cur</span> <span class='ocrx_word' id='word_1_288' title='bbox 1567 1669 1705 1707; x_wconf 85' lang='lat' dir='ltr'>vates</span> <span class='ocrx_word' id='word_1_289' title='bbox 1725 1657 1861 1707; x_wconf 83' lang='lat' dir='ltr'>Deos</span> <span class='ocrx_word' id='word_1_290' title='bbox 1880 1657 2036 1707; x_wconf 85' lang='lat' dir='ltr'>maris</span> <span class='ocrx_word' id='word_1_291' title='bbox 2060 1670 2271 1726; x_wconf 84' lang='lat' dir='ltr'>stupore</span> 
     </span>
     <span class='ocr_line' id='line_1_55' title="bbox 1253 1734 2271 1806; baseline 0.003 -22"><span class='ocrx_word' id='word_1_292' title='bbox 1253 1735 1518 1803; x_wconf 85' lang='lat' dir='ltr'>perculsos</span> <span class='ocrx_word' id='word_1_293' title='bbox 1530 1734 1597 1787; x_wconf 84' lang='lat' dir='ltr'>ad</span> <span class='ocrx_word' id='word_1_294' title='bbox 1613 1735 1760 1787; x_wconf 84' lang='lat' dir='ltr'>navis</span> <span class='ocrx_word' id='word_1_295' title='bbox 1773 1750 2037 1806; x_wconf 81' lang='lat' dir='ltr'>aspectum</span> <span class='ocrx_word' id='word_1_296' title='bbox 2058 1736 2271 1787; x_wconf 79' lang='lat' dir='ltr'>fecerit?</span> 
     </span>
     <span class='ocr_line' id='line_1_56' title="bbox 1254 1814 2267 1887; baseline 0.005 -25"><span class='ocrx_word' id='word_1_297' title='bbox 1254 1824 1432 1863; x_wconf 88' lang='lat' dir='ltr'>utrum</span> <span class='ocrx_word' id='word_1_298' title='bbox 1496 1815 1693 1865; x_wconf 78' lang='lat' dir='ltr'>Pontus</span> <span class='ocrx_word' id='word_1_299' title='bbox 1759 1814 1998 1865; x_wconf 70' lang='lat' dir='ltr'>Euxinus</span> <span class='ocrx_word' id='word_1_300' title='bbox 2056 1816 2267 1887; x_wconf 84' lang='lat' dir='ltr'>propria</span> 
     </span>
     <span class='ocr_line' id='line_1_57' title="bbox 1254 1891 2268 1953; baseline 0.002 -11"><span class='ocrx_word' id='word_1_301' title='bbox 1254 1891 1541 1943; x_wconf 87' lang='lat' dir='ltr'>Nereidum</span> <span class='ocrx_word' id='word_1_302' title='bbox 1580 1891 1767 1944; x_wconf 81' lang='lat' dir='ltr'>sedes?</span> <span class='ocrx_word' id='word_1_303' title='bbox 1797 1913 1894 1953; x_wconf 87' lang='lat' dir='ltr'>an,</span> <span class='ocrx_word' id='word_1_304' title='bbox 1938 1894 1979 1944; x_wconf 84' lang='lat' dir='ltr'>si</span> <span class='ocrx_word' id='word_1_305' title='bbox 2017 1909 2066 1946; x_wconf 90' lang='lat' dir='ltr'>et</span> <span class='ocrx_word' id='word_1_306' title='bbox 2109 1896 2268 1945; x_wconf 82' lang='lat' dir='ltr'>maria</span> 
     </span>
     <span class='ocr_line' id='line_1_58' title="bbox 1252 1973 2270 2044; baseline 0.003 -22"><span class='ocrx_word' id='word_1_307' title='bbox 1252 1983 1462 2033; x_wconf 79' lang='lat' dir='ltr'>caetera,</span> <span class='ocrx_word' id='word_1_308' title='bbox 1502 1984 1662 2024; x_wconf 87' lang='lat' dir='ltr'>totam</span> <span class='ocrx_word' id='word_1_309' title='bbox 1696 1973 2018 2040; x_wconf 75' lang='lat' dir='ltr'>Amphitriten</span> <span class='ocrx_word' id='word_1_310' title='bbox 2038 2015 2051 2036; x_wconf 92' lang='lat'>‚</span> <span class='ocrx_word' id='word_1_311' title='bbox 2089 1992 2270 2044; x_wconf 80' lang='lat' dir='ltr'>perva-</span> 
     </span>
     <span class='ocr_line' id='line_1_59' title="bbox 1249 2050 2269 2120; baseline 0.002 -19"><span class='ocrx_word' id='word_1_312' title='bbox 1249 2050 1357 2119; x_wconf 79' lang='lat' dir='ltr'>gari</span> <span class='ocrx_word' id='word_1_313' title='bbox 1388 2051 1638 2113; x_wconf 82' lang='lat' dir='ltr'>solerent,</span> <span class='ocrx_word' id='word_1_314' title='bbox 1668 2065 1717 2101; x_wconf 82' lang='lat' dir='ltr'>et</span> <span class='ocrx_word' id='word_1_315' title='bbox 1749 2064 1898 2104; x_wconf 86' lang='lat' dir='ltr'>antea</span> <span class='ocrx_word' id='word_1_316' title='bbox 1924 2054 2116 2120; x_wconf 83' lang='lat' dir='ltr'>Tyrios</span> <span class='ocrx_word' id='word_1_317' title='bbox 2142 2055 2269 2103; x_wconf 86' lang='lat' dir='ltr'>veli·</span> 
     </span>
     <span class='ocr_line' id='line_1_60' title="bbox 1250 2130 2267 2201; baseline 0.004 -22"><span class='ocrx_word' id='word_1_318' title='bbox 1250 2130 1464 2180; x_wconf 83' lang='lat' dir='ltr'>ficantes</span> <span class='ocrx_word' id='word_1_319' title='bbox 1508 2131 1665 2198; x_wconf 84' lang='lat' dir='ltr'>vulgo</span> <span class='ocrx_word' id='word_1_320' title='bbox 1709 2130 1955 2182; x_wconf 79' lang='lat' dir='ltr'>vidissent</span> <span class='ocrx_word' id='word_1_321' title='bbox 1979 2171 1993 2194; x_wconf 91' lang='lat'>,</span> <span class='ocrx_word' id='word_1_322' title='bbox 2038 2151 2267 2201; x_wconf 87' lang='lat' dir='ltr'>emerge-</span> 
     </span>
     <span class='ocr_line' id='line_1_61' title="bbox 1250 2211 2268 2280; baseline 0.004 -21"><span class='ocrx_word' id='word_1_323' title='bbox 1250 2222 1366 2260; x_wconf 86' lang='lat' dir='ltr'>rent</span> <span class='ocrx_word' id='word_1_324' title='bbox 1407 2222 1663 2260; x_wconf 79' lang='lat' dir='ltr'>monstrum</span> <span class='ocrx_word' id='word_1_325' title='bbox 1702 2211 1990 2260; x_wconf 75' lang='lat' dir='ltr'>admirantes</span> <span class='ocrx_word' id='word_1_326' title='bbox 2012 2218 2041 2259; x_wconf 67' lang='grc' dir='ltr'><em>Ρ</em></span> <span class='ocrx_word' id='word_1_327' title='bbox 2091 2211 2268 2280; x_wconf 81' lang='lat' dir='ltr'>itaque</span> 
     </span>
     <span class='ocr_line' id='line_1_62' title="bbox 1250 2289 2271 2359; baseline 0.004 -21"><span class='ocrx_word' id='word_1_328' title='bbox 1250 2306 1417 2358; x_wconf 85' lang='lat' dir='ltr'>quum</span> <span class='ocrx_word' id='word_1_329' title='bbox 1430 2289 1542 2340; x_wconf 78' lang='lat' dir='ltr'>haec</span> <span class='ocrx_word' id='word_1_330' title='bbox 1559 2290 1715 2341; x_wconf 83' lang='lat' dir='ltr'>verba</span> <span class='ocrx_word' id='word_1_331' title='bbox 1722 2294 1902 2359; x_wconf 77' lang='lat' dir='ltr'>prima,</span> <span class='ocrx_word' id='word_1_332' title='bbox 1928 2291 2087 2340; x_wconf 80' lang='lat' dir='ltr'>rudem</span> <span class='ocrx_word' id='word_1_333' title='bbox 2107 2330 2120 2351; x_wconf 92' lang='lat'>,</span> <span class='ocrx_word' id='word_1_334' title='bbox 2152 2293 2271 2342; x_wconf 80' lang='lat' dir='ltr'>Am·</span> 
     </span>
     <span class='ocr_line' id='line_1_63' title="bbox 1243 2369 2269 2439; baseline 0.001 -22"><span class='ocrx_word' id='word_1_335' title='bbox 1243 2369 1471 2436; x_wconf 67' lang='lat' dir='ltr'>plain-iton</span> <span class='ocrx_word' id='word_1_336' title='bbox 1500 2369 1736 2420; x_wconf 82' lang='lat' dir='ltr'>Catullus</span> <span class='ocrx_word' id='word_1_337' title='bbox 1754 2370 2004 2421; x_wconf 82' lang='lat' dir='ltr'>scriberet</span> <span class='ocrx_word' id='word_1_338' title='bbox 2020 2409 2034 2433; x_wconf 90' lang='lat'>,</span> <span class='ocrx_word' id='word_1_339' title='bbox 2063 2384 2269 2439; x_wconf 76' lang='lat' dir='ltr'>argutas</span> 
     </span>
     <span class='ocr_line' id='line_1_64' title="bbox 1251 2447 2267 2520; baseline 0.004 -22"><span class='ocrx_word' id='word_1_340' title='bbox 1251 2447 1707 2519; x_wconf 78' lang='lat' dir='ltr'>interpretationes</span> <span class='ocrx_word' id='word_1_341' title='bbox 1733 2463 1783 2502; x_wconf 89' lang='lat' dir='ltr'>et</span> <span class='ocrx_word' id='word_1_342' title='bbox 1803 2448 2103 2502; x_wconf 79' lang='lat' dir='ltr'>discrimina</span> <span class='ocrx_word' id='word_1_343' title='bbox 2118 2490 2132 2513; x_wconf 94' lang='lat'>,</span> <span class='ocrx_word' id='word_1_344' title='bbox 2151 2470 2267 2520; x_wconf 83' lang='lat' dir='ltr'>quae</span> 
     </span>
     <span class='ocr_line' id='line_1_65' title="bbox 1248 2528 2266 2594; baseline 0.002 -15"><span class='ocrx_word' id='word_1_345' title='bbox 1248 2528 1353 2580; x_wconf 90' lang='lat' dir='ltr'>huc</span> <span class='ocrx_word' id='word_1_346' title='bbox 1401 2529 1632 2581; x_wconf 86' lang='lat' dir='ltr'>afferunt</span> <span class='ocrx_word' id='word_1_347' title='bbox 1678 2531 1796 2581; x_wconf 83' lang='lat' dir='ltr'>viri</span> <span class='ocrx_word' id='word_1_348' title='bbox 1852 2532 2031 2594; x_wconf 90' lang='lat' dir='ltr'>Docti,</span> <span class='ocrx_word' id='word_1_349' title='bbox 2076 2530 2234 2583; x_wconf 89' lang='lat' dir='ltr'>credo</span> <span class='ocrx_word' id='word_1_350' title='bbox 2252 2571 2266 2593; x_wconf 96' lang='lat'>,</span> 
     </span>
     <span class='ocr_line' id='line_1_66' title="bbox 1248 2609 2267 2681; baseline 0.001 -23"><span class='ocrx_word' id='word_1_351' title='bbox 1248 2627 1354 2659; x_wconf 89' lang='lat' dir='ltr'>non</span> <span class='ocrx_word' id='word_1_352' title='bbox 1396 2609 1664 2678; x_wconf 86' lang='lat' dir='ltr'>cogitavit.</span> <span class='ocrx_word' id='word_1_353' title='bbox 1704 2609 1850 2674; x_wconf 92' lang='lat' dir='ltr'>Quid</span> <span class='ocrx_word' id='word_1_354' title='bbox 1892 2610 2052 2681; x_wconf 85' lang='lat' dir='ltr'>ergo?</span> <span class='ocrx_word' id='word_1_355' title='bbox 2093 2610 2267 2662; x_wconf 89' lang='lat' dir='ltr'>Catul-</span> 
     </span>
     <span class='ocr_line' id='line_1_67' title="bbox 1249 2688 2265 2760; baseline 0.004 -23"><span class='ocrx_word' id='word_1_356' title='bbox 1249 2688 1357 2738; x_wconf 87' lang='lat' dir='ltr'>lum</span> <span class='ocrx_word' id='word_1_357' title='bbox 1400 2689 1785 2757; x_wconf 88' lang='lat' dir='ltr'>componendis</span> <span class='ocrx_word' id='word_1_358' title='bbox 1826 2690 2071 2741; x_wconf 81' lang='lat' dir='ltr'>carminis</span> <span class='ocrx_word' id='word_1_359' title='bbox 2103 2692 2265 2760; x_wconf 87' lang='lat' dir='ltr'>parti-</span> 
     </span>
     <span class='ocr_line' id='line_1_68' title="bbox 1248 2767 2265 2837; baseline 0.003 -20"><span class='ocrx_word' id='word_1_360' title='bbox 1248 2769 1346 2818; x_wconf 86' lang='lat' dir='ltr'>bus</span> <span class='ocrx_word' id='word_1_361' title='bbox 1366 2786 1599 2837; x_wconf 83' lang='lat' dir='ltr'>peccasse</span> <span class='ocrx_word' id='word_1_362' title='bbox 1621 2770 1856 2821; x_wconf 78' lang='lat' dir='ltr'>fatearis?</span> <span class='ocrx_word' id='word_1_363' title='bbox 1877 2767 2148 2821; x_wconf 85' lang='lat' dir='ltr'>fatendum</span> <span class='ocrx_word' id='word_1_364' title='bbox 2174 2781 2265 2821; x_wconf 88' lang='lat' dir='ltr'>est.</span> 
     </span>
     <span class='ocr_line' id='line_1_69' title="bbox 1250 2847 2265 2915; baseline 0.001 -18"><span class='ocrx_word' id='word_1_365' title='bbox 1250 2847 1298 2897; x_wconf 91' lang='lat' dir='ltr'>N</span> <span class='ocrx_word' id='word_1_366' title='bbox 1304 2848 1583 2898; x_wconf 81' lang='lat' dir='ltr'>.—Rudem</span> <span class='ocrx_word' id='word_1_367' title='bbox 1597 2849 1941 2915; x_wconf 71' lang='lat' dir='ltr'>Amphitriten,</span> <span class='ocrx_word' id='word_1_368' title='bbox 1969 2869 2111 2900; x_wconf 84' lang='lat' dir='ltr'>mare</span> <span class='ocrx_word' id='word_1_369' title='bbox 2135 2869 2265 2899; x_wconf 87' lang='lat' dir='ltr'>non-</span> 
     </span>
     <span class='ocr_line' id='line_1_70' title="bbox 1248 2924 2261 2998; baseline 0.002 -22"><span class='ocrx_word' id='word_1_370' title='bbox 1248 2924 1375 2977; x_wconf 86' lang='lat' dir='ltr'>dum</span> <span class='ocrx_word' id='word_1_371' title='bbox 1420 2946 1603 2978; x_wconf 81' lang='lat' dir='ltr'>navem</span> <span class='ocrx_word' id='word_1_372' title='bbox 1651 2942 1926 2998; x_wconf 83' lang='lat' dir='ltr'>expertum</span> <span class='ocrx_word' id='word_1_373' title='bbox 1950 2966 1966 2991; x_wconf 89' lang='lat'>,</span> <span class='ocrx_word' id='word_1_374' title='bbox 2024 2926 2261 2979; x_wconf 82' lang='lat' dir='ltr'>nonduin</span> 
     </span>
     <span class='ocr_line' id='line_1_71' title="bbox 1247 3006 2258 3075; baseline -0.002 -19"><span class='ocrx_word' id='word_1_375' title='bbox 1247 3006 1455 3075; x_wconf 78' lang='lat' dir='ltr'>navigio</span> <span class='ocrx_word' id='word_1_376' title='bbox 1490 3018 1765 3058; x_wconf 76' lang='lat' dir='ltr'>tentatum.</span> <span class='ocrx_word' id='word_1_377' title='bbox 1784 3038 1862 3048; x_wconf 87' lang='lat'>—-</span> <span class='ocrx_word' id='word_1_378' title='bbox 1885 3007 2039 3057; x_wconf 76' lang='lat' dir='ltr'>Cursu</span> <span class='ocrx_word' id='word_1_379' title='bbox 2064 3008 2229 3057; x_wconf 78' lang='lat' dir='ltr'>imbuit</span> <span class='ocrx_word' id='word_1_380' title='bbox 2244 3048 2258 3065; x_wconf 88' lang='lat'>,</span> 
     </span>
     <span class='ocr_line' id='line_1_72' title="bbox 1248 3084 2261 3141; baseline -0.001 -6"><span class='ocrx_word' id='word_1_381' title='bbox 1248 3084 1475 3136; x_wconf 81' lang='lat' dir='ltr'>initiavit</span> <span class='ocrx_word' id='word_1_382' title='bbox 1499 3123 1512 3141; x_wconf 83' lang='lat'>.</span> <span class='ocrx_word' id='word_1_383' title='bbox 1563 3088 1814 3138; x_wconf 71' lang='grc' dir='ltr'><strong>ἅκαίνισεν.</strong></span> <span class='ocrx_word' id='word_1_384' title='bbox 1849 3086 1975 3137; x_wconf 86' lang='lat' dir='ltr'>Vid.</span> <span class='ocrx_word' id='word_1_385' title='bbox 2014 3086 2261 3137; x_wconf 79' lang='lat' dir='ltr'>Ruhnken.</span> 
     </span>
     <span class='ocr_line' id='line_1_73' title="bbox 1249 3163 2263 3235; baseline 0 -20"><span class='ocrx_word' id='word_1_386' title='bbox 1249 3163 1316 3215; x_wconf 82' lang='lat' dir='ltr'>ad</span> <span class='ocrx_word' id='word_1_387' title='bbox 1363 3165 1670 3216; x_wconf 83' lang='lat' dir='ltr'>Callimach.</span> <span class='ocrx_word' id='word_1_388' title='bbox 1728 3167 1769 3216; x_wconf 86' lang='lat' dir='ltr'><strong>F</strong></span> <span class='ocrx_word' id='word_1_389' title='bbox 1773 3186 1934 3235; x_wconf 72' lang='lat' dir='ltr'>ragin.</span> <span class='ocrx_word' id='word_1_390' title='bbox 2003 3185 2033 3217; x_wconf 89' lang='lat' dir='ltr'>a</span> <span class='ocrx_word' id='word_1_391' title='bbox 2093 3166 2263 3216; x_wconf 88' lang='lat' dir='ltr'>Bentl.</span> 
     </span>
     <span class='ocr_line' id='line_1_74' title="bbox 1248 3244 2258 3314; baseline 0 -20"><span class='ocrx_word' id='word_1_392' title='bbox 1248 3245 1451 3295; x_wconf 89' lang='lat' dir='ltr'>collect.</span> <span class='ocrx_word' id='word_1_393' title='bbox 1493 3263 1512 3294; x_wconf 86' lang='lat'>1</span> <span class='ocrx_word' id='word_1_394' title='bbox 1535 3262 1596 3312; x_wconf 89' lang='lat'>19</span> <span class='ocrx_word' id='word_1_395' title='bbox 1613 3283 1627 3305; x_wconf 95' lang='lat'>,</span> <span class='ocrx_word' id='word_1_396' title='bbox 1657 3264 1709 3313; x_wconf 91' lang='lat' dir='ltr'>p.</span> <span class='ocrx_word' id='word_1_397' title='bbox 1738 3249 1869 3314; x_wconf 70' lang='lat'>487,</span> <span class='ocrx_word' id='word_1_398' title='bbox 1888 3244 2016 3296; x_wconf 89' lang='lat' dir='ltr'>edit.</span> <span class='ocrx_word' id='word_1_399' title='bbox 2036 3246 2258 3296; x_wconf 85' lang='lat' dir='ltr'>Ernesti.</span> 
     </span>
     <span class='ocr_line' id='line_1_75' title="bbox 1249 3323 2263 3394; baseline 0.002 -21"><span class='ocrx_word' id='word_1_400' title='bbox 1249 3324 1402 3374; x_wconf 84' lang='lat' dir='ltr'>Imbui</span> <span class='ocrx_word' id='word_1_401' title='bbox 1428 3325 1690 3393; x_wconf 81' lang='lat' dir='ltr'>eleganter</span> <span class='ocrx_word' id='word_1_402' title='bbox 1720 3323 1974 3381; x_wconf 84' lang='lat' dir='ltr'>dicuutur</span> <span class='ocrx_word' id='word_1_403' title='bbox 2005 3345 2115 3385; x_wconf 85' lang='lat' dir='ltr'>res,</span> <span class='ocrx_word' id='word_1_404' title='bbox 2148 3342 2263 3394; x_wconf 75' lang='lat' dir='ltr'>quae</span> 
     </span>
     <span class='ocr_line' id='line_1_76' title="bbox 1246 3404 2261 3472; baseline 0 -19"><span class='ocrx_word' id='word_1_405' title='bbox 1246 3404 1420 3472; x_wconf 86' lang='lat' dir='ltr'>primo</span> <span class='ocrx_word' id='word_1_406' title='bbox 1443 3404 1558 3453; x_wconf 85' lang='lat' dir='ltr'>usui</span> <span class='ocrx_word' id='word_1_407' title='bbox 1579 3404 2062 3456; x_wconf 85' lang='lat' dir='ltr'>accommodantur.</span> <span class='ocrx_word' id='word_1_408' title='bbox 2087 3404 2261 3455; x_wconf 84' lang='lat' dir='ltr'>Notis-</span> 
     </span>
     <span class='ocr_line' id='line_1_77' title="bbox 1246 3482 2263 3547; baseline 0.001 -15"><span class='ocrx_word' id='word_1_409' title='bbox 1246 3483 1434 3533; x_wconf 84' lang='lat' dir='ltr'>simum</span> <span class='ocrx_word' id='word_1_410' title='bbox 1493 3495 1570 3533; x_wconf 90' lang='lat' dir='ltr'>est</span> <span class='ocrx_word' id='word_1_411' title='bbox 1618 3482 1750 3534; x_wconf 89' lang='lat' dir='ltr'>illud</span> <span class='ocrx_word' id='word_1_412' title='bbox 1805 3483 2007 3536; x_wconf 85' lang='lat' dir='ltr'>Horatii</span> <span class='ocrx_word' id='word_1_413' title='bbox 2032 3505 2046 3547; x_wconf 90' lang='lat'>;</span> <span class='ocrx_word' id='word_1_414' title='bbox 2091 3510 2110 3530; x_wconf 76' lang='grc' dir='ltr'><strong>α</strong></span> <span class='ocrx_word' id='word_1_415' title='bbox 2140 3484 2263 3547; x_wconf 84' lang='lat' dir='ltr'>Quo</span> 
     </span>
     <span class='ocr_line' id='line_1_78' title="bbox 1246 3563 2261 3625; baseline 0 -13"><span class='ocrx_word' id='word_1_416' title='bbox 1246 3563 1401 3612; x_wconf 82' lang='lat' dir='ltr'>semel</span> <span class='ocrx_word' id='word_1_417' title='bbox 1438 3574 1512 3613; x_wconf 87' lang='lat' dir='ltr'>est</span> <span class='ocrx_word' id='word_1_418' title='bbox 1554 3564 1749 3614; x_wconf 86' lang='lat' dir='ltr'>imbuta</span> <span class='ocrx_word' id='word_1_419' title='bbox 1795 3584 2004 3625; x_wconf 72' lang='lat' dir='ltr'>recenS,</span> <span class='ocrx_word' id='word_1_420' title='bbox 2038 3564 2261 3615; x_wconf 81' lang='lat' dir='ltr'>servabit</span> 
     </span>
    </p>
   </div>
   <div class='ocr_carea' id='block_1_6' title="bbox 1246 3638 2263 4187">
    <p class='ocr_par' dir='ltr' id='par_1_7' title="bbox 1246 3638 2259 3781">
     <span class='ocr_line' id='line_1_79' title="bbox 1246 3638 2259 3696; baseline -0.001 -5"><span class='ocrx_word' id='word_1_421' title='bbox 1246 3638 1464 3691; x_wconf 84' lang='lat' dir='ltr'>odorem</span> <span class='ocrx_word' id='word_1_422' title='bbox 1487 3642 1641 3693; x_wconf 86' lang='lat' dir='ltr'>Testa</span> <span class='ocrx_word' id='word_1_423' title='bbox 1660 3641 1769 3694; x_wconf 91' lang='lat' dir='ltr'>diu.</span> <span class='ocrx_word' id='word_1_424' title='bbox 1797 3671 1818 3690; x_wconf 75' lang='grc' dir='ltr'>ι</span> <span class='ocrx_word' id='word_1_425' title='bbox 1840 3644 1923 3696; x_wconf 83' lang='lat' dir='ltr'>Cf.</span> <span class='ocrx_word' id='word_1_426' title='bbox 1945 3644 2110 3696; x_wconf 74' lang='lat' dir='ltr'>Graev.</span> <span class='ocrx_word' id='word_1_427' title='bbox 2132 3644 2259 3694; x_wconf 79' lang='lat' dir='ltr'>Lect.</span> 
     </span>
     <span class='ocr_line' id='line_1_80' title="bbox 1248 3720 1883 3781; baseline 0.006 -10"><span class='ocrx_word' id='word_1_428' title='bbox 1248 3720 1446 3771; x_wconf 78' lang='lat' dir='ltr'>Hesiod.</span> <span class='ocrx_word' id='word_1_429' title='bbox 1467 3740 1512 3772; x_wconf 91' lang='lat' dir='ltr'>c.</span> <span class='ocrx_word' id='word_1_430' title='bbox 1550 3740 1567 3772; x_wconf 91' lang='lat'>1</span> <span class='ocrx_word' id='word_1_431' title='bbox 1585 3724 1613 3773; x_wconf 86' lang='lat'><strong>5</strong></span> <span class='ocrx_word' id='word_1_432' title='bbox 1636 3754 1651 3781; x_wconf 88' lang='lat'>‚</span> <span class='ocrx_word' id='word_1_433' title='bbox 1669 3723 1767 3774; x_wconf 83' lang='lat' dir='ltr'>sub</span> <span class='ocrx_word' id='word_1_434' title='bbox 1791 3724 1883 3775; x_wconf 77' lang='lat' dir='ltr'>tiu.</span> 
     </span>
    </p>

    <p class='ocr_par' dir='ltr' id='par_1_8' title="bbox 1248 3801 2262 4027">
     <span class='ocr_line' id='line_1_81' title="bbox 1361 3801 2262 3860; baseline 0.003 -10"><span class='ocrx_word' id='word_1_435' title='bbox 1361 3819 1380 3850; x_wconf 90' lang='lat'>1</span> <span class='ocrx_word' id='word_1_436' title='bbox 1398 3820 1446 3851; x_wconf 75' lang='lat' dir='ltr'>a.</span> <span class='ocrx_word' id='word_1_437' title='bbox 1498 3801 1753 3854; x_wconf 79' lang='lat' dir='ltr'>Proscidit.</span> <span class='ocrx_word' id='word_1_438' title='bbox 1819 3802 2127 3853; x_wconf 76' lang='lat' dir='ltr'>Proscindere</span> <span class='ocrx_word' id='word_1_439' title='bbox 2145 3841 2157 3860; x_wconf 92' lang='lat'>,</span> <span class='ocrx_word' id='word_1_440' title='bbox 2207 3815 2262 3853; x_wconf 86' lang='lat' dir='ltr'>ut</span> 
     </span>
     <span class='ocr_line' id='line_1_82' title="bbox 1248 3879 2259 3950; baseline 0.002 -20"><span class='ocrx_word' id='word_1_441' title='bbox 1248 3879 1410 3930; x_wconf 87' lang='lat' dir='ltr'>multa</span> <span class='ocrx_word' id='word_1_442' title='bbox 1431 3880 1532 3930; x_wconf 86' lang='lat' dir='ltr'>alia</span> <span class='ocrx_word' id='word_1_443' title='bbox 1549 3918 1563 3941; x_wconf 97' lang='lat'>,</span> <span class='ocrx_word' id='word_1_444' title='bbox 1584 3882 1843 3950; x_wconf 68' lang='lat' dir='ltr'>eleganter</span> <span class='ocrx_word' id='word_1_445' title='bbox 1859 3882 1926 3933; x_wconf 87' lang='lat' dir='ltr'>ab</span> <span class='ocrx_word' id='word_1_446' title='bbox 1949 3881 2178 3933; x_wconf 80' lang='lat' dir='ltr'>aratione</span> <span class='ocrx_word' id='word_1_447' title='bbox 2195 3881 2259 3934; x_wconf 86' lang='lat' dir='ltr'>ad</span> 
     </span>
     <span class='ocr_line' id='line_1_83' title="bbox 1248 3958 1980 4027; baseline 0.004 -18"><span class='ocrx_word' id='word_1_448' title='bbox 1248 3958 1631 4027; x_wconf 79' lang='lat' dir='ltr'>navigationem</span> <span class='ocrx_word' id='word_1_449' title='bbox 1658 3963 1980 4014; x_wconf 84' lang='lat' dir='ltr'>translatum.</span> 
     </span>
    </p>

    <p class='ocr_par' dir='ltr' id='par_1_9' title="bbox 1249 4039 2263 4187">
     <span class='ocr_line' id='line_1_84' title="bbox 1337 4039 2263 4109; baseline 0.003 -20"><span class='ocrx_word' id='word_1_450' title='bbox 1337 4058 1352 4089; x_wconf 85' lang='grc' dir='ltr'>ι</span> <span class='ocrx_word' id='word_1_451' title='bbox 1370 4039 1417 4089; x_wconf 77' lang='grc'>3.</span> <span class='ocrx_word' id='word_1_452' title='bbox 1476 4040 1687 4109; x_wconf 76' lang='lat' dir='ltr'>Totaque</span> <span class='ocrx_word' id='word_1_453' title='bbox 1738 4042 1788 4091; x_wconf 83' lang='lat' dir='ltr'>in</span> <span class='ocrx_word' id='word_1_454' title='bbox 1840 4041 1957 4093; x_wconf 84' lang='lat' dir='ltr'>libr.</span> <span class='ocrx_word' id='word_1_455' title='bbox 2011 4040 2158 4091; x_wconf 66' lang='lat' dir='ltr'>MSS.</span> <span class='ocrx_word' id='word_1_456' title='bbox 2214 4055 2263 4092; x_wconf 76' lang='lat' dir='ltr'>ct</span> 
     </span>
     <span class='ocr_line' id='line_1_85' title="bbox 1249 4117 2260 4187; baseline 0.004 -20"><span class='ocrx_word' id='word_1_457' title='bbox 1249 4117 1393 4170; x_wconf 81' lang='lat' dir='ltr'>editt.</span> <span class='ocrx_word' id='word_1_458' title='bbox 1448 4119 1611 4187; x_wconf 82' lang='lat' dir='ltr'>antiq.</span> <span class='ocrx_word' id='word_1_459' title='bbox 1662 4122 1878 4172; x_wconf 84' lang='lat' dir='ltr'>solemni</span> <span class='ocrx_word' id='word_1_460' title='bbox 1925 4121 2260 4173; x_wconf 84' lang='lat' dir='ltr'>librariorum</span> 
     </span>
    </p>
   </div>
  </div>
 </body>
</html>
