2986 4935
721 455 888 539 146·

1237 457 1779 522 C.VALER11
1839 455 2302 524 CATULLI

1022 589 1160 653 Vos
1197 586 1602 654 Veranniolo
1641 612 1786 653 meo
1819 603 1884 654 et
1918 585 2187 654 Fabullo

1029 695 1286 785 Verpus
1330 695 1683 786 praeposuit
1717 695 1992 786 Priapus
2029 691 2174 760 ille?

1023 801 1161 866 Vos
1200 801 1503 865 convivia
1542 798 1716 866 lauta
1754 813 2136 891 sumptuose

1023 908 1125 972 De
1167 904 1269 971 die
1315 905 1555 988 sttciti53
1593 907 1716 971 mei
1753 904 2005 973 sodales

1023 1013 1348 1098 Quaerunt
1393 1013 1456 1077 in
1506 1013 1713 1079 triviis
1754 1010 2176 1078 vocationes?

792 1229 837 1282 4.
875 1222 1058 1289 l'ersnaes
1099 1221 1306 1287 Priapus
1357 1220 1468 1280 ille,
1511 1220 1729 1289 proprie

706 1303 1046 1352 salacissimus
1071 1301 1163 1349 iste
1202 1300 1363 1350 homo
1397 1299 1547 1360 Piso,
1582 1300 1726 1368 quasi

706 1396 842 1433 totus
870 1381 1031 1450 penis,
1061 1378 1160 1430 Sed
1200 1391 1328 1448 puto
1369 1379 1466 1428 hac
1507 1380 1728 1430 obscena

711 1461 933 1530 imagine
967 1459 1040 1509 nil
1069 1460 1165 1508 nisi
1196 1456 1607 1509 sordidissimam
1640 1459 1725 1509 Pi-

708 1541 847 1590 sonis
866 1540 1132 1589 avaritiam
1159 1551 1208 1587 et
1225 1536 1610 1606 turpitudinem
1630 1557 1728 1587 no·

708 1620 800 1671 tari
825 1659 839 1680 ,
867 1632 1094 1688 utsupra
1121 1619 1297 1668 Carm.
1325 1618 1592 1676 XXVIII,
1631 1635 1689 1666 12
1712 1655 1725 1679 ,

713 1727 733 1745 «
767 1719 885 1749 nam
935 1699 1066 1748 nihil
1124 1697 1326 1746 minore
1381 1715 1540 1766 verpa
1588 1696 1725 1747 Fani

709 1779 843 1830 estis.
872 1805 891 1822 ι
918 1776 1062 1827 Idem
1108 1777 1308 1827 valebat
1336 1773 1404 1825 de
1438 1793 1565 1826 voce
1594 1781 1727 1825 inru-

707 1871 879 1917 mator‚
923 1856 1031 1908 vid.
1075 1875 1171 1906 nos
1200 1854 1264 1905 ad
1301 1856 1474 1907 Carm.
1510 1856 1587 1916 X,
1626 1875 1688 1906 12
1714 1892 1761 1924 ,ὁ

706 1950 753 1987 et
783 1939 943 1988 verbo
968 1939 1202 1986 int-camare
1229 1936 1404 1986 Carm.
1428 1935 1729 1995 XXXVII,

711 2021 762 2069 8.
788 2050 867 2058 -—
885 2017 1036 2066 Errat
1071 2015 1315 2084 Doering.
1336 2051 1350 2075 ,
1379 2033 1547 2083 quum
1573 2015 1729 2082 hujus

705 2097 891 2167 probri
931 2093 1225 2165 explicandi
1272 2094 1434 2163 gratia
1479 2095 1726 2145 lectorem

709 2176 771 2227 ad
817 2179 991 2228 Carm.
1037 2174 1302 2228 xxvul,
1343 2174 1612 2224 XXXVII
1646 2191 1727 2223 re·

706 2255 887 2312 ducit,
909 2274 1023 2324 quae
1051 2255 1154 2305 buc
1176 2272 1280 2303 non
1311 2253 1588 2323 pertinent.
1624 2246 1727 2300 Νο-

708 2354 831 2386 vum
865 2346 937 2384 est
967 2353 1138 2400 verpus
1169 2334 1372 2399 Priapus
1403 2350 1603 2397 spurcae
1630 2334 1725 2382 ob·

703 2413 1013 2484 jurgationis
1057 2430 1250 2479 genus,
1292 2410 1436 2482 quod
1491 2412 1727 2462 Catullus

706 2514 766 2544 ex
784 2494 993 2544 duobus
1007 2493 1141 2542 inter
1161 2511 1212 2541 se
1234 2492 1589 2560 pugnantibus
1603 2510 1725 2541 con-

706 2575 908 2630 cinnat,
939 2569 1198 2640 siquidem
1227 2571 1370 2639 quasi
1393 2568 1723 2621 decurtatum

707 2653 954 2721 Priapum
985 2650 1212 2719 appellat
1235 2650 1493 2699 Pisonem.
1525 2651 1591 2699 N.

788 2735 840 2781 6.
863 2733 937 2780 De
965 2731 1068 2789 die,
1102 2729 1201 2780 hoc
1227 2743 1332 2791 est,
1364 2730 1534 2779 statim
1560 2749 1591 2779 a
1615 2747 1722 2779 me·-

705 2810 866 2871 ridie,
886 2812 990 2862 sive
1016 2809 1176 2859 multa
1199 2807 1371 2859 adbuc
1393 2807 1481 2858 die
1500 2827 1516 2870 ;
1536 2808 1721 2859 eodem

707 2888 866 2941 modo
900 2890 1086 2959 passim
1122 2886 1259 2958 apud
1296 2888 1605 2940 Ciceronem
1641 2886 1723 2937 di·

704 2971 839 3021 citur
870 2971 929 3019 de
966 2980 1101 3019 nocte
1129 2986 1226 3037 pro
1256 2984 1267 3017 τ
1294 2969 1462 3018 statim
1493 2988 1522 3018 a
1552 2965 1722 3018 media

705 3062 889 3110 nocte,
939 3050 1048 3099 sive
1102 3048 1262 3099 multa
1307 3046 1480 3099 adhuc
1533 3059 1720 3108 nocte;

703 3132 912 3179 convivia
939 3128 1096 3197 igitur
1116 3128 1175 3177 de
1196 3128 1274 3177 die
1290 3140 1408 3178 sunt
1437 3130 1718 3195 tempestiva.

704 3207 832 3258 vid.
869 3210 1178 3275 Interpretes
1213 3205 1277 3257 ad
1311 3207 1459 3258 Curt.
1477 3207 1549 3267 V,
1580 3224 1632 3273 7,
1668 3224 1717 3257 a.

701 3287 793 3336 ubi
834 3299 908 3335 est
939 3287 998 3335 de
1040 3286 1118 3334 die
1147 3288 1356 3335 convivia
1392 3288 1527 3335 inire.
1564 3285 1715 3336 Conf.

700 3365 989 3415 Burmann.
1017 3361 1080 3413 ad
1117 3361 1320 3415 Phaedr.
1350 3364 1463 3423 ΙΙΙ,
1502 3381 1589 3425 ιο,
1630 3383 1712 3413 20.

701 3442 786 3494 Sic
829 3442 999 3494 Graeci
1049 3443 1131 3510 ἀφ’
1167 3445 1351 3512 ἡμέρας
1387 3443 1558 3494 πίνειν.
1588 3441 1714 3493 Vid.

700 3514 872 3590 Toup.
906 3520 1127 3573 Emend.
1160 3522 1214 3573 in
1246 3520 1397 3572 Suid.
1427 3522 1483 3573 P.
1518 3523 1630 3584 111,
1659 3541 1714 3592 p.

706 3618 835 3652 παι.
861 3601 1040 3653 Horat.
1063 3602 1251 3662 Sat.1,
1285 3602 1351 3665 8,
1376 3620 1402 3651 2
1425 3639 1440 3663 ,
1469 3628 1489 3647 ι
1512 3600 1580 3652 de
1607 3620 1715 3652 me·

697 3678 788 3730 dio
825 3694 1003 3751 potare
1029 3680 1133 3732 die.
1155 3707 1176 3726 ·
1203 3681 1314 3732 Cic.
1352 3681 1586 3750 Philipp.
1626 3682 1677 3731 lt
1698 3720 1715 3743 ,

1820 1219 1889 1279 34
1921 1221 2173 1289 «jamjam
2210 1221 2424 1271 minime
2456 1221 2623 1272 miror
2652 1234 2701 1272 te
2705 1259 2839 1274 .......

1815 1317 1936 1348 cum
1981 1299 2344 1369 perditissimis
2391 1300 2682 1351 latronibus
2732 1322 2838 1353 non

1816 1379 1983 1428 solum
2018 1377 2084 1429 de
2124 1377 2236 1441 die,
2281 1377 2369 1429 sed
2409 1379 2565 1430 etiam
2595 1380 2651 1430 in
2692 1379 2838 1433 diem

1816 1457 2010 1508 vivere.

1898 1556 1948 1604 7.
1989 1538 2089 1588 Mei
2127 1537 2311 1587 sodales
2343 1540 2583 1604 Quaerunt
2624 1542 2675 1589 ἱη
2725 1547 2834 1591 triv.

1815 1630 1974 1667 vocat.
2000 1657 2013 1677 ‚
2046 1630 2095 1668 at
2123 1616 2322 1667 sodales
2345 1618 2447 1668 mei
2470 1618 2522 1668 in
2548 1619 2717 1670 triviis
2747 1640 2837 1671 ex-

1817 1710 2048 1764 spectare
2073 1694 2265 1747 debent
2290 1697 2620 1748 invitationes
2647 1697 2713 1750 ad
2737 1719 2839 1752 coe·

1815 1775 1975 1826 nam?
2013 1780 2286 1826 ‘vocationes
2330 1789 2449 1827 sunt
2494 1783 2793 1829 invitationes
2816 1821 2832 1839 ,

1815 1854 2264 1923 quemadmodum
2288 1876 2462 1906 vocare
2481 1851 2662 1920 [καλεῖν
2690 1859 2834 1927 apud

1816 1930 2044 1998 Graecos]
2069 1935 2377 2003 simpliciter
2399 1954 2500 2005 pro
2524 1940 2723 1987 invium
2750 1937 2835 1988 di-

1815 2015 1967 2076 citur,
2007 2027 2063 2064 ut
2100 2033 2246 2083 supr.
2279 2016 2456 2066 Carm.
2488 2017 2685 2079 XLIV,
2722 2037 2787 2070 21
2819 2058 2836 2080 ,

1815 2094 1882 2145 cf.
1921 2094 2065 2145 Cort.
2100 2092 2165 2144 ad
2212 2095 2344 2145 Ptin.
2386 2094 2551 2163 Epist.
2585 2096 2669 2157 X,
2705 2114 2723 2146 1
2746 2115 2831 2165 17.

1816 2173 1953 2225 Hinc
2003 2174 2139 2223 servi
2194 2172 2259 2225 ad
2311 2192 2512 2225 coenam
2556 2175 2837 2230 invitantes

1813 2251 1939 2303 dicti
1954 2266 2071 2304 sunt
2084 2265 2349 2316 vocatores,
2374 2253 2571 2306 Graecis
2585 2258 2835 2324 Δήτῡρες.

1816 2331 1940 2382 vid.
1990 2332 2293 2385 Rittershus.
2326 2332 2393 2384 ad
2448 2334 2683 2404 Oppian-
2728 2337 2837 2388 Ha·

1814 2412 1956 2462 lieut.
1994 2413 2107 2475 ΙΙΙ,
2151 2411 2255 2462 232
2279 2450 2295 2478 ,
2332 2433 2385 2484 p.
2414 2431 2526 2482 ²70
2547 2449 2563 2476 ,
2586 2416 2678 2484 qui
2710 2417 2832 2486 plu·

1813 2493 1954 2543 scula
1987 2493 2039 2542 in
2071 2493 2203 2545 banc
2230 2508 2342 2544 rem
2371 2492 2534 2545 dabit.
2569 2496 2626 2545 In
2649 2500 2828 2557 tric-iis,

1812 2572 2035 2641 respexit
2070 2573 2280 2624 fortusse
2320 2582 2471 2643 poeta
2494 2592 2698 2627 coennm
2723 2576 2830 2628 He-

1812 2664 1963 2711 catae,
1987 2652 2036 2701 in
2058 2655 2207 2719 cujus
2230 2653 2486 2704 honorem
2500 2654 2599 2704 sub
2618 2654 2830 2709 initium

1811 2733 2062 2801 cujusque
2094 2732 2283 2782 mensis
2311 2732 2455 2802 apud
2489 2732 2834 2785 Athenienses

1812 2812 2075 2880 praecipue
2129 2830 2155 2861 a
2220 2810 2498 2864 ditioribus
2546 2831 2697 2865 coena
2751 2816 2831 2867 in·

1810 2903 1999 2940 structa
2031 2904 2081 2941 et
2108 2890 2160 2940 in
2190 2892 2359 2941 triviis
2390 2893 2660 2962 proposita
2690 2894 2795 2946 fuit
2814 2933 2830 2958 ,

1810 2983 1866 3020 ut
1913 2967 2232 3038 diriperetur
2275 2989 2301 3020 a
2352 2972 2674 3041 pauperibus
2707 2990 2721 3024 :
2760 2974 2832 3026 de

1807 3067 1907 3117 qua
1930 3068 1987 3100 re
2014 3047 2124 3101 vid.
2147 3049 2499 3102 Hemsterhu&
2519 3049 2589 3102 ad
2606 3052 2828 3105 Lueinn.

1809 3140 1937 3179 tom.
1962 3130 2014 3190 Ι,
2040 3147 2093 3196 p.
2119 3128 2452 3180 33o.—-—-Non
2470 3130 2602 3182 mihi
2621 3131 2831 3199 placent

1811 3207 2080 3276 Doeringii
2121 3210 2334 3277 argutia
2372 3209 2425 3259 in
2472 3209 2557 3260 his
2608 3212 2832 3264 vocibus

1806 3286 2153 3355 explicandis3
2170 3301 2339 3338 rectus
2360 3287 2640 3358 nudusque
2650 3309 2831 3343 sensus

1806 3378 1916 3415 est:
1961 3392 1983 3411 ι
2014 3367 2067 3417 in
2113 3366 2312 3431 triviis,
2349 3369 2541 3437 passim
2591 3369 2650 3420 in
2700 3372 2831 3423 locis

1807 3444 1963 3513 vulgo
1990 3446 2278 3497 celebratis.
2302 3472 2323 3491 ι-
2362 3447 2447 3499 Sic
2476 3447 2621 3517 apud
2653 3449 2827 3503 Plaut.

1805 3525 2014 3593 parasiti
2031 3538 2271 3594 quaerunt
2283 3546 2376 3596 per
2400 3527 2576 3578 forum
2590 3540 2645 3580 et
2658 3531 2824 3581 laces-

1804 3615 1923 3654 sunt
1937 3605 2078 3656 ultro
2099 3605 2187 3674 qui
2202 3607 2633 3676 vocent.Captiv.
2652 3610 2731 3661 111
2745 3649 2760 3674 ,
2785 3634 2799 3661 t
2818 3652 2828 3661 .

1806 3683 1966 3735 Stich.
1999 3685 2057 3746 1,
2092 3684 2141 3735 3.
2174 3684 2238 3736 N.
