<?xml version="1.0" encoding="UTF-8"?>
<!DOCTYPE html PUBLIC "-//W3C//DTD XHTML 1.0 Transitional//EN"
    "http://www.w3.org/TR/xhtml1/DTD/xhtml1-transitional.dtd">
<html xmlns="http://www.w3.org/1999/xhtml" xml:lang="en" lang="en">
 <head>
  <title>
</title>
<meta http-equiv="Content-Type" content="text/html;charset=utf-8" />
  <meta name='ocr-system' content='tesseract 3.04.00' />
  <meta name='ocr-capabilities' content='ocr_page ocr_carea ocr_par ocr_line ocrx_word'/>
</head>
<body>
  <div class='ocr_page' id='page_1' title='image "./cvaleriuscatull00naudgoog_0068.png"; bbox 0 0 2986 4935; ppageno 0'>
   <div class='ocr_carea' id='block_1_1' title="bbox 690 466 2300 577">
    <p class='ocr_par' dir='ltr' id='par_1_1' title="bbox 690 466 2300 577">
     <span class='ocr_line' id='line_1_1' title="bbox 690 466 2300 577; baseline 0 -44"><span class='ocrx_word' id='word_1_1' title='bbox 690 468 789 549; x_wconf 72' lang='grc'>40</span> <span class='ocrx_word' id='word_1_2' title='bbox 1010 572 1013 577; x_wconf 90' lang='lat'>.</span> <span class='ocrx_word' id='word_1_3' title='bbox 1206 466 1769 534; x_wconf 84' lang='lat' dir='ltr'>C.VALER11</span> <span class='ocrx_word' id='word_1_4' title='bbox 1829 470 2300 537; x_wconf 85' lang='lat' dir='ltr'><strong>CATULLI</strong></span> 
     </span>
    </p>
   </div>
   <div class='ocr_carea' id='block_1_2' title="bbox 1371 701 2150 792">
    <p class='ocr_par' dir='ltr' id='par_1_2' title="bbox 1371 701 2150 792">
     <span class='ocr_line' id='line_1_2' title="bbox 1371 701 2150 792; baseline -0.006 0"><span class='ocrx_word' id='word_1_5' title='bbox 1371 701 1930 792; x_wconf 88' lang='lat' dir='ltr'><strong>CARMEN</strong></span> <span class='ocrx_word' id='word_1_6' title='bbox 1999 704 2150 787; x_wconf 91' lang='lat' dir='ltr'>IV.</span> 
     </span>
    </p>
   </div>
   <div class='ocr_carea' id='block_1_3' title="bbox 1276 936 2238 984">
    <p class='ocr_par' dir='ltr' id='par_1_3' title="bbox 1276 936 2238 984">
     <span class='ocr_line' id='line_1_3' title="bbox 1276 936 2238 984; baseline -0.001 -2"><span class='ocrx_word' id='word_1_7' title='bbox 1276 937 1767 984; x_wconf 75' lang='lat' dir='ltr'>DEDICATIO</span> <span class='ocrx_word' id='word_1_8' title='bbox 1842 936 2238 983; x_wconf 76' lang='lat' dir='ltr'>PHASELI.</span> 
     </span>
    </p>
   </div>
   <div class='ocr_carea' id='block_1_4' title="bbox 1005 1125 2459 1434">
    <p class='ocr_par' dir='ltr' id='par_1_4' title="bbox 1005 1125 2459 1434">
     <span class='ocr_line' id='line_1_4' title="bbox 1007 1125 2459 1222; baseline -0.001 -26"><span class='ocrx_word' id='word_1_9' title='bbox 1007 1129 1371 1196; x_wconf 63' lang='lat' dir='ltr'>PnAsnms</span> <span class='ocrx_word' id='word_1_10' title='bbox 1412 1125 1554 1213; x_wconf 82' lang='lat' dir='ltr'>ille,</span> <span class='ocrx_word' id='word_1_11' title='bbox 1584 1152 1782 1222; x_wconf 87' lang='lat' dir='ltr'>quem</span> <span class='ocrx_word' id='word_1_12' title='bbox 1827 1127 2099 1214; x_wconf 57' lang='lat' dir='ltr'>videm,</span> <span class='ocrx_word' id='word_1_13' title='bbox 2128 1127 2459 1221; x_wconf 69' lang='lat' dir='ltr'>hospitOS‚</span> 
     </span>
     <span class='ocr_line' id='line_1_5' title="bbox 1005 1232 2118 1316; baseline 0.003 -16"><span class='ocrx_word' id='word_1_14' title='bbox 1005 1236 1118 1302; x_wconf 84' lang='lat' dir='ltr'>Ait</span> <span class='ocrx_word' id='word_1_15' title='bbox 1160 1233 1358 1303; x_wconf 87' lang='lat' dir='ltr'>fuisse</span> <span class='ocrx_word' id='word_1_16' title='bbox 1399 1236 1664 1303; x_wconf 84' lang='lat' dir='ltr'>navium</span> <span class='ocrx_word' id='word_1_17' title='bbox 1705 1232 2118 1316; x_wconf 75' lang='lat' dir='ltr'>celerrimu5‚</span> 
     </span>
     <span class='ocr_line' id='line_1_6' title="bbox 1005 1339 2408 1434; baseline 0 -25"><span class='ocrx_word' id='word_1_18' title='bbox 1005 1339 1237 1434; x_wconf 84' lang='lat' dir='ltr'>Neque</span> <span class='ocrx_word' id='word_1_19' title='bbox 1280 1339 1473 1409; x_wconf 91' lang='lat' dir='ltr'>ullius</span> <span class='ocrx_word' id='word_1_20' title='bbox 1511 1341 1799 1409; x_wconf 83' lang='lat' dir='ltr'>natantis</span> <span class='ocrx_word' id='word_1_21' title='bbox 1840 1342 2161 1434; x_wconf 86' lang='lat' dir='ltr'>impeturn</span> <span class='ocrx_word' id='word_1_22' title='bbox 2204 1340 2408 1409; x_wconf 85' lang='lat' dir='ltr'>trabis</span> 
     </span>
    </p>
   </div>
   <div class='ocr_carea' id='block_1_5' title="bbox 687 1558 1722 4174">
    <p class='ocr_par' dir='ltr' id='par_1_5' title="bbox 687 1558 1722 4174">
     <span class='ocr_line' id='line_1_7' title="bbox 775 1558 1716 1612; baseline -0.004 0"><span class='ocrx_word' id='word_1_23' title='bbox 775 1562 911 1612; x_wconf 75' lang='lat' dir='ltr'>Ano.</span> <span class='ocrx_word' id='word_1_24' title='bbox 951 1559 1230 1611; x_wconf 78' lang='lat' dir='ltr'>phaselum</span> <span class='ocrx_word' id='word_1_25' title='bbox 1282 1575 1436 1610; x_wconf 85' lang='lat' dir='ltr'>suum</span> <span class='ocrx_word' id='word_1_26' title='bbox 1477 1558 1716 1610; x_wconf 88' lang='lat' dir='ltr'>concele-</span> 
     </span>
     <span class='ocr_line' id='line_1_8' title="bbox 696 1638 1714 1711; baseline -0.004 -19"><span class='ocrx_word' id='word_1_27' title='bbox 696 1641 813 1692; x_wconf 85' lang='lat' dir='ltr'>brat</span> <span class='ocrx_word' id='word_1_28' title='bbox 860 1653 1011 1711; x_wconf 86' lang='lat' dir='ltr'>poeta</span> <span class='ocrx_word' id='word_1_29' title='bbox 1054 1640 1124 1690; x_wconf 92' lang='lat' dir='ltr'>ob</span> <span class='ocrx_word' id='word_1_30' title='bbox 1158 1639 1410 1708; x_wconf 82' lang='lat' dir='ltr'>insignem</span> <span class='ocrx_word' id='word_1_31' title='bbox 1446 1639 1542 1689; x_wconf 82' lang='lat' dir='ltr'>sibi</span> <span class='ocrx_word' id='word_1_32' title='bbox 1588 1638 1714 1688; x_wconf 89' lang='lat' dir='ltr'>olim</span> 
     </span>
     <span class='ocr_line' id='line_1_9' title="bbox 695 1734 1716 1790; baseline -0.005 -19"><span class='ocrx_word' id='word_1_33' title='bbox 695 1734 981 1790; x_wconf 80' lang='lat' dir='ltr'>praesntum</span> <span class='ocrx_word' id='word_1_34' title='bbox 1027 1737 1212 1783; x_wconf 87' lang='lat' dir='ltr'>usum,</span> <span class='ocrx_word' id='word_1_35' title='bbox 1244 1737 1386 1770; x_wconf 88' lang='lat' dir='ltr'>nunc</span> <span class='ocrx_word' id='word_1_36' title='bbox 1417 1736 1544 1768; x_wconf 83' lang='lat' dir='ltr'>vero</span> <span class='ocrx_word' id='word_1_37' title='bbox 1575 1735 1716 1767; x_wconf 88' lang='lat' dir='ltr'>eme-</span> 
     </span>
     <span class='ocr_line' id='line_1_10' title="bbox 698 1798 1721 1868; baseline -0.005 -16"><span class='ocrx_word' id='word_1_38' title='bbox 698 1800 856 1852; x_wconf 87' lang='lat' dir='ltr'>ritum</span> <span class='ocrx_word' id='word_1_39' title='bbox 890 1812 941 1850; x_wconf 88' lang='lat' dir='ltr'>et</span> <span class='ocrx_word' id='word_1_40' title='bbox 960 1798 1227 1850; x_wconf 85' lang='lat' dir='ltr'>recondita</span> <span class='ocrx_word' id='word_1_41' title='bbox 1259 1798 1431 1868; x_wconf 87' lang='lat' dir='ltr'>quiete</span> <span class='ocrx_word' id='word_1_42' title='bbox 1456 1815 1721 1848; x_wconf 82' lang='lat' dir='ltr'>senescen-</span> 
     </span>
     <span class='ocr_line' id='line_1_11' title="bbox 697 1876 1718 1949; baseline -0.003 -18"><span class='ocrx_word' id='word_1_43' title='bbox 697 1893 820 1931; x_wconf 88' lang='lat' dir='ltr'>tem.</span> <span class='ocrx_word' id='word_1_44' title='bbox 843 1879 1059 1930; x_wconf 83' lang='lat' dir='ltr'>Summa</span> <span class='ocrx_word' id='word_1_45' title='bbox 1086 1881 1196 1949; x_wconf 84' lang='lat' dir='ltr'>ejus</span> <span class='ocrx_word' id='word_1_46' title='bbox 1222 1879 1334 1929; x_wconf 77' lang='lat' dir='ltr'>laus</span> <span class='ocrx_word' id='word_1_47' title='bbox 1360 1876 1574 1946; x_wconf 85' lang='lat' dir='ltr'>ponitur</span> <span class='ocrx_word' id='word_1_48' title='bbox 1598 1895 1718 1946; x_wconf 86' lang='lat' dir='ltr'>par-</span> 
     </span>
     <span class='ocr_line' id='line_1_12' title="bbox 699 1956 1722 2028; baseline -0.003 -19"><span class='ocrx_word' id='word_1_49' title='bbox 699 1959 791 2009; x_wconf 88' lang='lat' dir='ltr'>tim</span> <span class='ocrx_word' id='word_1_50' title='bbox 820 1961 871 2010; x_wconf 89' lang='lat' dir='ltr'>in</span> <span class='ocrx_word' id='word_1_51' title='bbox 902 1958 1185 2017; x_wconf 85' lang='lat' dir='ltr'>celeritate,</span> <span class='ocrx_word' id='word_1_52' title='bbox 1213 1957 1402 2028; x_wconf 87' lang='lat' dir='ltr'>partim</span> <span class='ocrx_word' id='word_1_53' title='bbox 1433 1956 1484 2006; x_wconf 88' lang='lat' dir='ltr'>in</span> <span class='ocrx_word' id='word_1_54' title='bbox 1519 1957 1722 2007; x_wconf 79' lang='lat' dir='ltr'>roboris</span> 
     </span>
     <span class='ocr_line' id='line_1_13' title="bbox 697 2037 1722 2109; baseline -0.003 -20"><span class='ocrx_word' id='word_1_55' title='bbox 697 2037 970 2109; x_wconf 63' lang='lat' dir='ltr'>firmitate,</span> <span class='ocrx_word' id='word_1_56' title='bbox 1000 2057 1101 2108; x_wconf 90' lang='lat' dir='ltr'>qua</span> <span class='ocrx_word' id='word_1_57' title='bbox 1134 2050 1210 2089; x_wconf 81' lang='lat' dir='ltr'>tot</span> <span class='ocrx_word' id='word_1_58' title='bbox 1234 2050 1284 2088; x_wconf 89' lang='lat' dir='ltr'>et</span> <span class='ocrx_word' id='word_1_59' title='bbox 1314 2048 1453 2087; x_wconf 86' lang='lat' dir='ltr'>tanta</span> <span class='ocrx_word' id='word_1_60' title='bbox 1483 2055 1722 2087; x_wconf 81' lang='lat' dir='ltr'>emensus</span> 
     </span>
     <span class='ocr_line' id='line_1_14' title="bbox 698 2117 1718 2191; baseline -0.004 -21"><span class='ocrx_word' id='word_1_61' title='bbox 698 2117 856 2191; x_wconf 71' lang='lat' dir='ltr'>suerit</span> <span class='ocrx_word' id='word_1_62' title='bbox 922 2118 1124 2170; x_wconf 86' lang='lat' dir='ltr'>itinera.</span> <span class='ocrx_word' id='word_1_63' title='bbox 1164 2117 1476 2168; x_wconf 81' lang='lat' dir='ltr'>Suavissime</span> <span class='ocrx_word' id='word_1_64' title='bbox 1545 2130 1718 2167; x_wconf 81' lang='lat' dir='ltr'>autem</span> 
     </span>
     <span class='ocr_line' id='line_1_15' title="bbox 698 2193 1721 2268; baseline -0.003 -18"><span class='ocrx_word' id='word_1_65' title='bbox 698 2199 871 2268; x_wconf 87' lang='lat' dir='ltr'>ipsum</span> <span class='ocrx_word' id='word_1_66' title='bbox 914 2197 1191 2248; x_wconf 78' lang='lat' dir='ltr'>phaselum</span> <span class='ocrx_word' id='word_1_67' title='bbox 1231 2195 1433 2247; x_wconf 87' lang='lat' dir='ltr'>inducit</span> <span class='ocrx_word' id='word_1_68' title='bbox 1463 2193 1721 2266; x_wconf 80' lang='lat' dir='ltr'>depraedi·</span> 
     </span>
     <span class='ocr_line' id='line_1_16' title="bbox 694 2275 1719 2345; baseline -0.002 -16"><span class='ocrx_word' id='word_1_69' title='bbox 694 2291 896 2329; x_wconf 83' lang='lat' dir='ltr'>cantem</span> <span class='ocrx_word' id='word_1_70' title='bbox 941 2278 1123 2328; x_wconf 83' lang='lat' dir='ltr'>merita</span> <span class='ocrx_word' id='word_1_71' title='bbox 1155 2296 1245 2328; x_wconf 86' lang='lat' dir='ltr'>sua</span> <span class='ocrx_word' id='word_1_72' title='bbox 1289 2290 1338 2327; x_wconf 85' lang='lat' dir='ltr'>et</span> <span class='ocrx_word' id='word_1_73' title='bbox 1372 2275 1600 2345; x_wconf 86' lang='lat' dir='ltr'>denique</span> <span class='ocrx_word' id='word_1_74' title='bbox 1637 2295 1719 2327; x_wconf 87' lang='lat' dir='ltr'>so-</span> 
     </span>
     <span class='ocr_line' id='line_1_17' title="bbox 692 2355 1720 2409; baseline -0.003 0"><span class='ocrx_word' id='word_1_75' title='bbox 692 2357 854 2409; x_wconf 84' lang='lat' dir='ltr'><strong>lemni</strong></span> <span class='ocrx_word' id='word_1_76' title='bbox 904 2355 1064 2407; x_wconf 87' lang='lat' dir='ltr'>modo</span> <span class='ocrx_word' id='word_1_77' title='bbox 1090 2356 1289 2408; x_wconf 78' lang='lat' dir='ltr'>Castori</span> <span class='ocrx_word' id='word_1_78' title='bbox 1331 2368 1379 2407; x_wconf 85' lang='lat' dir='ltr'>et</span> <span class='ocrx_word' id='word_1_79' title='bbox 1423 2356 1619 2406; x_wconf 76' lang='lat' dir='ltr'>Polluci</span> <span class='ocrx_word' id='word_1_80' title='bbox 1667 2375 1720 2407; x_wconf 81' lang='lat' dir='ltr'>se</span> 
     </span>
     <span class='ocr_line' id='line_1_18' title="bbox 698 2434 1719 2489; baseline -0.003 0"><span class='ocrx_word' id='word_1_81' title='bbox 698 2448 1104 2489; x_wconf 78' lang='lat' dir='ltr'>consecrantem.</span> <span class='ocrx_word' id='word_1_82' title='bbox 1133 2436 1393 2487; x_wconf 81' lang='lat' dir='ltr'>Caeterum</span> <span class='ocrx_word' id='word_1_83' title='bbox 1437 2435 1521 2485; x_wconf 77' lang='lat' dir='ltr'>vix</span> <span class='ocrx_word' id='word_1_84' title='bbox 1564 2434 1719 2486; x_wconf 87' lang='lat' dir='ltr'>dubi·</span> 
     </span>
     <span class='ocr_line' id='line_1_19' title="bbox 692 2516 1716 2586; baseline -0.004 -16"><span class='ocrx_word' id='word_1_85' title='bbox 692 2517 789 2570; x_wconf 82' lang='lat' dir='ltr'>tari</span> <span class='ocrx_word' id='word_1_86' title='bbox 809 2528 1004 2586; x_wconf 80' lang='lat' dir='ltr'>potest,</span> <span class='ocrx_word' id='word_1_87' title='bbox 1031 2516 1157 2584; x_wconf 88' lang='lat' dir='ltr'>quin</span> <span class='ocrx_word' id='word_1_88' title='bbox 1183 2529 1349 2565; x_wconf 81' lang='lat' dir='ltr'>totum</span> <span class='ocrx_word' id='word_1_89' title='bbox 1382 2516 1485 2565; x_wconf 84' lang='lat' dir='ltr'>hnc</span> <span class='ocrx_word' id='word_1_90' title='bbox 1510 2534 1716 2566; x_wconf 83' lang='lat' dir='ltr'>carmen</span> 
     </span>
     <span class='ocr_line' id='line_1_20' title="bbox 692 2594 1716 2663; baseline -0.004 -15"><span class='ocrx_word' id='word_1_91' title='bbox 692 2595 763 2648; x_wconf 83' lang='lat' dir='ltr'>ad</span> <span class='ocrx_word' id='word_1_92' title='bbox 805 2596 974 2647; x_wconf 81' lang='lat' dir='ltr'>Graeci</span> <span class='ocrx_word' id='word_1_93' title='bbox 1023 2594 1292 2662; x_wconf 89' lang='lat' dir='ltr'>cujusdam</span> <span class='ocrx_word' id='word_1_94' title='bbox 1338 2607 1505 2663; x_wconf 83' lang='lat' dir='ltr'>poetae</span> <span class='ocrx_word' id='word_1_95' title='bbox 1546 2613 1716 2645; x_wconf 77' lang='lat' dir='ltr'>exem-</span> 
     </span>
     <span class='ocr_line' id='line_1_21' title="bbox 693 2672 1717 2747; baseline -0.002 -20"><span class='ocrx_word' id='word_1_96' title='bbox 693 2677 844 2747; x_wconf 87' lang='lat' dir='ltr'>plum</span> <span class='ocrx_word' id='word_1_97' title='bbox 875 2675 1218 2744; x_wconf 82' lang='lat' dir='ltr'>compositum</span> <span class='ocrx_word' id='word_1_98' title='bbox 1264 2687 1312 2725; x_wconf 85' lang='lat' dir='ltr'>et</span> <span class='ocrx_word' id='word_1_99' title='bbox 1346 2672 1717 2725; x_wconf 81' lang='lat' dir='ltr'>adumbratum</span> 
     </span>
     <span class='ocr_line' id='line_1_22' title="bbox 696 2752 1717 2824; baseline -0.003 -18"><span class='ocrx_word' id='word_1_100' title='bbox 696 2757 784 2819; x_wconf 80' lang='lat' dir='ltr'>sit3</span> <span class='ocrx_word' id='word_1_101' title='bbox 805 2753 938 2805; x_wconf 83' lang='lat' dir='ltr'>adeo</span> <span class='ocrx_word' id='word_1_102' title='bbox 953 2755 1113 2824; x_wconf 80' lang='lat' dir='ltr'>spirat</span> <span class='ocrx_word' id='word_1_103' title='bbox 1127 2755 1432 2806; x_wconf 84' lang='lat' dir='ltr'>Graecorum</span> <span class='ocrx_word' id='word_1_104' title='bbox 1452 2752 1682 2803; x_wconf 79' lang='lat' dir='ltr'>indolem</span> <span class='ocrx_word' id='word_1_105' title='bbox 1704 2792 1717 2814; x_wconf 90' lang='lat'>‚</span> 
     </span>
     <span class='ocr_line' id='line_1_23' title="bbox 694 2834 1717 2904; baseline -0.003 -17"><span class='ocrx_word' id='word_1_106' title='bbox 694 2836 928 2904; x_wconf 87' lang='lat' dir='ltr'>leporem</span> <span class='ocrx_word' id='word_1_107' title='bbox 970 2848 1019 2885; x_wconf 86' lang='lat' dir='ltr'>et</span> <span class='ocrx_word' id='word_1_108' title='bbox 1068 2836 1118 2884; x_wconf 89' lang='lat' dir='ltr'>in</span> <span class='ocrx_word' id='word_1_109' title='bbox 1159 2854 1254 2885; x_wconf 83' lang='lat' dir='ltr'>usu</span> <span class='ocrx_word' id='word_1_110' title='bbox 1291 2834 1717 2903; x_wconf 78' lang='lat' dir='ltr'>metaphorarum</span> 
     </span>
     <span class='ocr_line' id='line_1_24' title="bbox 693 2913 1718 2982; baseline -0.003 -16"><span class='ocrx_word' id='word_1_111' title='bbox 693 2914 986 2966; x_wconf 80' lang='lat' dir='ltr'>audaciam.</span> <span class='ocrx_word' id='word_1_112' title='bbox 1015 2914 1124 2965; x_wconf 85' lang='lat' dir='ltr'>Nec</span> <span class='ocrx_word' id='word_1_113' title='bbox 1144 2913 1330 2965; x_wconf 81' lang='lat' dir='ltr'><strong>desunt</strong></span> <span class='ocrx_word' id='word_1_114' title='bbox 1349 2914 1603 2982; x_wconf 77' lang='lat' dir='ltr'>exempla,</span> <span class='ocrx_word' id='word_1_115' title='bbox 1629 2914 1718 2963; x_wconf 85' lang='lat' dir='ltr'>uhi</span> 
     </span>
     <span class='ocr_line' id='line_1_25' title="bbox 695 2993 1717 3065; baseline -0.002 -20"><span class='ocrx_word' id='word_1_116' title='bbox 695 2995 821 3065; x_wconf 81' lang='lat' dir='ltr'>ipsae</span> <span class='ocrx_word' id='word_1_117' title='bbox 869 3012 1026 3046; x_wconf 81' lang='lat' dir='ltr'>naves</span> <span class='ocrx_word' id='word_1_118' title='bbox 1065 2995 1146 3045; x_wconf 81' lang='lat' dir='ltr'>vel</span> <span class='ocrx_word' id='word_1_119' title='bbox 1194 2993 1376 3044; x_wconf 86' lang='lat' dir='ltr'>merita</span> <span class='ocrx_word' id='word_1_120' title='bbox 1418 3012 1505 3044; x_wconf 78' lang='lat' dir='ltr'>sua</span> <span class='ocrx_word' id='word_1_121' title='bbox 1553 2994 1717 3043; x_wconf 79' lang='lat' dir='ltr'>extol-</span> 
     </span>
     <span class='ocr_line' id='line_1_26' title="bbox 692 3071 1714 3136; baseline -0.003 -10"><span class='ocrx_word' id='word_1_122' title='bbox 692 3074 859 3126; x_wconf 81' lang='lat' dir='ltr'><strong>lentes</strong></span> <span class='ocrx_word' id='word_1_123' title='bbox 885 3073 1226 3136; x_wconf 88' lang='lat' dir='ltr'>inducuntur‚</span> <span class='ocrx_word' id='word_1_124' title='bbox 1262 3073 1342 3123; x_wconf 79' lang='lat' dir='ltr'>vel</span> <span class='ocrx_word' id='word_1_125' title='bbox 1375 3071 1474 3122; x_wconf 78' lang='lat' dir='ltr'>deo</span> <span class='ocrx_word' id='word_1_126' title='bbox 1508 3071 1714 3123; x_wconf 84' lang='lat' dir='ltr'>cuidam</span> 
     </span>
     <span class='ocr_line' id='line_1_27' title="bbox 695 3152 1714 3222; baseline -0.003 -17"><span class='ocrx_word' id='word_1_127' title='bbox 695 3152 1020 3216; x_wconf 85' lang='lat' dir='ltr'>dedicantur;</span> <span class='ocrx_word' id='word_1_128' title='bbox 1039 3153 1105 3204; x_wconf 83' lang='lat' dir='ltr'>cf.</span> <span class='ocrx_word' id='word_1_129' title='bbox 1131 3152 1387 3221; x_wconf 79' lang='lat' dir='ltr'>Antiphili</span> <span class='ocrx_word' id='word_1_130' title='bbox 1408 3153 1714 3222; x_wconf 72' lang='lat' dir='ltr'>epigramm.</span> 
     </span>
     <span class='ocr_line' id='line_1_28' title="bbox 696 3231 1716 3294; baseline -0.004 -10"><span class='ocrx_word' id='word_1_131' title='bbox 696 3251 854 3294; x_wconf 72' lang='lat' dir='ltr'><strong>xxw,</strong></span> <span class='ocrx_word' id='word_1_132' title='bbox 881 3235 934 3283; x_wconf 87' lang='lat' dir='ltr'>in</span> <span class='ocrx_word' id='word_1_133' title='bbox 960 3233 1262 3282; x_wconf 80' lang='lat' dir='ltr'>Analect.V.</span> <span class='ocrx_word' id='word_1_134' title='bbox 1295 3232 1349 3281; x_wconf 88' lang='lat' dir='ltr'>P.</span> <span class='ocrx_word' id='word_1_135' title='bbox 1382 3231 1446 3282; x_wconf 92' lang='lat' dir='ltr'>G.</span> <span class='ocrx_word' id='word_1_136' title='bbox 1479 3244 1603 3281; x_wconf 86' lang='lat' dir='ltr'>tom.</span> <span class='ocrx_word' id='word_1_137' title='bbox 1626 3233 1679 3281; x_wconf 89' lang='lat'>11</span> <span class='ocrx_word' id='word_1_138' title='bbox 1703 3271 1716 3293; x_wconf 90' lang='lat'>‚</span> 
     </span>
     <span class='ocr_line' id='line_1_29' title="bbox 693 3309 1712 3382; baseline -0.002 -18"><span class='ocrx_word' id='word_1_139' title='bbox 693 3331 749 3382; x_wconf 84' lang='lat' dir='ltr'>p.</span> <span class='ocrx_word' id='word_1_140' title='bbox 782 3317 889 3381; x_wconf 79' lang='lat'>176</span> <span class='ocrx_word' id='word_1_141' title='bbox 910 3351 925 3376; x_wconf 90' lang='lat'>,</span> <span class='ocrx_word' id='word_1_142' title='bbox 943 3325 992 3363; x_wconf 86' lang='lat' dir='ltr'>et</span> <span class='ocrx_word' id='word_1_143' title='bbox 1015 3309 1292 3363; x_wconf 85' lang='lat' dir='ltr'>Macedon.</span> <span class='ocrx_word' id='word_1_144' title='bbox 1323 3329 1348 3360; x_wconf 71' lang='grc' dir='ltr'>α</span> <span class='ocrx_word' id='word_1_145' title='bbox 1364 3330 1389 3361; x_wconf 80' lang='lat'><em>2</em></span> <span class='ocrx_word' id='word_1_146' title='bbox 1412 3348 1426 3372; x_wconf 91' lang='lat'>,</span> <span class='ocrx_word' id='word_1_147' title='bbox 1461 3310 1527 3361; x_wconf 82' lang='lat'>23</span> <span class='ocrx_word' id='word_1_148' title='bbox 1550 3348 1564 3373; x_wconf 92' lang='lat'>,</span> <span class='ocrx_word' id='word_1_149' title='bbox 1587 3323 1712 3362; x_wconf 86' lang='lat' dir='ltr'>tom.</span> 
     </span>
     <span class='ocr_line' id='line_1_30' title="bbox 695 3391 1714 3462; baseline -0.003 -19"><span class='ocrx_word' id='word_1_150' title='bbox 695 3393 805 3455; x_wconf 86' lang='lat'>111,</span> <span class='ocrx_word' id='word_1_151' title='bbox 836 3410 889 3462; x_wconf 92' lang='lat' dir='ltr'>p.</span> <span class='ocrx_word' id='word_1_152' title='bbox 923 3410 944 3443; x_wconf 87' lang='lat'>1</span> <span class='ocrx_word' id='word_1_153' title='bbox 965 3411 1053 3460; x_wconf 83' lang='lat'>17,</span> <span class='ocrx_word' id='word_1_154' title='bbox 1087 3391 1208 3442; x_wconf 85' lang='lat' dir='ltr'>edit.</span> <span class='ocrx_word' id='word_1_155' title='bbox 1244 3391 1471 3440; x_wconf 82' lang='lat' dir='ltr'>Brnnck.</span> <span class='ocrx_word' id='word_1_156' title='bbox 1501 3391 1592 3440; x_wconf 74' lang='lat' dir='ltr'>Est</span> <span class='ocrx_word' id='word_1_157' title='bbox 1622 3409 1714 3441; x_wconf 89' lang='lat' dir='ltr'>au·</span> 
     </span>
     <span class='ocr_line' id='line_1_31' title="bbox 695 3468 1713 3539; baseline -0.001 -18"><span class='ocrx_word' id='word_1_158' title='bbox 695 3483 799 3522; x_wconf 86' lang='lat' dir='ltr'>tem</span> <span class='ocrx_word' id='word_1_159' title='bbox 828 3472 930 3522; x_wconf 84' lang='lat' dir='ltr'>hoc</span> <span class='ocrx_word' id='word_1_160' title='bbox 955 3488 1197 3532; x_wconf 82' lang='lat' dir='ltr'>carmen,</span> <span class='ocrx_word' id='word_1_161' title='bbox 1227 3468 1370 3539; x_wconf 85' lang='lat' dir='ltr'>quod</span> <span class='ocrx_word' id='word_1_162' title='bbox 1404 3470 1559 3519; x_wconf 81' lang='lat' dir='ltr'>meris</span> <span class='ocrx_word' id='word_1_163' title='bbox 1584 3468 1713 3521; x_wconf 80' lang='lat' dir='ltr'>iam·</span> 
     </span>
     <span class='ocr_line' id='line_1_32' title="bbox 695 3549 1713 3611; baseline -0.004 -9"><span class='ocrx_word' id='word_1_164' title='bbox 695 3550 778 3602; x_wconf 86' lang='lat' dir='ltr'>bis</span> <span class='ocrx_word' id='word_1_165' title='bbox 807 3562 1032 3611; x_wconf 84' lang='lat' dir='ltr'>constat,</span> <span class='ocrx_word' id='word_1_166' title='bbox 1059 3550 1289 3600; x_wconf 81' lang='lat' dir='ltr'>numeris</span> <span class='ocrx_word' id='word_1_167' title='bbox 1314 3549 1417 3598; x_wconf 72' lang='lat' dir='ltr'>suis</span> <span class='ocrx_word' id='word_1_168' title='bbox 1443 3549 1713 3599; x_wconf 73' lang='lat' dir='ltr'>absolutis-</span> 
     </span>
     <span class='ocr_line' id='line_1_33' title="bbox 694 3628 1712 3697; baseline 0 -16"><span class='ocrx_word' id='word_1_169' title='bbox 694 3629 912 3692; x_wconf 84' lang='lat' dir='ltr'>simum,</span> <span class='ocrx_word' id='word_1_170' title='bbox 955 3642 1196 3697; x_wconf 78' lang='lat' dir='ltr'>tantaque</span> <span class='ocrx_word' id='word_1_171' title='bbox 1243 3641 1351 3679; x_wconf 79' lang='lat' dir='ltr'>arte</span> <span class='ocrx_word' id='word_1_172' title='bbox 1385 3642 1435 3679; x_wconf 82' lang='lat' dir='ltr'>et</span> <span class='ocrx_word' id='word_1_173' title='bbox 1472 3628 1712 3681; x_wconf 75' lang='lat' dir='ltr'>facilitate</span> 
     </span>
     <span class='ocr_line' id='line_1_34' title="bbox 695 3709 1707 3780; baseline -0.003 -18"><span class='ocrx_word' id='word_1_174' title='bbox 695 3710 1069 3780; x_wconf 84' lang='lat' dir='ltr'>compositum,</span> <span class='ocrx_word' id='word_1_175' title='bbox 1098 3721 1177 3771; x_wconf 85' lang='lat' dir='ltr'>ut,</span> <span class='ocrx_word' id='word_1_176' title='bbox 1205 3720 1436 3758; x_wconf 81' lang='lat' dir='ltr'>artemne</span> <span class='ocrx_word' id='word_1_177' title='bbox 1470 3709 1631 3778; x_wconf 85' lang='lat' dir='ltr'>magis</span> <span class='ocrx_word' id='word_1_178' title='bbox 1657 3710 1707 3759; x_wconf 90' lang='lat' dir='ltr'>in</span> 
     </span>
     <span class='ocr_line' id='line_1_35' title="bbox 689 3786 1710 3856; baseline -0.005 -14"><span class='ocrx_word' id='word_1_179' title='bbox 689 3789 781 3842; x_wconf 90' lang='lat' dir='ltr'>illo</span> <span class='ocrx_word' id='word_1_180' title='bbox 802 3788 1076 3842; x_wconf 82' lang='lat' dir='ltr'>admireris</span> <span class='ocrx_word' id='word_1_181' title='bbox 1095 3825 1111 3851; x_wconf 82' lang='lat'><strong>,</strong></span> <span class='ocrx_word' id='word_1_182' title='bbox 1137 3806 1201 3837; x_wconf 84' lang='lat' dir='ltr'>an</span> <span class='ocrx_word' id='word_1_183' title='bbox 1227 3786 1418 3856; x_wconf 83' lang='lat' dir='ltr'>leporis</span> <span class='ocrx_word' id='word_1_184' title='bbox 1442 3801 1491 3838; x_wconf 84' lang='lat' dir='ltr'>et</span> <span class='ocrx_word' id='word_1_185' title='bbox 1521 3788 1710 3856; x_wconf 86' lang='lat' dir='ltr'>ingenii</span> 
     </span>
     <span class='ocr_line' id='line_1_36' title="bbox 692 3867 1710 3936; baseline -0.003 -16"><span class='ocrx_word' id='word_1_186' title='bbox 692 3882 1014 3921; x_wconf 76' lang='lat' dir='ltr'>venustatem</span> <span class='ocrx_word' id='word_1_187' title='bbox 1030 3906 1043 3932; x_wconf 88' lang='lat'>,</span> <span class='ocrx_word' id='word_1_188' title='bbox 1057 3867 1166 3936; x_wconf 87' lang='lat' dir='ltr'>ipse</span> <span class='ocrx_word' id='word_1_189' title='bbox 1181 3868 1390 3917; x_wconf 82' lang='lat' dir='ltr'>nescias.</span> <span class='ocrx_word' id='word_1_190' title='bbox 1414 3867 1551 3917; x_wconf 81' lang='lat' dir='ltr'>Hinc.</span> <span class='ocrx_word' id='word_1_191' title='bbox 1572 3879 1710 3917; x_wconf 81' lang='lat' dir='ltr'>recte</span> 
     </span>
     <span class='ocr_line' id='line_1_37' title="bbox 690 3946 1708 4017; baseline -0.002 -18"><span class='ocrx_word' id='word_1_192' title='bbox 690 3947 887 4017; x_wconf 81' lang='lat' dir='ltr'>judicat</span> <span class='ocrx_word' id='word_1_193' title='bbox 915 3948 1174 4016; x_wconf 70' lang='lat' dir='ltr'>VulpiuS,</span> <span class='ocrx_word' id='word_1_194' title='bbox 1211 3947 1292 3996; x_wconf 77' lang='lat' dir='ltr'>vel</span> <span class='ocrx_word' id='word_1_195' title='bbox 1349 3965 1411 3995; x_wconf 80' lang='lat' dir='ltr'>ex</span> <span class='ocrx_word' id='word_1_196' title='bbox 1454 3946 1555 3996; x_wconf 83' lang='lat' dir='ltr'>hoc</span> <span class='ocrx_word' id='word_1_197' title='bbox 1599 3965 1708 3997; x_wconf 87' lang='lat' dir='ltr'>uno</span> 
     </span>
     <span class='ocr_line' id='line_1_38' title="bbox 687 4026 1707 4097; baseline -0.005 -19"><span class='ocrx_word' id='word_1_198' title='bbox 687 4029 915 4080; x_wconf 75' lang='lat' dir='ltr'>carmine</span> <span class='ocrx_word' id='word_1_199' title='bbox 939 4026 1156 4097; x_wconf 81' lang='lat' dir='ltr'>perspici</span> <span class='ocrx_word' id='word_1_200' title='bbox 1181 4045 1348 4095; x_wconf 74' lang='lat' dir='ltr'>posse,</span> <span class='ocrx_word' id='word_1_201' title='bbox 1371 4044 1465 4077; x_wconf 83' lang='lat' dir='ltr'>cur</span> <span class='ocrx_word' id='word_1_202' title='bbox 1493 4026 1707 4077; x_wconf 76' lang='lat' dir='ltr'>Veteres</span> 
     </span>
     <span class='ocr_line' id='line_1_39' title="bbox 689 4105 1701 4174; baseline 0 -18"><span class='ocrx_word' id='word_1_203' title='bbox 689 4107 816 4157; x_wconf 76' lang='lat' dir='ltr'>docti</span> <span class='ocrx_word' id='word_1_204' title='bbox 845 4107 1058 4158; x_wconf 86' lang='lat' dir='ltr'>nomine</span> <span class='ocrx_word' id='word_1_205' title='bbox 1087 4105 1334 4157; x_wconf 85' lang='lat' dir='ltr'>Nostrum</span> <span class='ocrx_word' id='word_1_206' title='bbox 1366 4105 1701 4174; x_wconf 75' lang='lat' dir='ltr'>insignierint.</span> 
     </span>
    </p>
   </div>
   <div class='ocr_carea' id='block_1_6' title="bbox 1795 1557 2860 4179">
    <p class='ocr_par' dir='ltr' id='par_1_6' title="bbox 1804 1557 2839 2105">
     <span class='ocr_line' id='line_1_40' title="bbox 1804 1557 2836 1627; baseline 0.004 -18"><span class='ocrx_word' id='word_1_207' title='bbox 1804 1557 2068 1627; x_wconf 87' lang='lat' dir='ltr'>Expressit</span> <span class='ocrx_word' id='word_1_208' title='bbox 2114 1570 2287 1609; x_wconf 87' lang='lat' dir='ltr'>autem</span> <span class='ocrx_word' id='word_1_209' title='bbox 2326 1558 2423 1610; x_wconf 86' lang='lat' dir='ltr'>hos</span> <span class='ocrx_word' id='word_1_210' title='bbox 2465 1557 2669 1611; x_wconf 85' lang='lat' dir='ltr'>iambos</span> <span class='ocrx_word' id='word_1_211' title='bbox 2715 1560 2836 1613; x_wconf 87' lang='lat' dir='ltr'>toti·</span> 
     </span>
     <span class='ocr_line' id='line_1_41' title="bbox 1807 1635 2834 1707; baseline 0.004 -20"><span class='ocrx_word' id='word_1_212' title='bbox 1807 1635 1930 1688; x_wconf 87' lang='lat' dir='ltr'>dem</span> <span class='ocrx_word' id='word_1_213' title='bbox 1961 1637 2146 1688; x_wconf 80' lang='lat' dir='ltr'>iambis</span> <span class='ocrx_word' id='word_1_214' title='bbox 2180 1638 2361 1707; x_wconf 84' lang='lat' dir='ltr'>graecis</span> <span class='ocrx_word' id='word_1_215' title='bbox 2393 1639 2539 1707; x_wconf 88' lang='lat' dir='ltr'>puris</span> <span class='ocrx_word' id='word_1_216' title='bbox 2562 1640 2671 1691; x_wconf 87' lang='lat' dir='ltr'>Jos.</span> <span class='ocrx_word' id='word_1_217' title='bbox 2710 1640 2834 1693; x_wconf 87' lang='lat' dir='ltr'>Sca·</span> 
     </span>
     <span class='ocr_line' id='line_1_42' title="bbox 1806 1717 2833 1787; baseline 0.003 -19"><span class='ocrx_word' id='word_1_218' title='bbox 1806 1717 1955 1787; x_wconf 86' lang='lat' dir='ltr'>liger,</span> <span class='ocrx_word' id='word_1_219' title='bbox 1989 1718 2079 1786; x_wconf 88' lang='lat' dir='ltr'>qui</span> <span class='ocrx_word' id='word_1_220' title='bbox 2108 1717 2352 1785; x_wconf 83' lang='lat' dir='ltr'>leguntur</span> <span class='ocrx_word' id='word_1_221' title='bbox 2378 1719 2432 1768; x_wconf 91' lang='lat' dir='ltr'>in</span> <span class='ocrx_word' id='word_1_222' title='bbox 2459 1719 2570 1787; x_wconf 87' lang='lat' dir='ltr'>ejus</span> <span class='ocrx_word' id='word_1_223' title='bbox 2596 1721 2737 1771; x_wconf 87' lang='lat' dir='ltr'>notis</span> <span class='ocrx_word' id='word_1_224' title='bbox 2766 1718 2833 1771; x_wconf 82' lang='lat' dir='ltr'>ad</span> 
     </span>
     <span class='ocr_line' id='line_1_43' title="bbox 1807 1797 2836 1851; baseline 0.003 -3"><span class='ocrx_word' id='word_1_225' title='bbox 1807 1797 1860 1848; x_wconf 87' lang='lat' dir='ltr'>h.</span> <span class='ocrx_word' id='word_1_226' title='bbox 1886 1815 2116 1848; x_wconf 85' lang='lat' dir='ltr'>carmen.</span> <span class='ocrx_word' id='word_1_227' title='bbox 2145 1797 2227 1847; x_wconf 83' lang='lat' dir='ltr'>Cs.</span> <span class='ocrx_word' id='word_1_228' title='bbox 2263 1797 2501 1849; x_wconf 79' lang='lat' dir='ltr'>Parodiae</span> <span class='ocrx_word' id='word_1_229' title='bbox 2539 1797 2607 1849; x_wconf 87' lang='lat' dir='ltr'>ad</span> <span class='ocrx_word' id='word_1_230' title='bbox 2647 1800 2836 1851; x_wconf 85' lang='lat' dir='ltr'>Phase-</span> 
     </span>
     <span class='ocr_line' id='line_1_44' title="bbox 1805 1876 2839 1930; baseline 0.003 -3"><span class='ocrx_word' id='word_1_231' title='bbox 1805 1877 1917 1928; x_wconf 87' lang='lat' dir='ltr'>lum</span> <span class='ocrx_word' id='word_1_232' title='bbox 1970 1877 2161 1928; x_wconf 80' lang='lat' dir='ltr'>Catulli</span> <span class='ocrx_word' id='word_1_233' title='bbox 2203 1894 2233 1927; x_wconf 88' lang='lat' dir='ltr'>a</span> <span class='ocrx_word' id='word_1_234' title='bbox 2268 1876 2482 1928; x_wconf 83' lang='lat' dir='ltr'>diversis</span> <span class='ocrx_word' id='word_1_235' title='bbox 2532 1880 2839 1930; x_wconf 76' lang='lat' dir='ltr'>auctoribus</span> 
     </span>
     <span class='ocr_line' id='line_1_45' title="bbox 1806 1956 2833 2027; baseline -0.001 -18"><span class='ocrx_word' id='word_1_236' title='bbox 1806 1957 2009 2025; x_wconf 80' lang='lat' dir='ltr'>scriptae</span> <span class='ocrx_word' id='word_1_237' title='bbox 2057 1975 2178 2007; x_wconf 86' lang='lat' dir='ltr'>cum</span> <span class='ocrx_word' id='word_1_238' title='bbox 2240 1958 2376 2008; x_wconf 88' lang='lat' dir='ltr'>notis</span> <span class='ocrx_word' id='word_1_239' title='bbox 2430 1956 2613 2027; x_wconf 85' lang='lat' dir='ltr'>philol.</span> <span class='ocrx_word' id='word_1_240' title='bbox 2661 1957 2833 2011; x_wconf 83' lang='lat' dir='ltr'>Andr.</span> 
     </span>
     <span class='ocr_line' id='line_1_46' title="bbox 1809 2036 2552 2105; baseline 0 -17"><span class='ocrx_word' id='word_1_241' title='bbox 1809 2036 2083 2089; x_wconf 84' lang='lat' dir='ltr'>Senftlebii</span> <span class='ocrx_word' id='word_1_242' title='bbox 2111 2037 2253 2105; x_wconf 87' lang='lat' dir='ltr'>Lips.</span> <span class='ocrx_word' id='word_1_243' title='bbox 2286 2039 2426 2099; x_wconf 78' lang='lat'>1642</span> <span class='ocrx_word' id='word_1_244' title='bbox 2447 2077 2462 2100; x_wconf 89' lang='lat'>‚</span> <span class='ocrx_word' id='word_1_245' title='bbox 2499 2040 2552 2091; x_wconf 88' lang='lat'>8.</span> 
     </span>
    </p>

    <p class='ocr_par' dir='ltr' id='par_1_7' title="bbox 1805 2115 2841 2725">
     <span class='ocr_line' id='line_1_47' title="bbox 1895 2115 2836 2169; baseline 0.003 -3"><span class='ocrx_word' id='word_1_246' title='bbox 1895 2134 1915 2167; x_wconf 94' lang='lat'>1</span> <span class='ocrx_word' id='word_1_247' title='bbox 1930 2156 1939 2165; x_wconf 90' lang='lat'>.</span> <span class='ocrx_word' id='word_1_248' title='bbox 1964 2117 2233 2167; x_wconf 76' lang='lat' dir='ltr'>Phasellus.</span> <span class='ocrx_word' id='word_1_249' title='bbox 2253 2115 2421 2168; x_wconf 82' lang='lat' dir='ltr'>Aldus</span> <span class='ocrx_word' id='word_1_250' title='bbox 2444 2130 2494 2169; x_wconf 84' lang='lat' dir='ltr'>et</span> <span class='ocrx_word' id='word_1_251' title='bbox 2517 2116 2663 2168; x_wconf 82' lang='lat' dir='ltr'>Statii</span> <span class='ocrx_word' id='word_1_252' title='bbox 2679 2117 2836 2169; x_wconf 84' lang='lat' dir='ltr'>MSS.</span> 
     </span>
     <span class='ocr_line' id='line_1_48' title="bbox 1806 2196 2840 2266; baseline 0.001 -20"><span class='ocrx_word' id='word_1_253' title='bbox 1806 2227 1886 2237; x_wconf 91' lang='lat'>-—</span> <span class='ocrx_word' id='word_1_254' title='bbox 1911 2197 2143 2246; x_wconf 66' lang='lat' dir='ltr'>Pleaselus</span> <span class='ocrx_word' id='word_1_255' title='bbox 2172 2208 2245 2247; x_wconf 78' lang='lat' dir='ltr'>est</span> <span class='ocrx_word' id='word_1_256' title='bbox 2273 2197 2510 2248; x_wconf 81' lang='lat' dir='ltr'>navicula</span> <span class='ocrx_word' id='word_1_257' title='bbox 2542 2196 2756 2266; x_wconf 86' lang='lat' dir='ltr'>longior</span> <span class='ocrx_word' id='word_1_258' title='bbox 2789 2209 2840 2248; x_wconf 84' lang='lat' dir='ltr'>et</span> 
     </span>
     <span class='ocr_line' id='line_1_49' title="bbox 1806 2275 2841 2346; baseline 0.002 -21"><span class='ocrx_word' id='word_1_259' title='bbox 1806 2275 1958 2326; x_wconf 85' lang='lat' dir='ltr'>simul</span> <span class='ocrx_word' id='word_1_260' title='bbox 1989 2275 2284 2345; x_wconf 80' lang='lat' dir='ltr'>angustior,</span> <span class='ocrx_word' id='word_1_261' title='bbox 2321 2276 2454 2327; x_wconf 86' lang='lat' dir='ltr'>mira</span> <span class='ocrx_word' id='word_1_262' title='bbox 2478 2276 2723 2346; x_wconf 79' lang='lat' dir='ltr'>inprimis</span> <span class='ocrx_word' id='word_1_263' title='bbox 2753 2297 2841 2327; x_wconf 76' lang='lat' dir='ltr'>ve·</span> 
     </span>
     <span class='ocr_line' id='line_1_50' title="bbox 1805 2355 2840 2425; baseline 0.002 -21"><span class='ocrx_word' id='word_1_264' title='bbox 1805 2355 2012 2406; x_wconf 84' lang='lat' dir='ltr'>locitate</span> <span class='ocrx_word' id='word_1_265' title='bbox 2035 2370 2182 2418; x_wconf 82' lang='lat' dir='ltr'>nota,</span> <span class='ocrx_word' id='word_1_266' title='bbox 2205 2374 2361 2425; x_wconf 81' lang='lat' dir='ltr'>quam</span> <span class='ocrx_word' id='word_1_267' title='bbox 2385 2357 2658 2424; x_wconf 81' lang='lat' dir='ltr'>praestabat</span> <span class='ocrx_word' id='word_1_268' title='bbox 2675 2374 2840 2425; x_wconf 80' lang='lat' dir='ltr'>prora</span> 
     </span>
     <span class='ocr_line' id='line_1_51' title="bbox 1806 2433 2839 2506; baseline 0.004 -22"><span class='ocrx_word' id='word_1_269' title='bbox 1806 2433 1960 2505; x_wconf 79' lang='lat' dir='ltr'>longe</span> <span class='ocrx_word' id='word_1_270' title='bbox 1987 2449 2034 2486; x_wconf 81' lang='lat' dir='ltr'>et</span> <span class='ocrx_word' id='word_1_271' title='bbox 2059 2435 2271 2505; x_wconf 82' lang='lat' dir='ltr'>oblique</span> <span class='ocrx_word' id='word_1_272' title='bbox 2299 2454 2453 2506; x_wconf 82' lang='lat' dir='ltr'>supra</span> <span class='ocrx_word' id='word_1_273' title='bbox 2483 2454 2672 2506; x_wconf 85' lang='lat' dir='ltr'>aquam</span> <span class='ocrx_word' id='word_1_274' title='bbox 2709 2454 2839 2506; x_wconf 83' lang='lat' dir='ltr'>por-</span> 
     </span>
     <span class='ocr_line' id='line_1_52' title="bbox 1806 2514 2841 2586; baseline 0.003 -22"><span class='ocrx_word' id='word_1_275' title='bbox 1806 2529 1957 2566; x_wconf 82' lang='lat' dir='ltr'>recta.</span> <span class='ocrx_word' id='word_1_276' title='bbox 1985 2516 2025 2565; x_wconf 85' lang='lat' dir='ltr'>F</span> <span class='ocrx_word' id='word_1_277' title='bbox 2031 2535 2117 2565; x_wconf 77' lang='lat' dir='ltr'>use</span> <span class='ocrx_word' id='word_1_278' title='bbox 2141 2514 2208 2565; x_wconf 89' lang='lat' dir='ltr'>de</span> <span class='ocrx_word' id='word_1_279' title='bbox 2236 2516 2334 2567; x_wconf 83' lang='lat' dir='ltr'>hac</span> <span class='ocrx_word' id='word_1_280' title='bbox 2352 2534 2485 2567; x_wconf 78' lang='lat' dir='ltr'>voce</span> <span class='ocrx_word' id='word_1_281' title='bbox 2513 2530 2564 2568; x_wconf 88' lang='lat' dir='ltr'>et</span> <span class='ocrx_word' id='word_1_282' title='bbox 2585 2518 2698 2586; x_wconf 87' lang='lat' dir='ltr'>ejus</span> <span class='ocrx_word' id='word_1_283' title='bbox 2728 2530 2841 2586; x_wconf 72' lang='lat' dir='ltr'>ety-</span> 
     </span>
     <span class='ocr_line' id='line_1_53' title="bbox 1808 2594 2840 2665; baseline 0.005 -22"><span class='ocrx_word' id='word_1_284' title='bbox 1808 2595 2030 2662; x_wconf 76' lang='lat' dir='ltr'>mologia</span> <span class='ocrx_word' id='word_1_285' title='bbox 2073 2594 2299 2665; x_wconf 82' lang='lat' dir='ltr'>disputat</span> <span class='ocrx_word' id='word_1_286' title='bbox 2325 2597 2540 2647; x_wconf 81' lang='lat' dir='ltr'>Vossius</span> <span class='ocrx_word' id='word_1_287' title='bbox 2574 2594 2644 2647; x_wconf 86' lang='lat' dir='ltr'>ad</span> <span class='ocrx_word' id='word_1_288' title='bbox 2689 2594 2840 2648; x_wconf 87' lang='lat' dir='ltr'>hunc</span> 
     </span>
     <span class='ocr_line' id='line_1_54' title="bbox 1805 2672 1997 2725; baseline 0.01 -3"><span class='ocrx_word' id='word_1_289' title='bbox 1805 2672 1997 2725; x_wconf 85' lang='lat' dir='ltr'>locum.</span> 
     </span>
    </p>

    <p class='ocr_par' dir='ltr' id='par_1_8' title="bbox 1804 2755 2842 3142">
     <span class='ocr_line' id='line_1_55' title="bbox 1892 2755 2838 2820; baseline 0.004 -18"><span class='ocrx_word' id='word_1_290' title='bbox 1892 2773 1939 2802; x_wconf 83' lang='lat'>2.</span> <span class='ocrx_word' id='word_1_291' title='bbox 1967 2756 2056 2804; x_wconf 59' lang='lat' dir='ltr'>:lit</span> <span class='ocrx_word' id='word_1_292' title='bbox 2084 2757 2239 2820; x_wconf 78' lang='lat' dir='ltr'>fuisse</span> <span class='ocrx_word' id='word_1_293' title='bbox 2269 2774 2383 2805; x_wconf 78' lang='lat' dir='ltr'>nav.</span> <span class='ocrx_word' id='word_1_294' title='bbox 2425 2755 2694 2805; x_wconf 75' lang='lat' dir='ltr'>celerrimus</span> <span class='ocrx_word' id='word_1_295' title='bbox 2718 2775 2740 2816; x_wconf 89' lang='lat'><em>;</em></span> <span class='ocrx_word' id='word_1_296' title='bbox 2774 2775 2838 2806; x_wconf 78' lang='lat' dir='ltr'>ex</span> 
     </span>
     <span class='ocr_line' id='line_1_56' title="bbox 1807 2835 2842 2906; baseline 0.006 -25"><span class='ocrx_word' id='word_1_297' title='bbox 1807 2846 1929 2882; x_wconf 80' lang='lat' dir='ltr'>noto</span> <span class='ocrx_word' id='word_1_298' title='bbox 1974 2836 2239 2903; x_wconf 74' lang='lat' dir='ltr'>gra-cismo</span> <span class='ocrx_word' id='word_1_299' title='bbox 2263 2875 2276 2897; x_wconf 90' lang='lat'>‚</span> <span class='ocrx_word' id='word_1_300' title='bbox 2314 2853 2458 2886; x_wconf 82' lang='lat' dir='ltr'>casus</span> <span class='ocrx_word' id='word_1_301' title='bbox 2487 2835 2691 2904; x_wconf 84' lang='lat' dir='ltr'>primus</span> <span class='ocrx_word' id='word_1_302' title='bbox 2738 2855 2842 2906; x_wconf 86' lang='lat' dir='ltr'>pro</span> 
     </span>
     <span class='ocr_line' id='line_1_57' title="bbox 1804 2915 2837 2984; baseline 0.006 -23"><span class='ocrx_word' id='word_1_303' title='bbox 1804 2930 1923 2962; x_wconf 76' lang='lat' dir='ltr'>casu</span> <span class='ocrx_word' id='word_1_304' title='bbox 1974 2927 2176 2983; x_wconf 85' lang='lat' dir='ltr'>quarto.</span> <span class='ocrx_word' id='word_1_305' title='bbox 2216 2916 2365 2983; x_wconf 82' lang='lat' dir='ltr'>Virg.</span> <span class='ocrx_word' id='word_1_306' title='bbox 2415 2917 2535 2964; x_wconf 80' lang='lat' dir='ltr'>AEn.</span> <span class='ocrx_word' id='word_1_307' title='bbox 2578 2915 2658 2975; x_wconf 86' lang='lat' dir='ltr'>II,</span> <span class='ocrx_word' id='word_1_308' title='bbox 2693 2915 2837 2984; x_wconf 79' lang='lat'>377.</span> 
     </span>
     <span class='ocr_line' id='line_1_58' title="bbox 1804 2992 2842 3063; baseline 0.007 -23"><span class='ocrx_word' id='word_1_309' title='bbox 1804 2998 1949 3041; x_wconf 72' lang='lat' dir='ltr'>sensi!</span> <span class='ocrx_word' id='word_1_310' title='bbox 1986 2992 2226 3063; x_wconf 74' lang='lat' dir='ltr'>delapsus</span> <span class='ocrx_word' id='word_1_311' title='bbox 2253 2997 2303 3043; x_wconf 81' lang='lat' dir='ltr'>in</span> <span class='ocrx_word' id='word_1_312' title='bbox 2334 2995 2486 3044; x_wconf 74' lang='lat' dir='ltr'>hostes</span> <span class='ocrx_word' id='word_1_313' title='bbox 2507 3015 2523 3045; x_wconf 92' lang='grc'>.·</span> <span class='ocrx_word' id='word_1_314' title='bbox 2545 2992 2653 3045; x_wconf 80' lang='lat' dir='ltr'>vid.</span> <span class='ocrx_word' id='word_1_315' title='bbox 2694 2996 2842 3046; x_wconf 76' lang='lat' dir='ltr'>Ben-</span> 
     </span>
     <span class='ocr_line' id='line_1_59' title="bbox 1806 3070 2812 3142; baseline 0.007 -23"><span class='ocrx_word' id='word_1_316' title='bbox 1806 3070 1953 3121; x_wconf 76' lang='lat' dir='ltr'>tleius</span> <span class='ocrx_word' id='word_1_317' title='bbox 1983 3071 2049 3123; x_wconf 86' lang='lat' dir='ltr'>ad</span> <span class='ocrx_word' id='word_1_318' title='bbox 2075 3074 2253 3124; x_wconf 83' lang='lat' dir='ltr'>Horat.</span> <span class='ocrx_word' id='word_1_319' title='bbox 2278 3075 2438 3142; x_wconf 83' lang='lat' dir='ltr'>Epist.</span> <span class='ocrx_word' id='word_1_320' title='bbox 2470 3075 2526 3138; x_wconf 83' lang='grc' dir='ltr'>Ι,</span> <span class='ocrx_word' id='word_1_321' title='bbox 2558 3092 2638 3125; x_wconf 81' lang='lat' dir='ltr'>vu</span> <span class='ocrx_word' id='word_1_322' title='bbox 2657 3112 2672 3136; x_wconf 89' lang='lat'>,</span> <span class='ocrx_word' id='word_1_323' title='bbox 2713 3095 2812 3127; x_wconf 76' lang='lat'>22.</span> 
     </span>
    </p>

    <p class='ocr_par' dir='ltr' id='par_1_9' title="bbox 1795 3152 2860 4179">
     <span class='ocr_line' id='line_1_60' title="bbox 1890 3152 2843 3225; baseline 0.002 -23"><span class='ocrx_word' id='word_1_324' title='bbox 1890 3152 2004 3203; x_wconf 83' lang='lat'>3-6.</span> <span class='ocrx_word' id='word_1_325' title='bbox 2036 3152 2224 3203; x_wconf 83' lang='lat' dir='ltr'>Sensus</span> <span class='ocrx_word' id='word_1_326' title='bbox 2244 3170 2267 3203; x_wconf 83' lang='lat'>-:</span> <span class='ocrx_word' id='word_1_327' title='bbox 2303 3166 2354 3205; x_wconf 81' lang='lat' dir='ltr'>et</span> <span class='ocrx_word' id='word_1_328' title='bbox 2395 3154 2624 3222; x_wconf 84' lang='lat' dir='ltr'>potuisse</span> <span class='ocrx_word' id='word_1_329' title='bbox 2652 3157 2843 3225; x_wconf 78' lang='lat' dir='ltr'>cujus-</span> 
     </span>
     <span class='ocr_line' id='line_1_61' title="bbox 1803 3228 2844 3301; baseline 0.008 -22"><span class='ocrx_word' id='word_1_330' title='bbox 1803 3228 1926 3281; x_wconf 87' lang='lat' dir='ltr'>libet</span> <span class='ocrx_word' id='word_1_331' title='bbox 1963 3233 2154 3301; x_wconf 83' lang='lat' dir='ltr'>navigii</span> <span class='ocrx_word' id='word_1_332' title='bbox 2190 3232 2512 3285; x_wconf 81' lang='lat' dir='ltr'>velocitatem</span> <span class='ocrx_word' id='word_1_333' title='bbox 2547 3250 2844 3301; x_wconf 79' lang='lat' dir='ltr'>superare,</span> 
     </span>
     <span class='ocr_line' id='line_1_62' title="bbox 1802 3309 2845 3366; baseline 0.006 -8"><span class='ocrx_word' id='word_1_334' title='bbox 1802 3309 1906 3359; x_wconf 75' lang='lat' dir='ltr'>sive</span> <span class='ocrx_word' id='word_1_335' title='bbox 1931 3329 2196 3362; x_wconf 82' lang='lat' dir='ltr'>remorum</span> <span class='ocrx_word' id='word_1_336' title='bbox 2215 3312 2320 3362; x_wconf 81' lang='lat' dir='ltr'>sive</span> <span class='ocrx_word' id='word_1_337' title='bbox 2335 3312 2571 3365; x_wconf 87' lang='lat' dir='ltr'>velorum</span> <span class='ocrx_word' id='word_1_338' title='bbox 2597 3331 2701 3364; x_wconf 89' lang='lat' dir='ltr'>usu</span> <span class='ocrx_word' id='word_1_339' title='bbox 2722 3333 2845 3366; x_wconf 79' lang='lat' dir='ltr'>cer·</span> 
     </span>
     <span class='ocr_line' id='line_1_63' title="bbox 1802 3388 2842 3463; baseline 0.008 -25"><span class='ocrx_word' id='word_1_340' title='bbox 1802 3388 2016 3440; x_wconf 85' lang='lat' dir='ltr'>tandum</span> <span class='ocrx_word' id='word_1_341' title='bbox 2061 3391 2250 3442; x_wconf 77' lang='lat' dir='ltr'>suisset.</span> <span class='ocrx_word' id='word_1_342' title='bbox 2292 3393 2446 3442; x_wconf 78' lang='lat' dir='ltr'>Trabs</span> <span class='ocrx_word' id='word_1_343' title='bbox 2478 3412 2578 3463; x_wconf 87' lang='lat' dir='ltr'>pro</span> <span class='ocrx_word' id='word_1_344' title='bbox 2618 3400 2746 3446; x_wconf 70' lang='lat' dir='ltr'>nac-i</span> <span class='ocrx_word' id='word_1_345' title='bbox 2777 3413 2842 3446; x_wconf 81' lang='lat' dir='ltr'>ex</span> 
     </span>
     <span class='ocr_line' id='line_1_64' title="bbox 1803 3469 2846 3544; baseline 0.006 -26"><span class='ocrx_word' id='word_1_346' title='bbox 1803 3469 1977 3535; x_wconf 87' lang='lat' dir='ltr'>primo</span> <span class='ocrx_word' id='word_1_347' title='bbox 2002 3471 2218 3521; x_wconf 81' lang='lat' dir='ltr'>navium</span> <span class='ocrx_word' id='word_1_348' title='bbox 2241 3490 2366 3533; x_wconf 82' lang='lat' dir='ltr'>usu;</span> <span class='ocrx_word' id='word_1_349' title='bbox 2392 3492 2508 3522; x_wconf 76' lang='lat' dir='ltr'>cava</span> <span class='ocrx_word' id='word_1_350' title='bbox 2532 3472 2661 3521; x_wconf 75' lang='lat' dir='ltr'>trabs</span> <span class='ocrx_word' id='word_1_351' title='bbox 2683 3473 2846 3544; x_wconf 80' lang='lat' dir='ltr'>apud</span> 
     </span>
     <span class='ocr_line' id='line_1_65' title="bbox 1802 3548 2849 3618; baseline 0.007 -21"><span class='ocrx_word' id='word_1_352' title='bbox 1802 3548 1989 3617; x_wconf 71' lang='lat' dir='ltr'>virgil,</span> <span class='ocrx_word' id='word_1_353' title='bbox 2026 3548 2231 3602; x_wconf 63' lang='lat' dir='ltr'>sEneid.</span> <span class='ocrx_word' id='word_1_354' title='bbox 2272 3552 2352 3601; x_wconf 83' lang='grc' dir='ltr'>ΙΙΙ</span> <span class='ocrx_word' id='word_1_355' title='bbox 2375 3590 2391 3615; x_wconf 88' lang='grc'><strong>,</strong></span> <span class='ocrx_word' id='word_1_356' title='bbox 2437 3569 2563 3618; x_wconf 86' lang='lat'>191.</span> <span class='ocrx_word' id='word_1_357' title='bbox 2596 3552 2849 3604; x_wconf 79' lang='lat' dir='ltr'>Palmula</span> 
     </span>
     <span class='ocr_line' id='line_1_66' title="bbox 1801 3629 2847 3699; baseline 0.009 -22"><span class='ocrx_word' id='word_1_358' title='bbox 1801 3629 2012 3698; x_wconf 83' lang='lat' dir='ltr'>proprie</span> <span class='ocrx_word' id='word_1_359' title='bbox 2036 3629 2162 3680; x_wconf 90' lang='lat' dir='ltr'>remi</span> <span class='ocrx_word' id='word_1_360' title='bbox 2199 3648 2316 3699; x_wconf 87' lang='lat' dir='ltr'>pars</span> <span class='ocrx_word' id='word_1_361' title='bbox 2339 3643 2600 3694; x_wconf 72' lang='lat' dir='ltr'>extrema,</span> <span class='ocrx_word' id='word_1_362' title='bbox 2627 3630 2686 3682; x_wconf 87' lang='lat' dir='ltr'>in</span> <span class='ocrx_word' id='word_1_363' title='bbox 2718 3652 2847 3685; x_wconf 85' lang='lat' dir='ltr'>mo·</span> 
     </span>
     <span class='ocr_line' id='line_1_67' title="bbox 1800 3706 2847 3779; baseline 0.008 -22"><span class='ocrx_word' id='word_1_364' title='bbox 1800 3706 1928 3757; x_wconf 86' lang='lat' dir='ltr'>dum</span> <span class='ocrx_word' id='word_1_365' title='bbox 1946 3709 2132 3777; x_wconf 77' lang='lat' dir='ltr'>palmoe</span> <span class='ocrx_word' id='word_1_366' title='bbox 2153 3722 2414 3778; x_wconf 76' lang='lat' dir='ltr'>protenta,</span> <span class='ocrx_word' id='word_1_367' title='bbox 2430 3713 2606 3779; x_wconf 78' lang='grc' dir='ltr'>ταρσὸς</span> <span class='ocrx_word' id='word_1_368' title='bbox 2632 3713 2847 3774; x_wconf 77' lang='grc' dir='ltr'><strong>κώπης.</strong></span> 
     </span>
     <span class='ocr_line' id='line_1_68' title="bbox 1800 3787 2857 3862; baseline 0.008 -26"><span class='ocrx_word' id='word_1_369' title='bbox 1800 3787 2073 3848; x_wconf 59' lang='lat' dir='ltr'>Paeto-ire,</span> <span class='ocrx_word' id='word_1_370' title='bbox 2097 3805 2249 3838; x_wconf 77' lang='lat' dir='ltr'>cursu</span> <span class='ocrx_word' id='word_1_371' title='bbox 2271 3807 2532 3857; x_wconf 84' lang='lat' dir='ltr'>superare,</span> <span class='ocrx_word' id='word_1_372' title='bbox 2554 3794 2857 3862; x_wconf 71' lang='grc' dir='ltr'>παρέρχεσ-</span> 
     </span>
     <span class='ocr_line' id='line_1_69' title="bbox 1798 3869 2856 3937; baseline 0.009 -21"><span class='ocrx_word' id='word_1_373' title='bbox 1798 3871 1908 3927; x_wconf 83' lang='grc' dir='ltr'>θαι,</span> <span class='ocrx_word' id='word_1_374' title='bbox 1949 3869 2273 3937; x_wconf 67' lang='grc' dir='ltr'>παρατρέχειν</span> <span class='ocrx_word' id='word_1_375' title='bbox 2292 3906 2307 3930; x_wconf 87' lang='grc'><em>,</em></span> <span class='ocrx_word' id='word_1_376' title='bbox 2351 3869 2545 3932; x_wconf 67' lang='lat' dir='ltr'>volare,</span> <span class='ocrx_word' id='word_1_377' title='bbox 2576 3870 2856 3925; x_wconf 72' lang='lat' dir='ltr'>velociter</span> 
     </span>
     <span class='ocr_line' id='line_1_70' title="bbox 1797 3947 2851 4018; baseline 0.009 -22"><span class='ocrx_word' id='word_1_378' title='bbox 1797 3947 1915 3997; x_wconf 83' lang='lat' dir='ltr'>navi</span> <span class='ocrx_word' id='word_1_379' title='bbox 1939 3966 2165 4007; x_wconf 84' lang='lat' dir='ltr'>currere,</span> <span class='ocrx_word' id='word_1_380' title='bbox 2181 3959 2236 3998; x_wconf 88' lang='lat' dir='ltr'>ut</span> <span class='ocrx_word' id='word_1_381' title='bbox 2254 3948 2438 4018; x_wconf 87' lang='lat' dir='ltr'>Virgil.</span> <span class='ocrx_word' id='word_1_382' title='bbox 2469 3948 2683 4001; x_wconf 83' lang='lat' dir='ltr'>AEneid.</span> <span class='ocrx_word' id='word_1_383' title='bbox 2716 3954 2814 4005; x_wconf 88' lang='lat'>111</span> <span class='ocrx_word' id='word_1_384' title='bbox 2835 3993 2851 4016; x_wconf 86' lang='lat'>,</span> 
     </span>
     <span class='ocr_line' id='line_1_71' title="bbox 1805 4026 2854 4097; baseline 0.009 -21"><span class='ocrx_word' id='word_1_385' title='bbox 1805 4032 1941 4089; x_wconf 76' lang='lat'>1243</span> <span class='ocrx_word' id='word_1_386' title='bbox 1980 4028 2051 4078; x_wconf 78' lang='lat' dir='ltr'>sic</span> <span class='ocrx_word' id='word_1_387' title='bbox 2088 4031 2335 4078; x_wconf 77' lang='grc' dir='ltr'>πετᾶσθαι</span> <span class='ocrx_word' id='word_1_388' title='bbox 2391 4026 2537 4097; x_wconf 88' lang='lat' dir='ltr'>apud</span> <span class='ocrx_word' id='word_1_389' title='bbox 2576 4028 2854 4085; x_wconf 74' lang='lat' dir='ltr'>Graecos:</span> 
     </span>
     <span class='ocr_line' id='line_1_72' title="bbox 1795 4103 2860 4179; baseline 0.008 -23"><span class='ocrx_word' id='word_1_390' title='bbox 1795 4103 1898 4157; x_wconf 84' lang='lat' dir='ltr'>vid.</span> <span class='ocrx_word' id='word_1_391' title='bbox 1941 4108 2212 4175; x_wconf 82' lang='lat' dir='ltr'>Interpret.</span> <span class='ocrx_word' id='word_1_392' title='bbox 2253 4105 2318 4159; x_wconf 85' lang='lat' dir='ltr'>ad</span> <span class='ocrx_word' id='word_1_393' title='bbox 2367 4107 2558 4178; x_wconf 82' lang='lat' dir='ltr'>Hygin.</span> <span class='ocrx_word' id='word_1_394' title='bbox 2596 4128 2649 4179; x_wconf 87' lang='lat' dir='ltr'>p.</span> <span class='ocrx_word' id='word_1_395' title='bbox 2696 4129 2816 4166; x_wconf 71' lang='lat'>122</span> <span class='ocrx_word' id='word_1_396' title='bbox 2842 4154 2860 4178; x_wconf 85' lang='lat'><strong><em>,</em></strong></span> 
     </span>
    </p>
   </div>
  </div>
 </body>
</html>
