<?xml version="1.0" encoding="UTF-8"?>
<!DOCTYPE html PUBLIC "-//W3C//DTD XHTML 1.0 Transitional//EN"
    "http://www.w3.org/TR/xhtml1/DTD/xhtml1-transitional.dtd">
<html xmlns="http://www.w3.org/1999/xhtml" xml:lang="en" lang="en">
 <head>
  <title>
</title>
<meta http-equiv="Content-Type" content="text/html;charset=utf-8" />
  <meta name='ocr-system' content='tesseract 3.04.00' />
  <meta name='ocr-capabilities' content='ocr_page ocr_carea ocr_par ocr_line ocrx_word'/>
</head>
<body>
  <div class='ocr_page' id='page_1' title='image "./cvaleriuscatull00naudgoog_0397.png"; bbox 0 0 2986 4935; ppageno 0'>
   <div class='ocr_carea' id='block_1_1' title="bbox 958 427 1537 495">
    <p class='ocr_par' dir='ltr' id='par_1_1' title="bbox 958 427 1537 495">
     <span class='ocr_line' id='line_1_1' title="bbox 958 427 1537 495; baseline -0.003 -1"><span class='ocrx_word' id='word_1_1' title='bbox 958 427 1404 495; x_wconf 87' lang='lat' dir='ltr'><strong>CARMEN</strong></span> <span class='ocrx_word' id='word_1_2' title='bbox 1461 429 1537 494; x_wconf 86' lang='lat' dir='ltr'>C.</span> 
     </span>
    </p>
   </div>
   <div class='ocr_carea' id='block_1_2' title="bbox 2176 426 2313 498">
    <p class='ocr_par' dir='ltr' id='par_1_2' title="bbox 2176 426 2313 498">
     <span class='ocr_line' id='line_1_2' title="bbox 2176 426 2313 498; baseline 0.015 -2"><span class='ocrx_word' id='word_1_3' title='bbox 2176 426 2313 498; x_wconf 80' lang='lat'>381</span> 
     </span>
    </p>
   </div>
   <div class='ocr_carea' id='block_1_3' title="bbox 281 558 2106 1186">
    <p class='ocr_par' dir='ltr' id='par_1_3' title="bbox 281 558 1946 759">
     <span class='ocr_line' id='line_1_3' title="bbox 281 558 1946 630; baseline -0.001 -1"><span class='ocrx_word' id='word_1_4' title='bbox 281 566 607 630; x_wconf 65' lang='lat' dir='ltr'>Praeterea</span> <span class='ocrx_word' id='word_1_5' title='bbox 655 558 891 626; x_wconf 88' lang='lat' dir='ltr'>infesto</span> <span class='ocrx_word' id='word_1_6' title='bbox 934 560 1247 627; x_wconf 89' lang='lat' dir='ltr'>miserum</span> <span class='ocrx_word' id='word_1_7' title='bbox 1289 585 1393 627; x_wconf 89' lang='lat' dir='ltr'>me</span> <span class='ocrx_word' id='word_1_8' title='bbox 1434 559 1695 628; x_wconf 80' lang='lat' dir='ltr'><strong>tradere</strong></span> <span class='ocrx_word' id='word_1_9' title='bbox 1738 564 1946 630; x_wconf 91' lang='lat' dir='ltr'>amori</span> 
     </span>
     <span class='ocr_line' id='line_1_4' title="bbox 390 666 1932 759; baseline 0 -23"><span class='ocrx_word' id='word_1_10' title='bbox 390 669 547 736; x_wconf 87' lang='lat' dir='ltr'>Non</span> <span class='ocrx_word' id='word_1_11' title='bbox 592 666 893 751; x_wconf 81' lang='lat' dir='ltr'>cessasti,</span> <span class='ocrx_word' id='word_1_12' title='bbox 929 668 1242 759; x_wconf 86' lang='lat' dir='ltr'>omnique</span> <span class='ocrx_word' id='word_1_13' title='bbox 1276 669 1655 735; x_wconf 82' lang='lat' dir='ltr'><strong>excruciare</strong></span> <span class='ocrx_word' id='word_1_14' title='bbox 1697 668 1932 755; x_wconf 86' lang='lat' dir='ltr'>modo;</span> 
     </span>
    </p>

    <p class='ocr_par' dir='ltr' id='par_1_4' title="bbox 284 772 1918 949">
     <span class='ocr_line' id='line_1_5' title="bbox 284 772 1918 865; baseline 0.001 -23"><span class='ocrx_word' id='word_1_15' title='bbox 284 776 382 842; x_wconf 90' lang='lat' dir='ltr'>Ut</span> <span class='ocrx_word' id='word_1_16' title='bbox 415 775 504 840; x_wconf 88' lang='lat' dir='ltr'>mi</span> <span class='ocrx_word' id='word_1_17' title='bbox 532 798 615 841; x_wconf 83' lang='lat' dir='ltr'>cx</span> <span class='ocrx_word' id='word_1_18' title='bbox 649 772 982 841; x_wconf 88' lang='lat' dir='ltr'>ambrosio</span> <span class='ocrx_word' id='word_1_19' title='bbox 1018 787 1346 841; x_wconf 88' lang='lat' dir='ltr'>mutatum</span> <span class='ocrx_word' id='word_1_20' title='bbox 1378 774 1519 865; x_wconf 88' lang='lat' dir='ltr'>jam</span> <span class='ocrx_word' id='word_1_21' title='bbox 1554 773 1726 842; x_wconf 89' lang='lat' dir='ltr'>foret</span> <span class='ocrx_word' id='word_1_22' title='bbox 1758 773 1918 843; x_wconf 92' lang='lat' dir='ltr'>illud</span> 
     </span>
     <span class='ocr_line' id='line_1_6' title="bbox 390 877 1678 949; baseline 0 -2"><span class='ocrx_word' id='word_1_23' title='bbox 390 877 773 947; x_wconf 82' lang='lat' dir='ltr'>Suaviolum</span> <span class='ocrx_word' id='word_1_24' title='bbox 816 880 983 947; x_wconf 90' lang='lat' dir='ltr'>tristi</span> <span class='ocrx_word' id='word_1_25' title='bbox 1029 880 1274 948; x_wconf 85' lang='lat' dir='ltr'>tristius</span> <span class='ocrx_word' id='word_1_26' title='bbox 1317 879 1678 949; x_wconf 83' lang='lat' dir='ltr'>helleboro.</span> 
     </span>
    </p>

    <p class='ocr_par' dir='ltr' id='par_1_5' title="bbox 285 987 2106 1186">
     <span class='ocr_line' id='line_1_7' title="bbox 285 987 2106 1081; baseline 0.003 -29"><span class='ocrx_word' id='word_1_27' title='bbox 285 988 509 1074; x_wconf 88' lang='lat' dir='ltr'>Quam</span> <span class='ocrx_word' id='word_1_28' title='bbox 544 987 857 1079; x_wconf 89' lang='lat' dir='ltr'>quoniam</span> <span class='ocrx_word' id='word_1_29' title='bbox 906 1010 1171 1079; x_wconf 87' lang='lat' dir='ltr'>poenam</span> <span class='ocrx_word' id='word_1_30' title='bbox 1216 989 1455 1055; x_wconf 88' lang='lat' dir='ltr'>misero</span> <span class='ocrx_word' id='word_1_31' title='bbox 1501 989 1821 1081; x_wconf 88' lang='lat' dir='ltr'>proponis</span> <span class='ocrx_word' id='word_1_32' title='bbox 1864 991 2106 1073; x_wconf 89' lang='lat' dir='ltr'>amori,</span> 
     </span>
     <span class='ocr_line' id='line_1_8' title="bbox 390 1093 1830 1186; baseline 0 -26"><span class='ocrx_word' id='word_1_33' title='bbox 390 1095 546 1160; x_wconf 86' lang='lat' dir='ltr'>Non</span> <span class='ocrx_word' id='word_1_34' title='bbox 583 1116 876 1186; x_wconf 89' lang='lat' dir='ltr'>unquam</span> <span class='ocrx_word' id='word_1_35' title='bbox 919 1093 1196 1186; x_wconf 87' lang='lat' dir='ltr'>posthac</span> <span class='ocrx_word' id='word_1_36' title='bbox 1239 1093 1419 1161; x_wconf 89' lang='lat' dir='ltr'>basia</span> <span class='ocrx_word' id='word_1_37' title='bbox 1459 1094 1830 1186; x_wconf 86' lang='lat' dir='ltr'>surripiam.</span> 
     </span>
    </p>
   </div>
   <div class='ocr_carea' id='block_1_4' title="bbox 174 1290 1208 2240">
    <p class='ocr_par' dir='ltr' id='par_1_6' title="bbox 174 1290 1208 2240">
     <span class='ocr_line' id='line_1_9' title="bbox 174 1290 1206 1345; baseline -0.002 0"><span class='ocrx_word' id='word_1_38' title='bbox 174 1293 427 1345; x_wconf 80' lang='lat' dir='ltr'>Statium.</span> <span class='ocrx_word' id='word_1_39' title='bbox 483 1293 654 1344; x_wconf 82' lang='lat' dir='ltr'>Totus</span> <span class='ocrx_word' id='word_1_40' title='bbox 714 1310 891 1343; x_wconf 87' lang='lat' dir='ltr'>versus</span> <span class='ocrx_word' id='word_1_41' title='bbox 952 1292 1009 1343; x_wconf 90' lang='lat' dir='ltr'>in</span> <span class='ocrx_word' id='word_1_42' title='bbox 1069 1290 1206 1344; x_wconf 94' lang='lat' dir='ltr'>Cod.</span> 
     </span>
     <span class='ocr_line' id='line_1_10' title="bbox 177 1372 1203 1439; baseline -0.002 -15"><span class='ocrx_word' id='word_1_43' title='bbox 177 1372 600 1439; x_wconf 83' lang='lat' dir='ltr'>Mediolanensi,</span> <span class='ocrx_word' id='word_1_44' title='bbox 626 1384 685 1424; x_wconf 90' lang='lat' dir='ltr'>ut</span> <span class='ocrx_word' id='word_1_45' title='bbox 712 1384 928 1423; x_wconf 85' lang='lat' dir='ltr'>testatur</span> <span class='ocrx_word' id='word_1_46' title='bbox 959 1372 1203 1428; x_wconf 83' lang='lat' dir='ltr'>Vossius,</span> 
     </span>
     <span class='ocr_line' id='line_1_11' title="bbox 177 1452 1208 1523; baseline -0.001 -19"><span class='ocrx_word' id='word_1_47' title='bbox 177 1453 377 1523; x_wconf 88' lang='lat' dir='ltr'>legitur</span> <span class='ocrx_word' id='word_1_48' title='bbox 419 1453 493 1504; x_wconf 85' lang='lat' dir='ltr'>sic</span> <span class='ocrx_word' id='word_1_49' title='bbox 519 1470 532 1503; x_wconf 73' lang='grc' dir='ltr'><strong><em>ε</em></strong></span> <span class='ocrx_word' id='word_1_50' title='bbox 563 1452 877 1521; x_wconf 72' lang='lat' dir='ltr'>«Tanquam</span> <span class='ocrx_word' id='word_1_51' title='bbox 934 1452 1208 1504; x_wconf 85' lang='lat' dir='ltr'>committe</span> 
     </span>
     <span class='ocr_line' id='line_1_12' title="bbox 176 1530 1205 1602; baseline -0.001 -18"><span class='ocrx_word' id='word_1_52' title='bbox 176 1552 369 1602; x_wconf 86' lang='lat' dir='ltr'>spurca</span> <span class='ocrx_word' id='word_1_53' title='bbox 402 1532 562 1584; x_wconf 74' lang='lat' dir='ltr'>saliva</span> <span class='ocrx_word' id='word_1_54' title='bbox 592 1544 769 1602; x_wconf 69' lang='lat' dir='ltr'>guttae.</span> <span class='ocrx_word' id='word_1_55' title='bbox 800 1559 820 1578; x_wconf 77' lang='grc' dir='ltr'>ι</span> <span class='ocrx_word' id='word_1_56' title='bbox 872 1530 1030 1584; x_wconf 87' lang='lat' dir='ltr'>Unde</span> <span class='ocrx_word' id='word_1_57' title='bbox 1064 1534 1205 1583; x_wconf 89' lang='lat' dir='ltr'>Vos·</span> 
     </span>
     <span class='ocr_line' id='line_1_13' title="bbox 176 1613 1206 1682; baseline 0 -18"><span class='ocrx_word' id='word_1_58' title='bbox 176 1615 315 1676; x_wconf 78' lang='lat' dir='ltr'>siuS,</span> <span class='ocrx_word' id='word_1_59' title='bbox 349 1613 669 1682; x_wconf 78' lang='lat' dir='ltr'>«Tanquam</span> <span class='ocrx_word' id='word_1_60' title='bbox 695 1614 988 1665; x_wconf 79' lang='lat' dir='ltr'>commictae</span> <span class='ocrx_word' id='word_1_61' title='bbox 1012 1629 1206 1682; x_wconf 84' lang='lat' dir='ltr'>spurca</span> 
     </span>
     <span class='ocr_line' id='line_1_14' title="bbox 176 1693 1206 1763; baseline -0.004 -18"><span class='ocrx_word' id='word_1_62' title='bbox 176 1694 340 1745; x_wconf 77' lang='lat' dir='ltr'>saliva</span> <span class='ocrx_word' id='word_1_63' title='bbox 375 1693 545 1763; x_wconf 83' lang='lat' dir='ltr'>gulae;</span> <span class='ocrx_word' id='word_1_64' title='bbox 582 1719 601 1737; x_wconf 76' lang='grc' dir='ltr'>ιι</span> <span class='ocrx_word' id='word_1_65' title='bbox 642 1693 926 1743; x_wconf 88' lang='lat' dir='ltr'>lectionem</span> <span class='ocrx_word' id='word_1_66' title='bbox 974 1705 1206 1743; x_wconf 83' lang='lat' dir='ltr'>nostram</span> 
     </span>
     <span class='ocr_line' id='line_1_15' title="bbox 177 1771 1204 1841; baseline -0.002 -18"><span class='ocrx_word' id='word_1_67' title='bbox 177 1776 507 1834; x_wconf 80' lang='lat' dir='ltr'>comminctae,</span> <span class='ocrx_word' id='word_1_68' title='bbox 547 1790 706 1840; x_wconf 88' lang='lat' dir='ltr'>quam</span> <span class='ocrx_word' id='word_1_69' title='bbox 750 1772 917 1841; x_wconf 86' lang='lat' dir='ltr'>ipsam</span> <span class='ocrx_word' id='word_1_70' title='bbox 961 1771 1204 1822; x_wconf 86' lang='lat' dir='ltr'>nonnulli</span> 
     </span>
     <span class='ocr_line' id='line_1_16' title="bbox 176 1850 1205 1914; baseline 0 -11"><span class='ocrx_word' id='word_1_71' title='bbox 176 1852 307 1905; x_wconf 87' lang='lat' dir='ltr'>libri</span> <span class='ocrx_word' id='word_1_72' title='bbox 338 1852 486 1904; x_wconf 89' lang='lat' dir='ltr'>Statii</span> <span class='ocrx_word' id='word_1_73' title='bbox 516 1852 781 1914; x_wconf 81' lang='lat' dir='ltr'>offerunt,</span> <span class='ocrx_word' id='word_1_74' title='bbox 814 1850 1051 1903; x_wconf 81' lang='lat' dir='ltr'>defendit</span> <span class='ocrx_word' id='word_1_75' title='bbox 1080 1851 1205 1903; x_wconf 89' lang='lat' dir='ltr'>Sca·</span> 
     </span>
     <span class='ocr_line' id='line_1_17' title="bbox 176 1933 1208 2003; baseline -0.004 -20"><span class='ocrx_word' id='word_1_76' title='bbox 176 1933 327 2003; x_wconf 82' lang='lat' dir='ltr'>liger.</span> <span class='ocrx_word' id='word_1_77' title='bbox 344 1965 422 1975; x_wconf 81' lang='lat'>-—</span> <span class='ocrx_word' id='word_1_78' title='bbox 444 1933 696 2003; x_wconf 81' lang='lat' dir='ltr'>Tanquam</span> <span class='ocrx_word' id='word_1_79' title='bbox 726 1936 1017 1983; x_wconf 78' lang='lat' dir='ltr'>comminctoe</span> <span class='ocrx_word' id='word_1_80' title='bbox 1036 1951 1208 2000; x_wconf 77' lang='lat' dir='ltr'>spurca</span> 
     </span>
     <span class='ocr_line' id='line_1_18' title="bbox 176 2012 1208 2081; baseline -0.001 -18"><span class='ocrx_word' id='word_1_81' title='bbox 176 2013 335 2063; x_wconf 70' lang='lat' dir='ltr'>saliva</span> <span class='ocrx_word' id='word_1_82' title='bbox 384 2013 543 2081; x_wconf 74' lang='lat' dir='ltr'>lapte,</span> <span class='ocrx_word' id='word_1_83' title='bbox 580 2024 827 2081; x_wconf 85' lang='lat' dir='ltr'>tanquam</span> <span class='ocrx_word' id='word_1_84' title='bbox 884 2025 1017 2063; x_wconf 86' lang='lat' dir='ltr'>esset</span> <span class='ocrx_word' id='word_1_85' title='bbox 1052 2012 1208 2062; x_wconf 75' lang='lat' dir='ltr'>saliva</span> 
     </span>
     <span class='ocr_line' id='line_1_19' title="bbox 177 2092 1208 2162; baseline -0.004 -18"><span class='ocrx_word' id='word_1_86' title='bbox 177 2110 301 2144; x_wconf 86' lang='lat' dir='ltr'>mea</span> <span class='ocrx_word' id='word_1_87' title='bbox 341 2110 490 2162; x_wconf 84' lang='lat' dir='ltr'>aeque</span> <span class='ocrx_word' id='word_1_88' title='bbox 526 2110 743 2161; x_wconf 79' lang='lat' dir='ltr'>spurca,</span> <span class='ocrx_word' id='word_1_89' title='bbox 772 2110 831 2143; x_wconf 90' lang='lat' dir='ltr'>ac</span> <span class='ocrx_word' id='word_1_90' title='bbox 862 2105 937 2142; x_wconf 86' lang='lat' dir='ltr'>est</span> <span class='ocrx_word' id='word_1_91' title='bbox 962 2092 1208 2142; x_wconf 84' lang='lat' dir='ltr'>meretri-</span> 
     </span>
     <span class='ocr_line' id='line_1_20' title="bbox 179 2171 1206 2240; baseline -0.001 -18"><span class='ocrx_word' id='word_1_92' title='bbox 179 2172 260 2224; x_wconf 88' lang='lat' dir='ltr'>cis</span> <span class='ocrx_word' id='word_1_93' title='bbox 282 2171 510 2223; x_wconf 87' lang='lat' dir='ltr'>recentis</span> <span class='ocrx_word' id='word_1_94' title='bbox 530 2190 556 2221; x_wconf 84' lang='lat' dir='ltr'>a</span> <span class='ocrx_word' id='word_1_95' title='bbox 579 2172 821 2222; x_wconf 87' lang='lat' dir='ltr'>coitu.--</span> <span class='ocrx_word' id='word_1_96' title='bbox 840 2173 977 2240; x_wconf 78' lang='lat' dir='ltr'>Lupa</span> <span class='ocrx_word' id='word_1_97' title='bbox 994 2212 1006 2232; x_wconf 91' lang='lat'>,</span> <span class='ocrx_word' id='word_1_98' title='bbox 1037 2190 1206 2221; x_wconf 86' lang='lat' dir='ltr'>merc-</span> 
     </span>
    </p>
   </div>
   <div class='ocr_carea' id='block_1_5' title="bbox 1294 1290 2323 2160">
    <p class='ocr_par' dir='ltr' id='par_1_7' title="bbox 1301 1290 2320 1362">
     <span class='ocr_line' id='line_1_21' title="bbox 1301 1290 2320 1362; baseline 0.007 -20"><span class='ocrx_word' id='word_1_99' title='bbox 1301 1291 1404 1343; x_wconf 87' lang='lat' dir='ltr'>trix</span> <span class='ocrx_word' id='word_1_100' title='bbox 1421 1312 1436 1355; x_wconf 92' lang='lat'>;</span> <span class='ocrx_word' id='word_1_101' title='bbox 1453 1290 1599 1343; x_wconf 87' lang='lat' dir='ltr'>unde</span> <span class='ocrx_word' id='word_1_102' title='bbox 1628 1293 1850 1362; x_wconf 80' lang='lat' dir='ltr'>lupanar.</span> <span class='ocrx_word' id='word_1_103' title='bbox 1869 1294 2171 1359; x_wconf 83' lang='lat' dir='ltr'>Juven.V1‚</span> <span class='ocrx_word' id='word_1_104' title='bbox 2191 1316 2213 1348; x_wconf 83' lang='lat'>1</span> <span class='ocrx_word' id='word_1_105' title='bbox 2228 1316 2255 1349; x_wconf 74' lang='lat' dir='ltr'>a</span> <span class='ocrx_word' id='word_1_106' title='bbox 2273 1316 2292 1348; x_wconf 90' lang='lat'>1</span> <span class='ocrx_word' id='word_1_107' title='bbox 2308 1338 2320 1350; x_wconf 95' lang='lat'>.</span> 
     </span>
    </p>

    <p class='ocr_par' dir='ltr' id='par_1_8' title="bbox 1294 1371 2323 1902">
     <span class='ocr_line' id='line_1_22' title="bbox 1386 1371 2321 1441; baseline 0.007 -20"><span class='ocrx_word' id='word_1_108' title='bbox 1386 1371 1474 1424; x_wconf 84' lang='lat'>13.</span> <span class='ocrx_word' id='word_1_109' title='bbox 1505 1371 1767 1423; x_wconf 80' lang='lat' dir='ltr'>Ambrosia</span> <span class='ocrx_word' id='word_1_110' title='bbox 1809 1371 1962 1425; x_wconf 82' lang='lat' dir='ltr'>editt.</span> <span class='ocrx_word' id='word_1_111' title='bbox 2009 1375 2321 1441; x_wconf 76' lang='lat' dir='ltr'>Parthenii,</span> 
     </span>
     <span class='ocr_line' id='line_1_23' title="bbox 1298 1451 2320 1527; baseline 0.005 -25"><span class='ocrx_word' id='word_1_112' title='bbox 1298 1451 1512 1522; x_wconf 73' lang='lat' dir='ltr'>Gryph.</span> <span class='ocrx_word' id='word_1_113' title='bbox 1590 1451 1930 1523; x_wconf 83' lang='lat' dir='ltr'>Henricpetr.</span> <span class='ocrx_word' id='word_1_114' title='bbox 2019 1453 2320 1527; x_wconf 85' lang='lat' dir='ltr'>Cantabrig.</span> 
     </span>
     <span class='ocr_line' id='line_1_24' title="bbox 1297 1531 2323 1602; baseline 0.006 -20"><span class='ocrx_word' id='word_1_115' title='bbox 1297 1531 1473 1584; x_wconf 87' lang='lat' dir='ltr'>Graev.</span> <span class='ocrx_word' id='word_1_116' title='bbox 1517 1531 1734 1602; x_wconf 88' lang='lat' dir='ltr'>Bipont.</span> <span class='ocrx_word' id='word_1_117' title='bbox 1776 1531 1867 1584; x_wconf 86' lang='lat' dir='ltr'>sed</span> <span class='ocrx_word' id='word_1_118' title='bbox 1914 1534 2082 1586; x_wconf 90' lang='lat' dir='ltr'>multo</span> <span class='ocrx_word' id='word_1_119' title='bbox 2128 1555 2323 1588; x_wconf 86' lang='lat' dir='ltr'>conve-</span> 
     </span>
     <span class='ocr_line' id='line_1_25' title="bbox 1294 1611 2316 1684; baseline 0.004 -22"><span class='ocrx_word' id='word_1_120' title='bbox 1294 1611 1528 1663; x_wconf 85' lang='lat' dir='ltr'>nientius</span> <span class='ocrx_word' id='word_1_121' title='bbox 1584 1612 1820 1663; x_wconf 76' lang='lat' dir='ltr'>ambmsio</span> <span class='ocrx_word' id='word_1_122' title='bbox 1853 1654 1867 1674; x_wconf 90' lang='lat'><em>,</em></span> <span class='ocrx_word' id='word_1_123' title='bbox 1929 1612 2077 1684; x_wconf 85' lang='lat' dir='ltr'>quod</span> <span class='ocrx_word' id='word_1_124' title='bbox 2131 1628 2208 1668; x_wconf 89' lang='lat' dir='ltr'>est</span> <span class='ocrx_word' id='word_1_125' title='bbox 2262 1616 2316 1667; x_wconf 82' lang='lat' dir='ltr'>in</span> 
     </span>
     <span class='ocr_line' id='line_1_26' title="bbox 1294 1691 2323 1755; baseline 0.007 -14"><span class='ocrx_word' id='word_1_126' title='bbox 1294 1691 1448 1743; x_wconf 88' lang='lat' dir='ltr'>MSS.</span> <span class='ocrx_word' id='word_1_127' title='bbox 1478 1691 1663 1755; x_wconf 87' lang='lat' dir='ltr'>Statii,</span> <span class='ocrx_word' id='word_1_128' title='bbox 1696 1691 1932 1744; x_wconf 85' lang='lat' dir='ltr'>editione</span> <span class='ocrx_word' id='word_1_129' title='bbox 1959 1695 2158 1745; x_wconf 89' lang='lat' dir='ltr'>Mureti</span> <span class='ocrx_word' id='word_1_130' title='bbox 2185 1708 2234 1747; x_wconf 83' lang='lat' dir='ltr'>et</span> <span class='ocrx_word' id='word_1_131' title='bbox 2262 1696 2323 1748; x_wconf 91' lang='lat' dir='ltr'>li-</span> 
     </span>
     <span class='ocr_line' id='line_1_27' title="bbox 1295 1771 2318 1827; baseline 0.006 -6"><span class='ocrx_word' id='word_1_132' title='bbox 1295 1771 1406 1822; x_wconf 83' lang='lat' dir='ltr'>bris</span> <span class='ocrx_word' id='word_1_133' title='bbox 1441 1771 1640 1824; x_wconf 87' lang='lat' dir='ltr'>Vossii.</span> <span class='ocrx_word' id='word_1_134' title='bbox 1665 1803 1741 1813; x_wconf 90' lang='lat'>——-</span> <span class='ocrx_word' id='word_1_135' title='bbox 1768 1773 2025 1825; x_wconf 78' lang='lat' dir='ltr'>Ambrosio</span> <span class='ocrx_word' id='word_1_136' title='bbox 2059 1775 2167 1827; x_wconf 85' lang='lat' dir='ltr'>scil.</span> <span class='ocrx_word' id='word_1_137' title='bbox 2200 1795 2318 1827; x_wconf 87' lang='lat' dir='ltr'>sua-</span> 
     </span>
     <span class='ocr_line' id='line_1_28' title="bbox 1298 1850 1463 1902; baseline 0.012 -2"><span class='ocrx_word' id='word_1_138' title='bbox 1298 1850 1463 1902; x_wconf 74' lang='lat' dir='ltr'>violo.</span> 
     </span>
    </p>

    <p class='ocr_par' dir='ltr' id='par_1_9' title="bbox 1298 1931 2319 2082">
     <span class='ocr_line' id='line_1_29' title="bbox 1384 1931 2319 2004; baseline 0.004 -22"><span class='ocrx_word' id='word_1_139' title='bbox 1384 1938 1470 1992; x_wconf 68' lang='lat'>14.</span> <span class='ocrx_word' id='word_1_140' title='bbox 1505 1932 1711 1981; x_wconf 77' lang='lat' dir='ltr'>Tristius</span> <span class='ocrx_word' id='word_1_141' title='bbox 1735 1931 1998 1994; x_wconf 75' lang='lat' dir='ltr'>helleboro,</span> <span class='ocrx_word' id='word_1_142' title='bbox 2023 1952 2083 1983; x_wconf 84' lang='lat' dir='ltr'>ex</span> <span class='ocrx_word' id='word_1_143' title='bbox 2109 1953 2319 2004; x_wconf 88' lang='lat' dir='ltr'>prover-</span> 
     </span>
     <span class='ocr_line' id='line_1_30' title="bbox 1298 2011 1989 2082; baseline -0.001 -20"><span class='ocrx_word' id='word_1_144' title='bbox 1298 2011 1390 2062; x_wconf 83' lang='lat' dir='ltr'>bio</span> <span class='ocrx_word' id='word_1_145' title='bbox 1414 2012 1694 2080; x_wconf 71' lang='grc' dir='ltr'>πικρότερον</span> <span class='ocrx_word' id='word_1_146' title='bbox 1720 2011 1989 2082; x_wconf 79' lang='grc' dir='ltr'>ἐλλεβόρου.</span> 
     </span>
    </p>

    <p class='ocr_par' dir='ltr' id='par_1_10' title="bbox 1388 2091 2315 2160">
     <span class='ocr_line' id='line_1_31' title="bbox 1388 2091 2315 2160; baseline 0.003 -19"><span class='ocrx_word' id='word_1_147' title='bbox 1388 2095 1474 2142; x_wconf 77' lang='lat'>16.</span> <span class='ocrx_word' id='word_1_148' title='bbox 1515 2091 1772 2160; x_wconf 81' lang='lat' dir='ltr'>Nunquam</span> <span class='ocrx_word' id='word_1_149' title='bbox 1799 2093 1905 2158; x_wconf 84' lang='lat' dir='ltr'>jam</span> <span class='ocrx_word' id='word_1_150' title='bbox 1937 2092 2140 2160; x_wconf 78' lang='lat' dir='ltr'>posthac</span> <span class='ocrx_word' id='word_1_151' title='bbox 2171 2091 2315 2145; x_wconf 84' lang='lat' dir='ltr'>editt.</span> 
     </span>
    </p>
   </div>
   <div class='ocr_carea' id='block_1_6' title="bbox 1301 2170 2218 2240">
    <p class='ocr_par' dir='ltr' id='par_1_11' title="bbox 1301 2170 2218 2240">
     <span class='ocr_line' id='line_1_32' title="bbox 1301 2170 2218 2240; baseline 0.003 -18"><span class='ocrx_word' id='word_1_152' title='bbox 1301 2170 1554 2223; x_wconf 81' lang='lat' dir='ltr'>Parthen.</span> <span class='ocrx_word' id='word_1_153' title='bbox 1586 2170 1793 2240; x_wconf 79' lang='lat' dir='ltr'>Gryph.</span> <span class='ocrx_word' id='word_1_154' title='bbox 1827 2171 2020 2223; x_wconf 75' lang='lat' dir='ltr'>Muret.</span> <span class='ocrx_word' id='word_1_155' title='bbox 2046 2171 2218 2225; x_wconf 84' lang='lat' dir='ltr'>Graev.</span> 
     </span>
    </p>
   </div>
   <div class='ocr_carea' id='block_1_7' title="bbox 883 2385 1617 2472">
    <p class='ocr_par' dir='ltr' id='par_1_12' title="bbox 883 2385 1617 2472">
     <span class='ocr_line' id='line_1_33' title="bbox 883 2385 1617 2472; baseline -0.003 -1"><span class='ocrx_word' id='word_1_156' title='bbox 883 2385 1440 2472; x_wconf 80' lang='lat' dir='ltr'><strong>CARMEN</strong></span> <span class='ocrx_word' id='word_1_157' title='bbox 1523 2386 1617 2471; x_wconf 84' lang='lat' dir='ltr'>C.</span> 
     </span>
    </p>
   </div>
   <div class='ocr_carea' id='block_1_8' title="bbox 737 2610 1769 2668">
    <p class='ocr_par' dir='ltr' id='par_1_13' title="bbox 737 2610 1769 2668">
     <span class='ocr_line' id='line_1_34' title="bbox 737 2610 1769 2668; baseline -0.001 -14"><span class='ocrx_word' id='word_1_158' title='bbox 737 2612 832 2654; x_wconf 78' lang='lat' dir='ltr'>DE</span> <span class='ocrx_word' id='word_1_159' title='bbox 890 2611 1184 2655; x_wconf 76' lang='lat' dir='ltr'>COELIO</span> <span class='ocrx_word' id='word_1_160' title='bbox 1242 2612 1338 2655; x_wconf 81' lang='grc' dir='ltr'>ΕΤ</span> <span class='ocrx_word' id='word_1_161' title='bbox 1374 2610 1769 2668; x_wconf 71' lang='grc' dir='ltr'><strong>,ΩΠΙΝΤΙΟ.</strong></span> 
     </span>
    </p>
   </div>
   <div class='ocr_carea' id='block_1_9' title="bbox 827 2543 850 2571">
    <p class='ocr_par' dir='ltr' id='par_1_14' title="bbox 827 2543 850 2571">
     <span class='ocr_line' id='line_1_35' title="bbox 827 2543 850 2571; baseline 0 -2"><span class='ocrx_word' id='word_1_162' title='bbox 827 2543 850 2571; x_wconf 60' lang='grc' dir='ltr'>ἱ</span> 
     </span>
    </p>
   </div>
   <div class='ocr_carea' id='block_1_10' title="bbox 292 2787 2317 3095">
    <p class='ocr_par' dir='ltr' id='par_1_15' title="bbox 292 2787 2317 3095">
     <span class='ocr_line' id='line_1_36' title="bbox 294 2787 1960 2877; baseline -0.001 -17"><span class='ocrx_word' id='word_1_163' title='bbox 294 2795 596 2860; x_wconf 64' lang='lat' dir='ltr'>Connus</span> <span class='ocrx_word' id='word_1_164' title='bbox 633 2789 1042 2872; x_wconf 86' lang='lat' dir='ltr'>Aufilenum,</span> <span class='ocrx_word' id='word_1_165' title='bbox 1089 2804 1156 2856; x_wconf 90' lang='lat' dir='ltr'>et</span> <span class='ocrx_word' id='word_1_166' title='bbox 1191 2791 1508 2877; x_wconf 83' lang='lat' dir='ltr'>Quintius</span> <span class='ocrx_word' id='word_1_167' title='bbox 1555 2787 1960 2876; x_wconf 81' lang='lat' dir='ltr'>Aufilenam,</span> 
     </span>
     <span class='ocr_line' id='line_1_37' title="bbox 401 2896 1858 2990; baseline -0.001 -26"><span class='ocrx_word' id='word_1_168' title='bbox 401 2896 550 2965; x_wconf 87' lang='lat' dir='ltr'>Flos</span> <span class='ocrx_word' id='word_1_169' title='bbox 577 2898 1064 2966; x_wconf 86' lang='lat' dir='ltr'>Veronensium</span> <span class='ocrx_word' id='word_1_170' title='bbox 1105 2896 1469 2990; x_wconf 87' lang='lat' dir='ltr'>depereunt</span> <span class='ocrx_word' id='word_1_171' title='bbox 1500 2897 1858 2988; x_wconf 80' lang='lat' dir='ltr'>juvenum3</span> 
     </span>
     <span class='ocr_line' id='line_1_38' title="bbox 292 3002 2317 3095; baseline 0.001 -23"><span class='ocrx_word' id='word_1_172' title='bbox 292 3006 418 3072; x_wconf 86' lang='lat' dir='ltr'>Hic</span> <span class='ocrx_word' id='word_1_173' title='bbox 450 3004 758 3087; x_wconf 90' lang='lat' dir='ltr'>fratrem,</span> <span class='ocrx_word' id='word_1_174' title='bbox 792 3002 896 3070; x_wconf 90' lang='lat' dir='ltr'>ille</span> <span class='ocrx_word' id='word_1_175' title='bbox 930 3027 1246 3071; x_wconf 86' lang='lat' dir='ltr'>sororem.</span> <span class='ocrx_word' id='word_1_176' title='bbox 1288 3006 1434 3070; x_wconf 90' lang='lat' dir='ltr'>Hoc</span> <span class='ocrx_word' id='word_1_177' title='bbox 1465 3017 1599 3086; x_wconf 88' lang='lat' dir='ltr'>est,</span> <span class='ocrx_word' id='word_1_178' title='bbox 1636 3003 1812 3095; x_wconf 84' lang='lat' dir='ltr'>quod</span> <span class='ocrx_word' id='word_1_179' title='bbox 1848 3003 2123 3086; x_wconf 74' lang='lat' dir='ltr'>dicitur,</span> <span class='ocrx_word' id='word_1_180' title='bbox 2161 3005 2317 3075; x_wconf 86' lang='lat' dir='ltr'>illud</span> 
     </span>
    </p>
   </div>
   <div class='ocr_carea' id='block_1_11' title="bbox 118 3216 1221 4149">
    <p class='ocr_par' dir='ltr' id='par_1_16' title="bbox 118 3216 1221 3840">
     <span class='ocr_line' id='line_1_39' title="bbox 268 3216 1219 3278; baseline -0.004 -8"><span class='ocrx_word' id='word_1_181' title='bbox 268 3220 411 3270; x_wconf 74' lang='lat' dir='ltr'>Aac:</span> <span class='ocrx_word' id='word_1_182' title='bbox 438 3222 656 3269; x_wconf 78' lang='lat' dir='ltr'>Amores</span> <span class='ocrx_word' id='word_1_183' title='bbox 693 3217 846 3269; x_wconf 85' lang='lat' dir='ltr'>Coelii</span> <span class='ocrx_word' id='word_1_184' title='bbox 884 3229 937 3267; x_wconf 89' lang='lat' dir='ltr'>et</span> <span class='ocrx_word' id='word_1_185' title='bbox 972 3216 1180 3278; x_wconf 89' lang='lat' dir='ltr'>Quintii</span> <span class='ocrx_word' id='word_1_186' title='bbox 1206 3256 1219 3278; x_wconf 95' lang='lat'>,</span> 
     </span>
     <span class='ocr_line' id='line_1_40' title="bbox 118 3295 1221 3370; baseline -0.004 -19"><span class='ocrx_word' id='word_1_187' title='bbox 118 3334 128 3342; x_wconf 45' lang='grc' dir='ltr'><em>ι</em></span> <span class='ocrx_word' id='word_1_188' title='bbox 180 3318 424 3370; x_wconf 90' lang='lat' dir='ltr'>quorum</span> <span class='ocrx_word' id='word_1_189' title='bbox 466 3297 597 3350; x_wconf 88' lang='lat' dir='ltr'>alter</span> <span class='ocrx_word' id='word_1_190' title='bbox 638 3297 843 3359; x_wconf 86' lang='lat' dir='ltr'>filium,</span> <span class='ocrx_word' id='word_1_191' title='bbox 888 3298 1018 3347; x_wconf 87' lang='lat' dir='ltr'>alter</span> <span class='ocrx_word' id='word_1_192' title='bbox 1056 3295 1221 3347; x_wconf 85' lang='lat' dir='ltr'>filiam</span> 
     </span>
     <span class='ocr_line' id='line_1_41' title="bbox 180 3376 1219 3449; baseline -0.005 -18"><span class='ocrx_word' id='word_1_193' title='bbox 180 3377 428 3449; x_wconf 85' lang='lat' dir='ltr'>ejusdem</span> <span class='ocrx_word' id='word_1_194' title='bbox 458 3377 670 3430; x_wconf 68' lang='lat' dir='ltr'>familiae</span> <span class='ocrx_word' id='word_1_195' title='bbox 697 3376 1069 3429; x_wconf 85' lang='lat' dir='ltr'>Aufilenorum</span> <span class='ocrx_word' id='word_1_196' title='bbox 1098 3395 1219 3445; x_wconf 83' lang='lat' dir='ltr'>per-</span> 
     </span>
     <span class='ocr_line' id='line_1_42' title="bbox 180 3457 1221 3519; baseline -0.004 -9"><span class='ocrx_word' id='word_1_197' title='bbox 180 3457 303 3510; x_wconf 85' lang='lat' dir='ltr'>dite</span> <span class='ocrx_word' id='word_1_198' title='bbox 364 3458 573 3510; x_wconf 83' lang='lat' dir='ltr'>amabat</span> <span class='ocrx_word' id='word_1_199' title='bbox 605 3495 618 3513; x_wconf 86' lang='lat'><strong>‚</strong></span> <span class='ocrx_word' id='word_1_200' title='bbox 681 3470 1065 3511; x_wconf 83' lang='lat' dir='ltr'>commemorat</span> <span class='ocrx_word' id='word_1_201' title='bbox 1093 3494 1109 3519; x_wconf 97' lang='lat'>,</span> <span class='ocrx_word' id='word_1_202' title='bbox 1168 3467 1221 3506; x_wconf 81' lang='lat' dir='ltr'>et</span> 
     </span>
     <span class='ocr_line' id='line_1_43' title="bbox 180 3535 1218 3608; baseline -0.006 -16"><span class='ocrx_word' id='word_1_203' title='bbox 180 3537 656 3608; x_wconf 86' lang='lat' dir='ltr'>Coelioinprimis,</span> <span class='ocrx_word' id='word_1_204' title='bbox 699 3538 769 3588; x_wconf 89' lang='lat' dir='ltr'>ob</span> <span class='ocrx_word' id='word_1_205' title='bbox 798 3549 1082 3608; x_wconf 85' lang='lat' dir='ltr'>spectatam</span> <span class='ocrx_word' id='word_1_206' title='bbox 1116 3535 1218 3587; x_wconf 75' lang='lat' dir='ltr'>sibi</span> 
     </span>
     <span class='ocr_line' id='line_1_44' title="bbox 181 3616 1215 3690; baseline -0.003 -21"><span class='ocrx_word' id='word_1_207' title='bbox 181 3621 307 3690; x_wconf 83' lang='lat' dir='ltr'>ejus</span> <span class='ocrx_word' id='word_1_208' title='bbox 336 3618 613 3670; x_wconf 86' lang='lat' dir='ltr'>amicitiam</span> <span class='ocrx_word' id='word_1_209' title='bbox 634 3658 649 3680; x_wconf 93' lang='lat'>,</span> <span class='ocrx_word' id='word_1_210' title='bbox 687 3618 883 3668; x_wconf 83' lang='lat' dir='ltr'>amoris</span> <span class='ocrx_word' id='word_1_211' title='bbox 912 3616 1215 3667; x_wconf 86' lang='lat' dir='ltr'>felicitatem</span> 
     </span>
     <span class='ocr_line' id='line_1_45' title="bbox 180 3694 1213 3769; baseline -0.004 -19"><span class='ocrx_word' id='word_1_212' title='bbox 180 3710 523 3769; x_wconf 77' lang='lat' dir='ltr'>apprecatur.</span> <span class='ocrx_word' id='word_1_213' title='bbox 542 3723 622 3731; x_wconf 93' lang='lat'>—-</span> <span class='ocrx_word' id='word_1_214' title='bbox 641 3699 721 3748; x_wconf 89' lang='lat' dir='ltr'>De</span> <span class='ocrx_word' id='word_1_215' title='bbox 740 3697 908 3750; x_wconf 83' lang='lat' dir='ltr'>Coelio</span> <span class='ocrx_word' id='word_1_216' title='bbox 938 3694 1044 3746; x_wconf 82' lang='lat' dir='ltr'>vid.</span> <span class='ocrx_word' id='word_1_217' title='bbox 1069 3714 1213 3765; x_wconf 85' lang='lat' dir='ltr'>supr.</span> 
     </span>
     <span class='ocr_line' id='line_1_46' title="bbox 180 3777 833 3840; baseline -0.008 -9"><span class='ocrx_word' id='word_1_218' title='bbox 180 3777 257 3831; x_wconf 80' lang='lat' dir='ltr'>ad</span> <span class='ocrx_word' id='word_1_219' title='bbox 285 3777 513 3830; x_wconf 84' lang='lat' dir='ltr'>Carmen</span> <span class='ocrx_word' id='word_1_220' title='bbox 541 3777 756 3840; x_wconf 85' lang='lat' dir='ltr'><strong>LVIII,</strong></span> <span class='ocrx_word' id='word_1_221' title='bbox 788 3796 833 3828; x_wconf 86' lang='lat'>1.</span> 
     </span>
    </p>

    <p class='ocr_par' dir='ltr' id='par_1_17' title="bbox 179 3856 1217 4149">
     <span class='ocr_line' id='line_1_47' title="bbox 282 3856 1214 3924; baseline -0.003 -15"><span class='ocrx_word' id='word_1_222' title='bbox 282 3877 328 3909; x_wconf 85' lang='lat'>1.</span> <span class='ocrx_word' id='word_1_223' title='bbox 365 3859 542 3910; x_wconf 75' lang='lat' dir='ltr'>Coelius</span> <span class='ocrx_word' id='word_1_224' title='bbox 584 3869 645 3907; x_wconf 88' lang='lat' dir='ltr'>et·</span> <span class='ocrx_word' id='word_1_225' title='bbox 687 3856 864 3908; x_wconf 83' lang='lat' dir='ltr'>Coelius</span> <span class='ocrx_word' id='word_1_226' title='bbox 910 3856 1214 3924; x_wconf 86' lang='lat' dir='ltr'>promiscue</span> 
     </span>
     <span class='ocr_line' id='line_1_48' title="bbox 179 3936 1217 3990; baseline -0.004 -1"><span class='ocrx_word' id='word_1_227' title='bbox 179 3939 243 3990; x_wconf 88' lang='lat' dir='ltr'>in</span> <span class='ocrx_word' id='word_1_228' title='bbox 282 3938 496 3989; x_wconf 85' lang='lat' dir='ltr'>vetustis</span> <span class='ocrx_word' id='word_1_229' title='bbox 540 3936 904 3988; x_wconf 88' lang='lat' dir='ltr'>monumentis</span> <span class='ocrx_word' id='word_1_230' title='bbox 936 3948 1067 3986; x_wconf 87' lang='lat' dir='ltr'>teste</span> <span class='ocrx_word' id='word_1_231' title='bbox 1102 3936 1217 3986; x_wconf 83' lang='lat' dir='ltr'>Sta·</span> 
     </span>
     <span class='ocr_line' id='line_1_49' title="bbox 181 4016 1216 4086; baseline -0.001 -19"><span class='ocrx_word' id='word_1_232' title='bbox 181 4018 302 4082; x_wconf 85' lang='lat' dir='ltr'>tio,</span> <span class='ocrx_word' id='word_1_233' title='bbox 330 4030 381 4069; x_wconf 87' lang='lat' dir='ltr'>et</span> <span class='ocrx_word' id='word_1_234' title='bbox 410 4016 485 4068; x_wconf 83' lang='lat' dir='ltr'>sic</span> <span class='ocrx_word' id='word_1_235' title='bbox 520 4016 821 4084; x_wconf 88' lang='lat' dir='ltr'>promiscue</span> <span class='ocrx_word' id='word_1_236' title='bbox 865 4034 1085 4086; x_wconf 86' lang='lat' dir='ltr'>quoque</span> <span class='ocrx_word' id='word_1_237' title='bbox 1126 4034 1216 4067; x_wconf 89' lang='lat' dir='ltr'>ex-</span> 
     </span>
     <span class='ocr_line' id='line_1_50' title="bbox 181 4095 1217 4149; baseline -0.004 0"><span class='ocrx_word' id='word_1_238' title='bbox 181 4097 407 4149; x_wconf 83' lang='lat' dir='ltr'>hibetur</span> <span class='ocrx_word' id='word_1_239' title='bbox 436 4096 541 4148; x_wconf 83' lang='lat' dir='ltr'>hoc</span> <span class='ocrx_word' id='word_1_240' title='bbox 567 4114 759 4147; x_wconf 83' lang='lat' dir='ltr'>nomen</span> <span class='ocrx_word' id='word_1_241' title='bbox 789 4096 840 4146; x_wconf 89' lang='lat' dir='ltr'>in</span> <span class='ocrx_word' id='word_1_242' title='bbox 871 4095 1217 4148; x_wconf 82' lang='lat' dir='ltr'>editionibus.</span> 
     </span>
    </p>
   </div>
   <div class='ocr_carea' id='block_1_12' title="bbox 1304 3215 2335 4164">
    <p class='ocr_par' dir='ltr' id='par_1_18' title="bbox 1306 3215 2335 3765">
     <span class='ocr_line' id='line_1_51' title="bbox 1311 3215 2331 3274; baseline 0.006 -8"><span class='ocrx_word' id='word_1_243' title='bbox 1311 3248 1385 3255; x_wconf 91' lang='lat'>—</span> <span class='ocrx_word' id='word_1_244' title='bbox 1406 3217 1511 3267; x_wconf 84' lang='lat' dir='ltr'>Pro</span> <span class='ocrx_word' id='word_1_245' title='bbox 1546 3215 1724 3267; x_wconf 74' lang='lat' dir='ltr'>Coelius</span> <span class='ocrx_word' id='word_1_246' title='bbox 1754 3216 1810 3266; x_wconf 89' lang='lat' dir='ltr'>in</span> <span class='ocrx_word' id='word_1_247' title='bbox 1844 3217 1992 3269; x_wconf 82' lang='lat' dir='ltr'>libris</span> <span class='ocrx_word' id='word_1_248' title='bbox 2021 3218 2174 3270; x_wconf 84' lang='lat' dir='ltr'>Voss.</span> <span class='ocrx_word' id='word_1_249' title='bbox 2210 3220 2331 3274; x_wconf 75' lang='lat' dir='ltr'>Gel-</span> 
     </span>
     <span class='ocr_line' id='line_1_52' title="bbox 1310 3295 2332 3367; baseline 0.008 -22"><span class='ocrx_word' id='word_1_250' title='bbox 1310 3299 1418 3348; x_wconf 82' lang='lat' dir='ltr'>lius.</span> <span class='ocrx_word' id='word_1_251' title='bbox 1435 3325 1514 3335; x_wconf 89' lang='lat'>--</span> <span class='ocrx_word' id='word_1_252' title='bbox 1532 3296 1635 3346; x_wconf 89' lang='lat' dir='ltr'>Pro</span> <span class='ocrx_word' id='word_1_253' title='bbox 1660 3295 1892 3365; x_wconf 70' lang='lat' dir='ltr'>Aefilena</span> <span class='ocrx_word' id='word_1_254' title='bbox 1918 3297 2200 3367; x_wconf 84' lang='lat' dir='ltr'>legendum</span> <span class='ocrx_word' id='word_1_255' title='bbox 2230 3303 2332 3353; x_wconf 86' lang='lat' dir='ltr'>sor-</span> 
     </span>
     <span class='ocr_line' id='line_1_53' title="bbox 1310 3375 2335 3447; baseline 0.006 -19"><span class='ocrx_word' id='word_1_256' title='bbox 1310 3388 1442 3428; x_wconf 85' lang='lat' dir='ltr'>tasse</span> <span class='ocrx_word' id='word_1_257' title='bbox 1470 3388 1620 3446; x_wconf 85' lang='lat' dir='ltr'>putat</span> <span class='ocrx_word' id='word_1_258' title='bbox 1647 3375 1842 3429; x_wconf 87' lang='lat' dir='ltr'>Statius</span> <span class='ocrx_word' id='word_1_259' title='bbox 1866 3377 2112 3447; x_wconf 74' lang='lat' dir='ltr'>Aufidena</span> <span class='ocrx_word' id='word_1_260' title='bbox 2130 3420 2146 3441; x_wconf 90' lang='lat'><em>,</em></span> <span class='ocrx_word' id='word_1_261' title='bbox 2174 3384 2335 3434; x_wconf 84' lang='lat' dir='ltr'>recla-</span> 
     </span>
     <span class='ocr_line' id='line_1_54' title="bbox 1309 3456 2329 3527; baseline 0.008 -21"><span class='ocrx_word' id='word_1_262' title='bbox 1309 3467 1485 3507; x_wconf 86' lang='lat' dir='ltr'>mante</span> <span class='ocrx_word' id='word_1_263' title='bbox 1519 3456 1709 3507; x_wconf 88' lang='lat' dir='ltr'>Vossio</span> <span class='ocrx_word' id='word_1_264' title='bbox 1728 3495 1744 3519; x_wconf 79' lang='lat'>‚</span> <span class='ocrx_word' id='word_1_265' title='bbox 1770 3457 1861 3527; x_wconf 87' lang='lat' dir='ltr'>qui</span> <span class='ocrx_word' id='word_1_266' title='bbox 1895 3458 2229 3527; x_wconf 79' lang='lat' dir='ltr'>Aufilenorum</span> <span class='ocrx_word' id='word_1_267' title='bbox 2256 3464 2329 3514; x_wconf 85' lang='lat' dir='ltr'>fa-</span> 
     </span>
     <span class='ocr_line' id='line_1_55' title="bbox 1309 3536 2331 3593; baseline 0.007 -7"><span class='ocrx_word' id='word_1_268' title='bbox 1309 3536 1510 3588; x_wconf 89' lang='lat' dir='ltr'>miliam</span> <span class='ocrx_word' id='word_1_269' title='bbox 1543 3536 1667 3588; x_wconf 85' lang='lat' dir='ltr'>satis</span> <span class='ocrx_word' id='word_1_270' title='bbox 1704 3551 1883 3589; x_wconf 88' lang='lat' dir='ltr'>notam</span> <span class='ocrx_word' id='word_1_271' title='bbox 1929 3540 2059 3590; x_wconf 86' lang='lat' dir='ltr'>olim</span> <span class='ocrx_word' id='word_1_272' title='bbox 2103 3541 2331 3593; x_wconf 79' lang='lat' dir='ltr'>Veronae</span> 
     </span>
     <span class='ocr_line' id='line_1_56' title="bbox 1307 3615 2331 3689; baseline 0.007 -23"><span class='ocrx_word' id='word_1_273' title='bbox 1307 3616 1464 3667; x_wconf 79' lang='lat' dir='ltr'>fuisse</span> <span class='ocrx_word' id='word_1_274' title='bbox 1522 3635 1591 3667; x_wconf 82' lang='lat' dir='ltr'>ex</span> <span class='ocrx_word' id='word_1_275' title='bbox 1643 3615 1850 3668; x_wconf 85' lang='lat' dir='ltr'>duabus</span> <span class='ocrx_word' id='word_1_276' title='bbox 1898 3618 2331 3689; x_wconf 83' lang='lat' dir='ltr'>inscriptionibus</span> 
     </span>
     <span class='ocr_line' id='line_1_57' title="bbox 1306 3696 1916 3765; baseline -0.003 -17"><span class='ocrx_word' id='word_1_277' title='bbox 1306 3697 1424 3748; x_wconf 88' lang='lat' dir='ltr'>istic</span> <span class='ocrx_word' id='word_1_278' title='bbox 1452 3696 1679 3765; x_wconf 86' lang='lat' dir='ltr'>repertis</span> <span class='ocrx_word' id='word_1_279' title='bbox 1708 3699 1916 3765; x_wconf 86' lang='lat' dir='ltr'>probat.</span> 
     </span>
    </p>

    <p class='ocr_par' dir='ltr' id='par_1_19' title="bbox 1304 3774 2334 4164">
     <span class='ocr_line' id='line_1_58' title="bbox 1393 3774 2331 3846; baseline 0.005 -20"><span class='ocrx_word' id='word_1_280' title='bbox 1393 3796 1442 3828; x_wconf 88' lang='lat'>2.</span> <span class='ocrx_word' id='word_1_281' title='bbox 1464 3776 1690 3827; x_wconf 85' lang='lat' dir='ltr'>Flos:cf.</span> <span class='ocrx_word' id='word_1_282' title='bbox 1712 3796 1827 3846; x_wconf 88' lang='lat' dir='ltr'>sup.</span> <span class='ocrx_word' id='word_1_283' title='bbox 1846 3774 1910 3827; x_wconf 91' lang='lat' dir='ltr'>ad</span> <span class='ocrx_word' id='word_1_284' title='bbox 1929 3778 1989 3829; x_wconf 92' lang='lat' dir='ltr'>C.</span> <span class='ocrx_word' id='word_1_285' title='bbox 2006 3777 2215 3842; x_wconf 83' lang='lat' dir='ltr'>LXIII,</span> <span class='ocrx_word' id='word_1_286' title='bbox 2236 3784 2331 3842; x_wconf 73' lang='lat'>64.</span> 
     </span>
     <span class='ocr_line' id='line_1_59' title="bbox 1304 3855 2332 3926; baseline 0.009 -24"><span class='ocrx_word' id='word_1_287' title='bbox 1304 3855 1442 3904; x_wconf 83' lang='lat' dir='ltr'>-V</span> <span class='ocrx_word' id='word_1_288' title='bbox 1438 3860 1728 3906; x_wconf 76' lang='lat' dir='ltr'>eronensium</span> <span class='ocrx_word' id='word_1_289' title='bbox 1745 3897 1756 3916; x_wconf 93' lang='lat'>‚</span> <span class='ocrx_word' id='word_1_290' title='bbox 1775 3876 1879 3908; x_wconf 83' lang='lat' dir='ltr'>vox</span> <span class='ocrx_word' id='word_1_291' title='bbox 1897 3857 2228 3926; x_wconf 81' lang='lat' dir='ltr'>tetrasyllaba</span> <span class='ocrx_word' id='word_1_292' title='bbox 2242 3898 2257 3922; x_wconf 83' lang='lat'>‚</span> <span class='ocrx_word' id='word_1_293' title='bbox 2274 3877 2332 3913; x_wconf 84' lang='lat' dir='ltr'>ut</span> 
     </span>
     <span class='ocr_line' id='line_1_60' title="bbox 1305 3933 2334 4004; baseline -0.003 -18"><span class='ocrx_word' id='word_1_294' title='bbox 1305 3933 1446 4003; x_wconf 84' lang='lat' dir='ltr'>apud</span> <span class='ocrx_word' id='word_1_295' title='bbox 1482 3935 1900 4004; x_wconf 76' lang='lat' dir='ltr'>Virg.fluviorum</span> <span class='ocrx_word' id='word_1_296' title='bbox 1923 3935 1976 3985; x_wconf 91' lang='lat' dir='ltr'>h.</span> <span class='ocrx_word' id='word_1_297' title='bbox 2006 3956 2055 3988; x_wconf 85' lang='lat' dir='ltr'>v.</span> <span class='ocrx_word' id='word_1_298' title='bbox 2092 3962 2112 3980; x_wconf 80' lang='grc' dir='ltr'>ι</span> <span class='ocrx_word' id='word_1_299' title='bbox 2143 3937 2334 3994; x_wconf 87' lang='lat' dir='ltr'>fluvio..</span> 
     </span>
     <span class='ocr_line' id='line_1_61' title="bbox 1306 4013 2329 4085; baseline 0.002 -20"><span class='ocrx_word' id='word_1_300' title='bbox 1306 4033 1432 4065; x_wconf 86' lang='lat' dir='ltr'>rum</span> <span class='ocrx_word' id='word_1_301' title='bbox 1452 4033 1544 4065; x_wconf 90' lang='lat' dir='ltr'>rex</span> <span class='ocrx_word' id='word_1_302' title='bbox 1569 4013 1845 4065; x_wconf 81' lang='lat' dir='ltr'>Eridanus.</span> <span class='ocrx_word' id='word_1_303' title='bbox 1863 4042 1881 4060; x_wconf 75' lang='grc' dir='ltr'>ιι</span> <span class='ocrx_word' id='word_1_304' title='bbox 1901 4014 2096 4085; x_wconf 82' lang='lat' dir='ltr'>Georg.</span> <span class='ocrx_word' id='word_1_305' title='bbox 2118 4018 2143 4066; x_wconf 93' lang='grc' dir='ltr'>Ι</span> <span class='ocrx_word' id='word_1_306' title='bbox 2162 4056 2176 4080; x_wconf 93' lang='grc'><strong><em>,</em></strong></span> <span class='ocrx_word' id='word_1_307' title='bbox 2199 4023 2329 4082; x_wconf 69' lang='lat'>482.</span> 
     </span>
     <span class='ocr_line' id='line_1_62' title="bbox 1310 4092 2274 4164; baseline 0.008 -22"><span class='ocrx_word' id='word_1_308' title='bbox 1310 4093 1437 4147; x_wconf 85' lang='lat' dir='ltr'>Vid.</span> <span class='ocrx_word' id='word_1_309' title='bbox 1467 4095 1613 4146; x_wconf 84' lang='lat' dir='ltr'>Voss.</span> <span class='ocrx_word' id='word_1_310' title='bbox 1648 4092 1714 4143; x_wconf 79' lang='lat' dir='ltr'>de</span> <span class='ocrx_word' id='word_1_311' title='bbox 1741 4096 1961 4164; x_wconf 78' lang='lat' dir='ltr'>Analog.</span> <span class='ocrx_word' id='word_1_312' title='bbox 1991 4096 2078 4159; x_wconf 82' lang='lat'>11,</span> <span class='ocrx_word' id='word_1_313' title='bbox 2106 4115 2153 4148; x_wconf 89' lang='lat' dir='ltr'>c.</span> <span class='ocrx_word' id='word_1_314' title='bbox 2190 4108 2274 4162; x_wconf 69' lang='lat'>14.</span> 
     </span>
    </p>
   </div>
  </div>
 </body>
</html>
