2986 4935
1011 517 1458 584 CARMEN
1518 519 1779 584 XXII.

2371 542 2454 610 91

418 650 590 715 Puto
629 670 777 714 esse
814 671 941 740 ego
978 645 1071 715 illi
1105 646 1308 717 millia
1345 663 1460 716 aut
1495 648 1726 718 decem
1749 701 1766 729 ,
1802 664 1917 715 aut
1955 648 2144 741 plura

420 754 803 847 Perscripta
847 778 861 820 τ
903 778 1028 822 nec
1072 755 1199 842 sie,
1247 769 1322 824 ut
1364 755 1474 840 fit,
1521 757 1591 822 in
1630 753 2057 849 palimpsesto
2452 789 2471 823 5

428 858 700 944 Relata3
739 859 987 929 chartae
1031 862 1263 955 regiae,
1301 864 1455 930 novi
1500 862 1686 946 libri,

427 966 606 1034 Novi
643 964 970 1051 umbilici,
1015 965 1153 1035 lora
1201 968 1437 1054 rubra,
1479 969 1866 1037 membrana

435 1074 708 1142 Directa
754 1070 1065 1166 plumb0,
1101 1088 1168 1142 et
1208 1076 1469 1168 pumice
1507 1076 1725 1144 omnia
1771 1089 2048 1167 aequata.

341 1339 360 1358 ι
378 1309 645 1363 videamus
675 1322 793 1362 nter
824 1310 944 1381 plus
975 1310 1204 1363 scribere
1234 1330 1358 1382 pos-

332 1391 410 1444 sit.
430 1417 451 1436 ·
485 1389 571 1442 Cf.
593 1389 726 1441 Hor.
755 1388 862 1444 Sat.
890 1391 947 1454 1,
973 1409 1037 1458 9,
1066 1391 1135 1443 23
1163 1409 1278 1462 sqq.

417 1471 467 1523 5.
497 1470 604 1521 Nec
624 1474 694 1520 sic
710 1510 724 1531 ,
751 1468 888 1539 utfit
904 1510 918 1532 ,
949 1473 999 1520 in
1014 1472 1238 1540 palimps.
1263 1472 1348 1522 rel.

328 1569 424 1602 nec
449 1561 713 1620 apparent
734 1551 847 1620 ejus
874 1568 1051 1602 versus
1067 1589 1081 1612 ,
1103 1549 1359 1621 quemad-

327 1627 550 1682 modum
587 1626 734 1699 apud
767 1628 898 1681 alios
934 1643 1145 1699 poetas,
1175 1630 1228 1681 in
1263 1651 1359 1700 pa·

327 1711 569 1780 limpsesto
588 1748 605 1770 ‚
638 1705 728 1760 sed
758 1708 815 1760 in
845 1709 1023 1760 chartis
1051 1713 1223 1779 regiis,
1257 1723 1358 1762 etc.

325 1790 677 1859 Pah'mpsesttu
700 1788 797 1839 fuit
812 1788 992 1841 charta
1017 1808 1359 1860 pergamena,

325 1869 382 1921 in
409 1888 517 1948 qua
534 1906 550 1932 ‚
586 1865 736 1944 quod
762 1868 1015 1938 scriptum
1051 1882 1127 1921 est
1150 1906 1166 1932 ,
1194 1867 1359 1921 deleri

326 1961 380 2001 et
412 1947 568 2000 eradi
594 1959 814 2017 poterat.
836 1946 964 1999 vid.
999 1947 1260 2001 Schwarz.
1290 1947 1359 2001 de

326 2027 649 2080 Ornament.
677 2026 771 2078 lib.
800 2047 857 2098 p.
887 2027 955 2079 25
978 2066 993 2092 ,
1022 2027 1109 2079 ed.
1135 2028 1360 2081 Leusch·

325 2108 462 2161 neri.
496 2105 671 2176 Magis
703 2118 878 2158 autem
920 2106 1121 2160 arridet
1161 2108 1360 2160 Heinsii

325 2187 487 2240 lectio
510 2186 663 2238 teleta
693 2182 826 2247 [vid.
849 2199 959 2239 not.
984 2184 1087 2258 sq.]
1116 2187 1217 2239 hoc
1245 2208 1360 2239 sen-

327 2287 388 2324 su
421 2284 435 2320 :
469 2285 572 2319 nec
609 2263 787 2317 delere
822 2272 875 2318 et
911 2265 1197 2319 emendare
1233 2268 1362 2319 solet

327 2365 511 2399 versus
525 2346 583 2398 in
606 2344 942 2417 palimpsesto
955 2385 970 2408 ,
989 2359 1046 2397 ut
1063 2346 1152 2398 alii
1176 2359 1360 2418 poetae.

329 2426 610 2499 Sapienter
651 2424 794 2477 enim
833 2424 1075 2498 proecipit
1117 2427 1365 2479 Horatius

330 2506 434 2560 Sat.
461 2508 490 2558 1
511 2543 529 2570 ,
565 2524 666 2571 10,
692 2524 762 2575 7²
782 2545 797 2568 ,
821 2528 842 2546 ·
864 2504 1012 2574 Saepe
1037 2506 1216 2558 stilum
1246 2527 1363 2558 ver-

338 2600 414 2639 tas
435 2625 451 2649 ‚
485 2587 718 2649 iterum,
744 2604 864 2656 quae
893 2583 1052 2655 digna
1088 2586 1190 2655 legi
1234 2586 1364 2651 sint,

342 2666 672 2737 scripturus.
693 2690 716 2711 ι

413 2752 468 2799 6.
500 2746 610 2797 Pro
623 2744 778 2795 relata
797 2744 1058 2815 eleganter
1076 2745 1368 2799 rescriben-

335 2825 464 2877 dum
485 2844 597 2877 esse
614 2824 904 2893 suspicatur
919 2825 1062 2876 relata
1078 2820 1130 2886 (a
1145 2827 1237 2888 leo,
1257 2822 1367 2886 levi)

336 2905 602 2967 Heinsius,
616 2916 726 2956 not·
749 2902 818 2955 ad
836 2905 950 2957 Cat.
970 2924 1115 2967 nam,
1134 2906 1177 2955 si
1198 2906 1368 2975 vulga·

338 2999 443 3037 tam
464 2998 726 3047 tenemus,
753 2981 1038 3036 dicendum
1063 2984 1240 3054 potius
1260 2997 1369 3036 erat

340 3065 492 3115 relata
507 3068 558 3115 in
566 3064 1003 3133 palimpsestumm
1018 3064 1212 3116 Merito
1233 3065 1371 3116 Han-

340 3143 429 3196 dio
453 3144 823 3213 improbatur,
845 3163 962 3213 quae
983 3144 1206 3195 nimium
1230 3146 1370 3195 Doe-

338 3224 511 3294 ringio
554 3223 754 3294 placet,
781 3224 1057 3275 Heinsiana
1093 3223 1368 3276 correctio.

341 3305 527 3374 Neque
545 3301 836 3374 quidquam
863 3302 1194 3369 mutandum;
1216 3304 1373 3373 siqui·

339 3383 462 3436 dem
478 3384 844 3453 inpalimpsesto
859 3384 1030 3448 referre
1056 3402 1205 3453 aeque
1232 3403 1292 3436 ac
1321 3389 1371 3434 in

333 3465 697 3534 palimpsestum
723 3463 881 3515 latine
914 3461 1124 3514 dicitur.
1152 3463 1263 3515 Cic.
1300 3462 1367 3515 ad

340 3548 444 3596 Au.
457 3544 568 3595 VII
580 3582 598 3606 ‚
615 3543 669 3607 3,
686 3547 735 3593 in
752 3542 909 3593 codice
922 3542 1138 3593 relatum.
1165 3546 1239 3593 Ita
1259 3544 1370 3594 vul-

333 3644 408 3694 go
431 3626 613 3690 refirre
630 3642 729 3693 pro
754 3622 973 3674 scribere.
996 3624 1061 3674 N.
1076 3656 1155 3663 -—
1171 3622 1368 3674 Charta:

339 3708 492 3773 regiae
521 3704 724 3757 Charta
742 3702 884 3771 regia
909 3715 981 3753 est
1001 3704 1336 3755 macrocolon
1361 3745 1375 3771 ‚

339 3786 661 3837 membrana
677 3781 888 3850 longior
912 3797 926 3832 τ
946 3800 1042 3833 nos
1059 3819 1075 3844 ,
1102 3784 1368 3853 RoJaI-pa-

324 3870 455 3935 pier.
471 3861 611 3915 vid.
628 3862 873 3914 Graevius
885 3860 952 3913 ad
970 3862 1081 3914 Cic.
1098 3865 1200 3914 Att.
1215 3865 1367 3928 XIII,

333 3946 405 3998 25
426 3943 629 4011 3xv1‚
654 3941 686 3992 3
708 3961 725 4005 ς
751 3941 820 3993 cf.
837 3941 1097 3994 Schwarz.
1123 3942 1219 3995 lib.
1244 3944 1290 4008 1,
1314 3964 1364 4014 p.

334 4047 362 4077 2
375 4023 655 4088 4,--Nom'
669 4022 783 4072 libri
792 4021 1026 4091 intellige
1038 4022 1307 4076 involucra
1317 4038 1367 4077 et

328 4116 644 4176 tegumenta
665 4101 919 4155 liborum.
944 4103 1022 4153 De
1047 4102 1208 4153 modo
1221 4123 1366 4157 com-

326 4181 741 4263 pingendorum
784 4179 926 4250 apud
959 4181 1177 4234 Veteres
1202 4184 1369 4237 libro-

1448 1332 1571 1365 rum
1601 1313 1714 1364 fuse
1745 1310 1812 1364 ad
1843 1313 1986 1364 hunc
2019 1313 2199 1363 locum
2240 1308 2469 1381 disputat

1449 1392 1688 1444 VossiuS.
1701 1423 1783 1433 —-
1801 1393 1932 1444 Novi
1942 1392 2152 1444 umbilici
2163 1412 2182 1443 .·
2198 1391 2480 1442 umbilicus

1449 1472 1551 1523 fuit
1579 1472 1801 1524 bacillus
1845 1485 2008 1535 teres,
2045 1483 2290 1523 extremae
2324 1471 2475 1521 volu-

1450 1552 1608 1603 minis
1635 1571 1742 1604 orae
1764 1570 1828 1603 eo
1852 1552 2075 1603 consilio
2103 1550 2392 1621 impactus,
2422 1562 2477 1600 ut

1446 1632 1697 1683 volumen
1714 1632 1761 1682 ei
1775 1631 1975 1683 circum
1995 1630 2315 1695 volveretur,
2331 1632 2413 1699 cuj
2421 1649 2479 1679 ns

1451 1712 1742 1763 eminentes
1778 1711 2045 1782 utrimque
2079 1724 2249 1780 partes
2267 1750 2281 1774 ,
2311 1729 2442 1761 auro
2464 1747 2480 1772 ,

1446 1805 1665 1859 argento
1692 1791 1773 1841 vel
1799 1791 1904 1842 alio
1934 1791 2145 1842 metallo
2168 1789 2477 1860 praemuniri

1451 1870 1616 1922 solitae
1632 1908 1646 1933 ,
1660 1871 1984 1922 vocabantur
1997 1890 2191 1922 cornua.
2210 1870 2474 1921 Ov.Trist.

1450 1950 1492 2009 1,
1530 1970 1548 2002 1
1564 1990 1578 2013 ‚
1601 1953 1650 2010 8,
1670 1951 1737 2001 cf.
1765 1951 1846 2002 Ill.
1871 1949 2055 2020 Heyne
2072 1949 2140 2002 ad
2156 1950 2279 2001 Tib.
2304 1951 2406 2013 111,
2430 1969 2480 2011 1,

1462 2047 1483 2081 1
1499 2031 1527 2080 3
1540 2071 1551 2081 .
1563 2062 1643 2070 ——
1657 2032 1784 2080 Lora
1810 2030 1954 2079 rubra
1970 2071 1983 2090 ,
2000 2030 2239 2098 corrigiae
2253 2068 2266 2089 ,
2286 2030 2480 2098 quibus

1455 2109 1676 2160 Veteres
1699 2109 1753 2159 in
1785 2109 2092 2177 colligandis
2128 2110 2483 2176 constringen-

1450 2186 1637 2257 disque
1677 2188 2038 2240 voluminibus
2078 2188 2155 2240 usi
2190 2200 2325 2239 sunt.
2349 2186 2479 2239 Vid.

1451 2268 1733 2319 Schwartz.
1748 2268 1782 2319 l.
1801 2268 1837 2319 l.
1852 2286 1904 2338 p.
1923 2268 2116 2336 88‚89.
2141 2299 2220 2308 —
2235 2267 2481 2318 Membra-

1453 2367 1517 2399 ηα
1531 2347 1710 2398 directa
1715 2348 1927 2416 plumbo,
1940 2347 1992 2399 h.
2009 2366 2240 2398 eversus
2252 2346 2305 2398 in
2322 2366 2486 2398 metn-

1460 2427 1626 2480 brana
1662 2425 1942 2498 diligenter
1967 2426 2036 2479 ad
2064 2427 2227 2479 lineas
2258 2427 2483 2498 paralle-

1451 2508 1527 2560 las
1551 2507 1776 2578 plumbo
1801 2506 1982 2559 ductas
2004 2507 2192 2560 directi
2213 2521 2263 2559 et
2287 2509 2480 2560 exarati

1453 2586 1722 2639 sunt.Vid.
1743 2586 1810 2639 de
1829 2587 1927 2639 hac
1951 2607 2008 2639 re
2025 2600 2216 2658 praeter
2233 2588 2482 2639 Vossium

1452 2666 1519 2718 ad
1545 2668 1598 2718 h.
1628 2668 1662 2718 l.
1694 2668 1974 2719 Salmasius
1997 2666 2063 2719 ad
2086 2668 2251 2720 Soliu.
2272 2687 2325 2737 p.
2346 2686 2377 2734 9
2393 2686 2480 2735 ¹7·

1454 2746 1736 2800 Schwartz.
1758 2749 1791 2799 l.
1812 2749 1846 2799 l.
1868 2769 1917 2818 p.
1943 2748 2037 2811 33,
2063 2761 2112 2799 et
2135 2748 2395 2799 Funccius
2410 2745 2478 2798 dc

1454 2827 1728 2898 Scriptura
1749 2829 2027 2892 Veterum,
2051 2847 2107 2897 p.
2142 2848 2161 2879 1
2178 2827 2267 2880 36.
2291 2828 2485 2879 Graecis

1457 2908 1744 2959 vocabatur
1789 2907 1878 2960 hic
1908 2908 2054 2959 stilus
2094 2908 2373 2977 plumbeus
2403 2907 2485 2958 vel

1457 2988 1629 3039 tenuis
1665 2988 1754 3039 illa
1775 3027 1790 3052 ,
1846 3000 1902 3038 nt
1944 2987 2059 3038 vult
2100 2986 2410 3049 Salmasius,
2453 3006 2481 3035 e

1457 3067 1683 3135 plumbo
1703 3067 1895 3118 lamina
1912 3104 1927 3128 ,
1951 3067 2291 3135 παράγραφον,
2317 3078 2367 3116 ct
2389 3067 2487 3117 La·

1459 3146 1583 3197 tinis
1610 3146 1993 3198 recentioribus
2014 3146 2301 3214 praeductal.
2336 3146 2484 3197 Paul.

1460 3226 1790 3277 Silentiarius
1812 3226 1976 3295 epigr.
2002 3227 2046 3276 L
2065 3266 2079 3290 ,
2103 3227 2156 3276 in
2190 3226 2338 3277 Anal.
2362 3227 2482 3276 Vet.

1461 3307 1605 3357 Poet.
1634 3307 1727 3358 Gr.
1747 3319 1781 3356 t.
1804 3307 1912 3369 ΙΙΙ,
1940 3309 2032 3374 87,
2056 3305 2137 3357 ed.
2162 3306 2391 3357 Brunck.
2417 3306 2485 3357 ita

1459 3384 1709 3436 describit
1737 3385 1840 3437 hoc
1878 3385 2281 3438 instrumentum
2317 3387 2492 3456 plum·

1456 3466 1636 3525 heum,
1655 3468 1799 3534 Γυρὸν
1821 3469 2022 3525 κυανὲης
2049 3463 2279 3535 ,romeam
2307 3466 2494 3535 σημάν-

1458 3551 1839 3615 τοραγραμμῇς.
1856 3546 2025 3597 Etiam
2043 3547 2286 3596 Julianus
2301 3550 2485 3616 AElgyp.

1457 3644 1540 3694 ep.
1583 3626 1665 3686 X,
1701 3637 1736 3675 t.
1770 3627 1850 3687 11,
1879 3645 1936 3694 p.
1979 3624 2118 3694 495,
2146 3625 2249 3676 hoc
2286 3625 2487 3678 modo:

1456 3696 1690 3764 Ᾰκλινέας
1721 3700 2042 3773 γραφιὸεσσιν
2079 3706 2374 3757 άπιθὺνοντσ.
2400 3726 2493 3757 πο·

1455 3786 1584 3853 peta<
1621 3780 1779 3836 To'vch
1831 3781 2066 3854 μάλιέὃον
2090 3823 2104 3848 ,
2144 3797 2245 3835 etc.

1538 3868 1592 3918 8.
1620 3866 1821 3915 Detecto
1834 3864 2031 3933 plumbo
2051 3865 2197 3915 Statt.
2223 3863 2383 3917 MSC.
2405 3865 2491 3914 de-

1454 3957 1581 3994 secta
1598 3945 1794 4013 plumbo
1822 3944 2047 4015 exempl.
2075 3942 2291 3995 Mediol.
2322 3957 2372 3994 et
2405 3964 2496 3995 an-

1456 4024 1651 4095 tiquiss.
1675 4039 1778 4077 trcs
1800 4024 1947 4077 editt.
1974 4026 2164 4076 derecta
2190 4042 2286 4093 pro
2309 4023 2494 4076 directa

1456 4105 1721 4157 nonnulli.
1746 4138 1825 4148 —
1853 4105 2053 4157 Pumice
2081 4121 2205 4155 omn.
2240 4124 2329 4175 (ιη.
2360 4104 2487 4156 Vid.

1457 4183 1523 4236 ad
1555 4186 1736 4238 Carni.
1765 4186 1824 4248 1,
1861 4204 1907 4235 2.
