<?xml version="1.0" encoding="UTF-8"?>
<!DOCTYPE html PUBLIC "-//W3C//DTD XHTML 1.0 Transitional//EN"
    "http://www.w3.org/TR/xhtml1/DTD/xhtml1-transitional.dtd">
<html xmlns="http://www.w3.org/1999/xhtml" xml:lang="en" lang="en">
 <head>
  <title>
</title>
<meta http-equiv="Content-Type" content="text/html;charset=utf-8" />
  <meta name='ocr-system' content='tesseract 3.04.00' />
  <meta name='ocr-capabilities' content='ocr_page ocr_carea ocr_par ocr_line ocrx_word'/>
</head>
<body>
  <div class='ocr_page' id='page_1' title='image "./cvaleriuscatull00naudgoog_0225.png"; bbox 0 0 2986 4935; ppageno 0'>
   <div class='ocr_carea' id='block_1_1' title="bbox 165 457 2290 2992">
    <p class='ocr_par' dir='ltr' id='par_1_1' title="bbox 167 457 2275 720">
     <span class='ocr_line' id='line_1_1' title="bbox 795 457 2268 550; baseline 0.001 -26"><span class='ocrx_word' id='word_1_1' title='bbox 795 457 1243 526; x_wconf 82' lang='lat' dir='ltr'><strong>CARMEN</strong></span> <span class='ocrx_word' id='word_1_2' title='bbox 1299 458 1598 524; x_wconf 86' lang='lat' dir='ltr'>LXIII.</span> <span class='ocrx_word' id='word_1_3' title='bbox 2118 480 2268 550; x_wconf 81' lang='lat'>209</span> 
     </span>
     <span class='ocr_line' id='line_1_2' title="bbox 170 586 2275 659; baseline 0.003 -21"><span class='ocrx_word' id='word_1_4' title='bbox 170 589 326 641; x_wconf 75' lang='lat' dir='ltr'>iambus</span> <span class='ocrx_word' id='word_1_5' title='bbox 346 587 662 659; x_wconf 65' lang='lat' dir='ltr'>procedente</span> <span class='ocrx_word' id='word_1_6' title='bbox 682 589 866 640; x_wconf 68' lang='lat' dir='ltr'>enrico.</span> <span class='ocrx_word' id='word_1_7' title='bbox 902 617 982 629; x_wconf 93' lang='lat'>—</span> <span class='ocrx_word' id='word_1_8' title='bbox 1003 587 1092 640; x_wconf 89' lang='lat' dir='ltr'><em>W</em></span> <span class='ocrx_word' id='word_1_9' title='bbox 1084 589 1310 640; x_wconf 74' lang='lat' dir='ltr'>erehesius</span> <span class='ocrx_word' id='word_1_10' title='bbox 1332 586 1621 641; x_wconf 83' lang='lat' dir='ltr'>Galliambi</span> <span class='ocrx_word' id='word_1_11' title='bbox 1646 587 1853 640; x_wconf 76' lang='lat' dir='ltr'>schema</span> <span class='ocrx_word' id='word_1_12' title='bbox 1879 589 2154 644; x_wconf 84' lang='lat' dir='ltr'>metricum</span> <span class='ocrx_word' id='word_1_13' title='bbox 2186 611 2275 644; x_wconf 85' lang='lat' dir='ltr'>ex·</span> 
     </span>
     <span class='ocr_line' id='line_1_3' title="bbox 167 666 460 720; baseline 0 0"><span class='ocrx_word' id='word_1_14' title='bbox 167 666 317 720; x_wconf 81' lang='lat' dir='ltr'>hibuit</span> <span class='ocrx_word' id='word_1_15' title='bbox 332 668 429 720; x_wconf 87' lang='lat' dir='ltr'>hoc</span> <span class='ocrx_word' id='word_1_16' title='bbox 447 686 460 720; x_wconf 78' lang='grc' dir='ltr'><em>τ</em></span> 
     </span>
    </p>

    <p class='ocr_par' dir='ltr' id='par_1_2' title="bbox 690 735 1531 774">
     <span class='ocr_line' id='line_1_4' title="bbox 690 735 1531 774; baseline -0.001 -17"><span class='ocrx_word' id='word_1_17' title='bbox 690 736 776 757; x_wconf 50' lang='grc' dir='ltr'>ΒΨ.</span> <span class='ocrx_word' id='word_1_18' title='bbox 871 738 899 757; x_wconf 66' lang='grc' dir='ltr'><strong><em>υ</em></strong></span> <span class='ocrx_word' id='word_1_19' title='bbox 949 739 972 750; x_wconf 71' lang='lat'><em>⁰</em></span> <span class='ocrx_word' id='word_1_20' title='bbox 1245 737 1267 752; x_wconf 67' lang='lat'><em>⁶</em></span> <span class='ocrx_word' id='word_1_21' title='bbox 1283 738 1345 758; x_wconf 56' lang='lat' dir='ltr'>DV</span> <span class='ocrx_word' id='word_1_22' title='bbox 1384 737 1396 774; x_wconf 53' lang='lat'><strong>⁹</strong></span> <span class='ocrx_word' id='word_1_23' title='bbox 1427 739 1450 749; x_wconf 74' lang='lat'>‘⁹</span> <span class='ocrx_word' id='word_1_24' title='bbox 1465 735 1531 757; x_wconf 58' lang='lat' dir='ltr'>hv</span> 
     </span>
    </p>

    <p class='ocr_par' dir='ltr' id='par_1_3' title="bbox 687 735 1396 976">
     <span class='ocr_line' id='line_1_5' title="bbox 821 735 1396 976; baseline 0.003 -54.622"><span class='ocrx_word' id='word_1_25' title='bbox 821 735 834 941; x_wconf 64' lang='grc' dir='ltr'><strong>ι</strong></span> <span class='ocrx_word' id='word_1_26' title='bbox 1386 775 1396 976; x_wconf 68' lang='grc' dir='ltr'><strong>ι</strong></span> 
     </span>
    </p>

    <p class='ocr_par' dir='ltr' id='par_1_4' title="bbox 825 942 834 974">
     <span class='ocr_line' id='line_1_6' title="bbox 825 942 834 974; baseline 0 0"><span class='ocrx_word' id='word_1_27' title='bbox 825 942 834 974; x_wconf 87' lang='grc' dir='ltr'>ι</span> 
     </span>
    </p>

    <p class='ocr_par' dir='ltr' id='par_1_5' title="bbox 169 1000 2290 2271">
     <span class='ocr_line' id='line_1_7' title="bbox 171 1000 2284 1081; baseline 0.001 -26"><span class='ocrx_word' id='word_1_28' title='bbox 171 1000 260 1055; x_wconf 78' lang='lat' dir='ltr'>Sed</span> <span class='ocrx_word' id='word_1_29' title='bbox 278 1003 352 1058; x_wconf 88' lang='lat' dir='ltr'>cl.</span> <span class='ocrx_word' id='word_1_30' title='bbox 371 1005 558 1056; x_wconf 76' lang='lat' dir='ltr'>Reizius</span> <span class='ocrx_word' id='word_1_31' title='bbox 578 1003 921 1076; x_wconf 75' lang='lat' dir='ltr'>peritissimus</span> <span class='ocrx_word' id='word_1_32' title='bbox 944 1005 1135 1057; x_wconf 87' lang='lat' dir='ltr'>harum</span> <span class='ocrx_word' id='word_1_33' title='bbox 1162 1023 1342 1057; x_wconf 88' lang='lat' dir='ltr'>rerum</span> <span class='ocrx_word' id='word_1_34' title='bbox 1370 1004 1615 1075; x_wconf 81' lang='lat' dir='ltr'>magister</span> <span class='ocrx_word' id='word_1_35' title='bbox 1640 1007 1696 1057; x_wconf 91' lang='lat' dir='ltr'>in</span> <span class='ocrx_word' id='word_1_36' title='bbox 1722 1004 2011 1064; x_wconf 80' lang='lat' dir='ltr'><strong>sententiis,</strong></span> <span class='ocrx_word' id='word_1_37' title='bbox 2037 1026 2165 1078; x_wconf 75' lang='lat' dir='ltr'>quas</span> <span class='ocrx_word' id='word_1_38' title='bbox 2184 1030 2284 1081; x_wconf 83' lang='lat' dir='ltr'>pu.</span> 
     </span>
     <span class='ocr_line' id='line_1_8' title="bbox 170 1082 2285 1155; baseline 0.004 -21"><span class='ocrx_word' id='word_1_39' title='bbox 170 1082 301 1136; x_wconf 70' lang='lat' dir='ltr'>blico</span> <span class='ocrx_word' id='word_1_40' title='bbox 320 1082 684 1137; x_wconf 79' lang='lat' dir='ltr'>examinationi</span> <span class='ocrx_word' id='word_1_41' title='bbox 705 1084 923 1154; x_wconf 88' lang='lat' dir='ltr'>subjecit</span> <span class='ocrx_word' id='word_1_42' title='bbox 945 1084 999 1136; x_wconf 90' lang='lat' dir='ltr'>in</span> <span class='ocrx_word' id='word_1_43' title='bbox 1021 1085 1411 1155; x_wconf 77' lang='lat' dir='ltr'>programmate</span> <span class='ocrx_word' id='word_1_44' title='bbox 1451 1112 1472 1131; x_wconf 75' lang='grc' dir='ltr'>«ι</span> <span class='ocrx_word' id='word_1_45' title='bbox 1496 1082 1763 1137; x_wconf 72' lang='lat' dir='ltr'>Prosodiae</span> <span class='ocrx_word' id='word_1_46' title='bbox 1795 1084 1994 1138; x_wconf 74' lang='lat' dir='ltr'>Graecae</span> <span class='ocrx_word' id='word_1_47' title='bbox 2023 1088 2285 1142; x_wconf 84' lang='lat' dir='ltr'>Accentus</span> 
     </span>
     <span class='ocr_line' id='line_1_9' title="bbox 169 1153 2286 1236; baseline 0.004 -23"><span class='ocrx_word' id='word_1_48' title='bbox 169 1161 417 1215; x_wconf 73' lang='lat' dir='ltr'>Inclinatio</span> <span class='ocrx_word' id='word_1_49' title='bbox 433 1164 745 1236; x_wconf 86' lang='lat' dir='ltr'>Epimetron</span> <span class='ocrx_word' id='word_1_50' title='bbox 768 1164 934 1216; x_wconf 86' lang='lat' dir='ltr'>Partis</span> <span class='ocrx_word' id='word_1_51' title='bbox 953 1165 1035 1215; x_wconf 77' lang='lat'>1.»</span> <span class='ocrx_word' id='word_1_52' title='bbox 1070 1163 1320 1235; x_wconf 83' lang='lat' dir='ltr'>inscripto</span> <span class='ocrx_word' id='word_1_53' title='bbox 1339 1160 1566 1235; x_wconf 71' lang='lat' dir='ltr'>(Lipsiae</span> <span class='ocrx_word' id='word_1_54' title='bbox 1591 1153 1785 1234; x_wconf 78' lang='lat'>178²),</span> <span class='ocrx_word' id='word_1_55' title='bbox 1809 1178 1991 1218; x_wconf 88' lang='lat' dir='ltr'>contra</span> <span class='ocrx_word' id='word_1_56' title='bbox 2015 1167 2105 1218; x_wconf 89' lang='lat' dir='ltr'><em>W</em></span> <span class='ocrx_word' id='word_1_57' title='bbox 2097 1170 2286 1222; x_wconf 73' lang='lat' dir='ltr'>erthesii</span> 
     </span>
     <span class='ocr_line' id='line_1_10' title="bbox 170 1242 2288 1315; baseline 0.004 -21"><span class='ocrx_word' id='word_1_58' title='bbox 170 1242 403 1296; x_wconf 83' lang='lat' dir='ltr'>rationem</span> <span class='ocrx_word' id='word_1_59' title='bbox 430 1243 706 1315; x_wconf 77' lang='lat' dir='ltr'>proposuit</span> <span class='ocrx_word' id='word_1_60' title='bbox 732 1243 904 1296; x_wconf 84' lang='lat' dir='ltr'>banc:</span> <span class='ocrx_word' id='word_1_61' title='bbox 941 1270 963 1291; x_wconf 78' lang='grc' dir='ltr'>ι</span> <span class='ocrx_word' id='word_1_62' title='bbox 988 1243 1095 1309; x_wconf 90' lang='lat' dir='ltr'>Qui</span> <span class='ocrx_word' id='word_1_63' title='bbox 1127 1243 1319 1298; x_wconf 86' lang='lat' dir='ltr'>Catulli</span> <span class='ocrx_word' id='word_1_64' title='bbox 1347 1262 1559 1296; x_wconf 86' lang='lat' dir='ltr'>carmen</span> <span class='ocrx_word' id='word_1_65' title='bbox 1587 1243 1655 1297; x_wconf 88' lang='lat' dir='ltr'>de</span> <span class='ocrx_word' id='word_1_66' title='bbox 1683 1245 1859 1296; x_wconf 86' lang='lat' dir='ltr'>Attiue</span> <span class='ocrx_word' id='word_1_67' title='bbox 1887 1245 2042 1298; x_wconf 78' lang='lat' dir='ltr'>vertit</span> <span class='ocrx_word' id='word_1_68' title='bbox 2069 1246 2125 1299; x_wconf 93' lang='lat' dir='ltr'>in</span> <span class='ocrx_word' id='word_1_69' title='bbox 2153 1249 2288 1302; x_wconf 89' lang='lat' dir='ltr'>Ger·</span> 
     </span>
     <span class='ocr_line' id='line_1_11' title="bbox 171 1322 2285 1395; baseline 0.004 -22"><span class='ocrx_word' id='word_1_70' title='bbox 171 1322 437 1389; x_wconf 76' lang='lat' dir='ltr'>manicam,</span> <span class='ocrx_word' id='word_1_71' title='bbox 464 1337 516 1377; x_wconf 86' lang='lat' dir='ltr'>et</span> <span class='ocrx_word' id='word_1_72' title='bbox 554 1323 754 1394; x_wconf 90' lang='lat' dir='ltr'>optime</span> <span class='ocrx_word' id='word_1_73' title='bbox 792 1325 1162 1394; x_wconf 85' lang='lat' dir='ltr'>interpretatus</span> <span class='ocrx_word' id='word_1_74' title='bbox 1194 1335 1269 1376; x_wconf 87' lang='lat' dir='ltr'>est</span> <span class='ocrx_word' id='word_1_75' title='bbox 1301 1322 1388 1374; x_wconf 92' lang='lat' dir='ltr'><em>W</em></span> <span class='ocrx_word' id='word_1_76' title='bbox 1383 1324 1609 1376; x_wconf 77' lang='lat' dir='ltr'>erthesius</span> <span class='ocrx_word' id='word_1_77' title='bbox 1627 1367 1642 1387; x_wconf 89' lang='lat'><em>‚</em></span> <span class='ocrx_word' id='word_1_78' title='bbox 1676 1324 1733 1376; x_wconf 88' lang='lat' dir='ltr'>in</span> <span class='ocrx_word' id='word_1_79' title='bbox 1766 1324 2083 1395; x_wconf 85' lang='lat' dir='ltr'>exponendo</span> <span class='ocrx_word' id='word_1_80' title='bbox 2113 1342 2285 1383; x_wconf 87' lang='lat' dir='ltr'>metro</span> 
     </span>
     <span class='ocr_line' id='line_1_12' title="bbox 171 1400 2288 1470; baseline 0.004 -16"><span class='ocrx_word' id='word_1_81' title='bbox 171 1400 439 1455; x_wconf 82' lang='lat' dir='ltr'>Galliambo</span> <span class='ocrx_word' id='word_1_82' title='bbox 471 1402 809 1457; x_wconf 80' lang='lat' dir='ltr'>vehementer</span> <span class='ocrx_word' id='word_1_83' title='bbox 849 1421 877 1454; x_wconf 86' lang='lat' dir='ltr'>a</span> <span class='ocrx_word' id='word_1_84' title='bbox 911 1403 1127 1455; x_wconf 81' lang='lat' dir='ltr'>veritate</span> <span class='ocrx_word' id='word_1_85' title='bbox 1160 1402 1454 1470; x_wconf 82' lang='lat' dir='ltr'>aberravit,</span> <span class='ocrx_word' id='word_1_86' title='bbox 1498 1403 1655 1457; x_wconf 89' lang='lat' dir='ltr'>metri</span> <span class='ocrx_word' id='word_1_87' title='bbox 1691 1421 1885 1457; x_wconf 63' lang='lat' dir='ltr'>casura</span> <span class='ocrx_word' id='word_1_88' title='bbox 1921 1404 2155 1458; x_wconf 87' lang='lat' dir='ltr'>tollenda</span> <span class='ocrx_word' id='word_1_89' title='bbox 2175 1448 2191 1470; x_wconf 91' lang='lat'>,</span> <span class='ocrx_word' id='word_1_90' title='bbox 2234 1423 2288 1462; x_wconf 89' lang='lat' dir='ltr'>et</span> 
     </span>
     <span class='ocr_line' id='line_1_13' title="bbox 171 1481 2288 1559; baseline 0.005 -29"><span class='ocrx_word' id='word_1_91' title='bbox 171 1482 265 1551; x_wconf 77' lang='lat' dir='ltr'>ejus</span> <span class='ocrx_word' id='word_1_92' title='bbox 287 1482 443 1534; x_wconf 85' lang='lat' dir='ltr'>tribus</span> <span class='ocrx_word' id='word_1_93' title='bbox 468 1482 672 1536; x_wconf 77' lang='lat' dir='ltr'>ultimis</span> <span class='ocrx_word' id='word_1_94' title='bbox 692 1481 919 1553; x_wconf 85' lang='lat' dir='ltr'>pedibus</span> <span class='ocrx_word' id='word_1_95' title='bbox 934 1521 952 1546; x_wconf 91' lang='lat'>,</span> <span class='ocrx_word' id='word_1_96' title='bbox 982 1496 1246 1553; x_wconf 75' lang='lat' dir='ltr'>anapaesto</span> <span class='ocrx_word' id='word_1_97' title='bbox 1278 1495 1329 1535; x_wconf 92' lang='lat' dir='ltr'>et</span> <span class='ocrx_word' id='word_1_98' title='bbox 1357 1481 1567 1536; x_wconf 82' lang='lat' dir='ltr'>duobus</span> <span class='ocrx_word' id='word_1_99' title='bbox 1594 1484 1782 1537; x_wconf 77' lang='lat' dir='ltr'>iambis</span> <span class='ocrx_word' id='word_1_100' title='bbox 1805 1483 1861 1535; x_wconf 92' lang='lat' dir='ltr'>in</span> <span class='ocrx_word' id='word_1_101' title='bbox 1890 1482 2025 1537; x_wconf 82' lang='lat' dir='ltr'>duos</span> <span class='ocrx_word' id='word_1_102' title='bbox 2047 1484 2288 1559; x_wconf 79' lang='lat' dir='ltr'>dactylos</span> 
     </span>
     <span class='ocr_line' id='line_1_14' title="bbox 172 1560 2284 1634; baseline 0.005 -24"><span class='ocrx_word' id='word_1_103' title='bbox 172 1571 216 1611; x_wconf 83' lang='lat' dir='ltr'>et</span> <span class='ocrx_word' id='word_1_104' title='bbox 240 1573 544 1633; x_wconf 63' lang='lat' dir='ltr'>anapestum</span> <span class='ocrx_word' id='word_1_105' title='bbox 580 1560 862 1614; x_wconf 80' lang='lat' dir='ltr'>vertendis.</span> <span class='ocrx_word' id='word_1_106' title='bbox 900 1563 1025 1615; x_wconf 90' lang='lat' dir='ltr'>Non</span> <span class='ocrx_word' id='word_1_107' title='bbox 1057 1562 1337 1633; x_wconf 80' lang='lat' dir='ltr'>cogitavit,</span> <span class='ocrx_word' id='word_1_108' title='bbox 1370 1581 1622 1615; x_wconf 77' lang='lat' dir='ltr'>caesuram</span> <span class='ocrx_word' id='word_1_109' title='bbox 1652 1582 1763 1615; x_wconf 85' lang='lat' dir='ltr'>esse</span> <span class='ocrx_word' id='word_1_110' title='bbox 1794 1562 2097 1634; x_wconf 86' lang='lat' dir='ltr'>duplicem:</span> <span class='ocrx_word' id='word_1_111' title='bbox 2130 1567 2284 1620; x_wconf 82' lang='lat' dir='ltr'>aliam</span> 
     </span>
     <span class='ocr_line' id='line_1_15' title="bbox 170 1637 2283 1714; baseline 0.003 -21"><span class='ocrx_word' id='word_1_112' title='bbox 170 1637 384 1709; x_wconf 78' lang='lat' dir='ltr'>pedicam</span> <span class='ocrx_word' id='word_1_113' title='bbox 400 1680 416 1703; x_wconf 91' lang='lat'>,</span> <span class='ocrx_word' id='word_1_114' title='bbox 441 1654 501 1695; x_wconf 90' lang='lat' dir='ltr'>ut</span> <span class='ocrx_word' id='word_1_115' title='bbox 522 1641 818 1694; x_wconf 81' lang='lat' dir='ltr'>hexametri</span> <span class='ocrx_word' id='word_1_116' title='bbox 836 1681 852 1708; x_wconf 83' lang='lat'>,</span> <span class='ocrx_word' id='word_1_117' title='bbox 875 1642 1033 1694; x_wconf 89' lang='lat' dir='ltr'>aliam</span> <span class='ocrx_word' id='word_1_118' title='bbox 1061 1661 1187 1694; x_wconf 83' lang='lat' dir='ltr'>vero</span> <span class='ocrx_word' id='word_1_119' title='bbox 1213 1641 1487 1694; x_wconf 86' lang='lat' dir='ltr'>metricam</span> <span class='ocrx_word' id='word_1_120' title='bbox 1504 1683 1519 1707; x_wconf 90' lang='lat'>,</span> <span class='ocrx_word' id='word_1_121' title='bbox 1552 1657 1610 1696; x_wconf 89' lang='lat' dir='ltr'>ut</span> <span class='ocrx_word' id='word_1_122' title='bbox 1635 1643 1970 1714; x_wconf 81' lang='lat' dir='ltr'>pentametri.</span> <span class='ocrx_word' id='word_1_123' title='bbox 2005 1643 2202 1700; x_wconf 85' lang='lat' dir='ltr'>Podica</span> <span class='ocrx_word' id='word_1_124' title='bbox 2228 1647 2283 1699; x_wconf 90' lang='lat' dir='ltr'>in</span> 
     </span>
     <span class='ocr_line' id='line_1_16' title="bbox 170 1716 2282 1796; baseline 0.003 -24"><span class='ocrx_word' id='word_1_125' title='bbox 170 1716 285 1787; x_wconf 79' lang='lat' dir='ltr'>pede</span> <span class='ocrx_word' id='word_1_126' title='bbox 312 1721 577 1792; x_wconf 82' lang='lat' dir='ltr'>trisyllabo</span> <span class='ocrx_word' id='word_1_127' title='bbox 605 1722 661 1773; x_wconf 88' lang='lat' dir='ltr'>in</span> <span class='ocrx_word' id='word_1_128' title='bbox 694 1721 1000 1774; x_wconf 80' lang='lat' dir='ltr'>alterutram</span> <span class='ocrx_word' id='word_1_129' title='bbox 1029 1740 1059 1773; x_wconf 90' lang='lat' dir='ltr'>e</span> <span class='ocrx_word' id='word_1_130' title='bbox 1086 1719 1292 1774; x_wconf 82' lang='lat' dir='ltr'>duabus</span> <span class='ocrx_word' id='word_1_131' title='bbox 1319 1722 1587 1793; x_wconf 87' lang='lat' dir='ltr'>prioribus</span> <span class='ocrx_word' id='word_1_132' title='bbox 1613 1721 1827 1794; x_wconf 75' lang='lat' dir='ltr'>syllabis</span> <span class='ocrx_word' id='word_1_133' title='bbox 1857 1722 2044 1778; x_wconf 76' lang='lat' dir='ltr'>cadere</span> <span class='ocrx_word' id='word_1_134' title='bbox 2074 1740 2282 1796; x_wconf 80' lang='lat' dir='ltr'>potest:</span> 
     </span>
     <span class='ocr_line' id='line_1_17' title="bbox 169 1799 2286 1873; baseline 0.005 -23"><span class='ocrx_word' id='word_1_135' title='bbox 169 1800 357 1853; x_wconf 83' lang='lat' dir='ltr'>metrica</span> <span class='ocrx_word' id='word_1_136' title='bbox 387 1800 521 1854; x_wconf 84' lang='lat' dir='ltr'>nihil</span> <span class='ocrx_word' id='word_1_137' title='bbox 547 1799 746 1865; x_wconf 80' lang='lat' dir='ltr'>variat,</span> <span class='ocrx_word' id='word_1_138' title='bbox 785 1813 845 1854; x_wconf 91' lang='lat' dir='ltr'>ut</span> <span class='ocrx_word' id='word_1_139' title='bbox 880 1820 978 1854; x_wconf 90' lang='lat' dir='ltr'>nec</span> <span class='ocrx_word' id='word_1_140' title='bbox 1011 1801 1067 1853; x_wconf 85' lang='lat' dir='ltr'>in</span> <span class='ocrx_word' id='word_1_141' title='bbox 1106 1800 1438 1865; x_wconf 89' lang='lat' dir='ltr'>Galliamb0‚</span> <span class='ocrx_word' id='word_1_142' title='bbox 1470 1802 1563 1873; x_wconf 85' lang='lat' dir='ltr'>qui</span> <span class='ocrx_word' id='word_1_143' title='bbox 1594 1821 1707 1855; x_wconf 90' lang='lat' dir='ltr'>eam</span> <span class='ocrx_word' id='word_1_144' title='bbox 1745 1802 1916 1854; x_wconf 88' lang='lat' dir='ltr'>habet.</span> <span class='ocrx_word' id='word_1_145' title='bbox 1950 1804 2071 1856; x_wconf 85' lang='lat' dir='ltr'>Non</span> <span class='ocrx_word' id='word_1_146' title='bbox 2100 1803 2286 1861; x_wconf 87' lang='lat' dir='ltr'>debuit</span> 
     </span>
     <span class='ocr_line' id='line_1_18' title="bbox 170 1877 2285 1953; baseline 0.006 -24"><span class='ocrx_word' id='word_1_147' title='bbox 170 1877 306 1948; x_wconf 79' lang='lat' dir='ltr'>igitur</span> <span class='ocrx_word' id='word_1_148' title='bbox 326 1880 608 1934; x_wconf 88' lang='lat' dir='ltr'>Galliambi</span> <span class='ocrx_word' id='word_1_149' title='bbox 633 1899 883 1933; x_wconf 76' lang='lat' dir='ltr'>caesuram</span> <span class='ocrx_word' id='word_1_150' title='bbox 902 1919 917 1945; x_wconf 98' lang='lat'>,</span> <span class='ocrx_word' id='word_1_151' title='bbox 949 1900 1068 1952; x_wconf 60' lang='lat' dir='ltr'>quat</span> <span class='ocrx_word' id='word_1_152' title='bbox 1094 1881 1310 1933; x_wconf 86' lang='lat' dir='ltr'>metrica</span> <span class='ocrx_word' id='word_1_153' title='bbox 1338 1894 1413 1933; x_wconf 86' lang='lat' dir='ltr'>est</span> <span class='ocrx_word' id='word_1_154' title='bbox 1429 1920 1444 1945; x_wconf 91' lang='lat'>,</span> <span class='ocrx_word' id='word_1_155' title='bbox 1471 1877 1719 1953; x_wconf 88' lang='lat' dir='ltr'>podicam</span> <span class='ocrx_word' id='word_1_156' title='bbox 1748 1883 1932 1936; x_wconf 87' lang='lat' dir='ltr'>facere.</span> <span class='ocrx_word' id='word_1_157' title='bbox 1959 1910 1980 1930; x_wconf 73' lang='grc' dir='ltr'>ι</span> <span class='ocrx_word' id='word_1_158' title='bbox 2010 1916 2088 1928; x_wconf 88' lang='lat'>--</span> <span class='ocrx_word' id='word_1_159' title='bbox 2114 1887 2285 1940; x_wconf 71' lang='lat' dir='ltr'>Caete·</span> 
     </span>
     <span class='ocr_line' id='line_1_19' title="bbox 171 1959 2287 2034; baseline 0.004 -24"><span class='ocrx_word' id='word_1_160' title='bbox 171 1976 269 2011; x_wconf 85' lang='lat' dir='ltr'>rum</span> <span class='ocrx_word' id='word_1_161' title='bbox 292 1959 357 2013; x_wconf 85' lang='lat' dir='ltr'>ad</span> <span class='ocrx_word' id='word_1_162' title='bbox 379 1959 482 2014; x_wconf 87' lang='lat' dir='ltr'>hoc</span> <span class='ocrx_word' id='word_1_163' title='bbox 505 1960 871 2014; x_wconf 86' lang='lat' dir='ltr'>Catullianum</span> <span class='ocrx_word' id='word_1_164' title='bbox 895 1961 1201 2030; x_wconf 89' lang='lat' dir='ltr'>exemplum</span> <span class='ocrx_word' id='word_1_165' title='bbox 1234 1980 1332 2032; x_wconf 85' lang='lat' dir='ltr'>pro</span> <span class='ocrx_word' id='word_1_166' title='bbox 1363 1961 1613 2031; x_wconf 75' lang='lat' dir='ltr'>singulari</span> <span class='ocrx_word' id='word_1_167' title='bbox 1632 1999 1647 2025; x_wconf 98' lang='lat'>,</span> <span class='ocrx_word' id='word_1_168' title='bbox 1675 1981 1781 2032; x_wconf 83' lang='lat' dir='ltr'>qua</span> <span class='ocrx_word' id='word_1_169' title='bbox 1804 1963 2071 2034; x_wconf 84' lang='lat' dir='ltr'>pollebat,</span> <span class='ocrx_word' id='word_1_170' title='bbox 2095 1966 2287 2019; x_wconf 86' lang='lat' dir='ltr'>Roma·</span> 
     </span>
     <span class='ocr_line' id='line_1_20' title="bbox 170 2039 2288 2115; baseline 0.006 -28"><span class='ocrx_word' id='word_1_171' title='bbox 170 2055 237 2089; x_wconf 69' lang='lat' dir='ltr'>nn</span> <span class='ocrx_word' id='word_1_172' title='bbox 254 2039 509 2111; x_wconf 75' lang='lat' dir='ltr'>elegantiae</span> <span class='ocrx_word' id='word_1_173' title='bbox 533 2040 726 2112; x_wconf 87' lang='lat' dir='ltr'>peritia</span> <span class='ocrx_word' id='word_1_174' title='bbox 743 2077 759 2102; x_wconf 86' lang='lat'>,</span> <span class='ocrx_word' id='word_1_175' title='bbox 790 2040 1144 2093; x_wconf 83' lang='lat' dir='ltr'>Galliambico</span> <span class='ocrx_word' id='word_1_176' title='bbox 1167 2059 1355 2111; x_wconf 85' lang='lat' dir='ltr'>genere</span> <span class='ocrx_word' id='word_1_177' title='bbox 1386 2059 1597 2093; x_wconf 87' lang='lat' dir='ltr'>carmen</span> <span class='ocrx_word' id='word_1_178' title='bbox 1628 2041 1683 2092; x_wconf 91' lang='lat' dir='ltr'>in</span> <span class='ocrx_word' id='word_1_179' title='bbox 1716 2042 1960 2093; x_wconf 78' lang='lat' dir='ltr'>Bacchum</span> <span class='ocrx_word' id='word_1_180' title='bbox 1986 2045 2288 2115; x_wconf 86' lang='lat' dir='ltr'>composuit</span> 
     </span>
     <span class='ocr_line' id='line_1_21' title="bbox 171 2115 2290 2191; baseline 0.005 -23"><span class='ocrx_word' id='word_1_181' title='bbox 171 2115 360 2171; x_wconf 70' lang='lat' dir='ltr'>Mantus</span> <span class='ocrx_word' id='word_1_182' title='bbox 375 2161 393 2185; x_wconf 90' lang='lat'>,</span> <span class='ocrx_word' id='word_1_183' title='bbox 418 2121 563 2174; x_wconf 84' lang='lat' dir='ltr'>notis</span> <span class='ocrx_word' id='word_1_184' title='bbox 586 2122 699 2189; x_wconf 84' lang='lat' dir='ltr'>ejus</span> <span class='ocrx_word' id='word_1_185' title='bbox 722 2118 975 2171; x_wconf 86' lang='lat' dir='ltr'>insertum</span> <span class='ocrx_word' id='word_1_186' title='bbox 995 2160 1010 2184; x_wconf 92' lang='lat'>,</span> <span class='ocrx_word' id='word_1_187' title='bbox 1040 2133 1095 2173; x_wconf 90' lang='lat' dir='ltr'>et</span> <span class='ocrx_word' id='word_1_188' title='bbox 1112 2159 1127 2185; x_wconf 94' lang='lat'>,</span> <span class='ocrx_word' id='word_1_189' title='bbox 1150 2118 1292 2191; x_wconf 89' lang='lat' dir='ltr'>quod</span> <span class='ocrx_word' id='word_1_190' title='bbox 1317 2117 1383 2171; x_wconf 87' lang='lat' dir='ltr'>ab</span> <span class='ocrx_word' id='word_1_191' title='bbox 1408 2119 1657 2172; x_wconf 83' lang='lat' dir='ltr'>omnibus</span> <span class='ocrx_word' id='word_1_192' title='bbox 1676 2121 1959 2190; x_wconf 85' lang='lat' dir='ltr'>juvenibus</span> <span class='ocrx_word' id='word_1_193' title='bbox 1985 2119 2290 2177; x_wconf 87' lang='lat' dir='ltr'>delectatio-</span> 
     </span>
     <span class='ocr_line' id='line_1_22' title="bbox 170 2196 1756 2271; baseline 0.001 -21"><span class='ocrx_word' id='word_1_194' title='bbox 170 2196 238 2250; x_wconf 80' lang='lat' dir='ltr'>nis</span> <span class='ocrx_word' id='word_1_195' title='bbox 266 2217 414 2253; x_wconf 80' lang='lat' dir='ltr'>causa</span> <span class='ocrx_word' id='word_1_196' title='bbox 437 2202 647 2271; x_wconf 75' lang='lat' dir='ltr'>legatur</span> <span class='ocrx_word' id='word_1_197' title='bbox 664 2238 680 2266; x_wconf 90' lang='lat'>,</span> <span class='ocrx_word' id='word_1_198' title='bbox 709 2197 1099 2269; x_wconf 84' lang='lat' dir='ltr'>dignissimum.</span> <span class='ocrx_word' id='word_1_199' title='bbox 1131 2200 1395 2253; x_wconf 85' lang='lat' dir='ltr'>Hactenus</span> <span class='ocrx_word' id='word_1_200' title='bbox 1423 2200 1756 2271; x_wconf 82' lang='lat' dir='ltr'>Doeringius.</span> 
     </span>
    </p>

    <p class='ocr_par' dir='ltr' id='par_1_6' title="bbox 165 2277 2290 2992">
     <span class='ocr_line' id='line_1_23' title="bbox 236 2277 2286 2350; baseline 0.002 -19"><span class='ocrx_word' id='word_1_201' title='bbox 236 2277 399 2342; x_wconf 81' lang='lat' dir='ltr'>Quare</span> <span class='ocrx_word' id='word_1_202' title='bbox 424 2292 570 2333; x_wconf 81' lang='lat' dir='ltr'>tanta</span> <span class='ocrx_word' id='word_1_203' title='bbox 602 2293 812 2350; x_wconf 86' lang='lat' dir='ltr'>tamque</span> <span class='ocrx_word' id='word_1_204' title='bbox 842 2279 1084 2332; x_wconf 85' lang='lat' dir='ltr'>intricata</span> <span class='ocrx_word' id='word_1_205' title='bbox 1113 2279 1398 2332; x_wconf 85' lang='lat' dir='ltr'>certamina</span> <span class='ocrx_word' id='word_1_206' title='bbox 1431 2279 1567 2331; x_wconf 87' lang='lat' dir='ltr'>inter</span> <span class='ocrx_word' id='word_1_207' title='bbox 1600 2298 1652 2331; x_wconf 89' lang='lat' dir='ltr'>se</span> <span class='ocrx_word' id='word_1_208' title='bbox 1684 2279 1948 2332; x_wconf 80' lang='lat' dir='ltr'>moverint</span> <span class='ocrx_word' id='word_1_209' title='bbox 1975 2278 2119 2334; x_wconf 91' lang='lat' dir='ltr'>docti</span> <span class='ocrx_word' id='word_1_210' title='bbox 2146 2283 2286 2349; x_wconf 82' lang='lat' dir='ltr'>viri,</span> 
     </span>
     <span class='ocr_line' id='line_1_24' title="bbox 166 2357 2286 2429; baseline 0.004 -21"><span class='ocrx_word' id='word_1_211' title='bbox 166 2374 315 2429; x_wconf 85' lang='lat' dir='ltr'>neque</span> <span class='ocrx_word' id='word_1_212' title='bbox 337 2357 405 2412; x_wconf 87' lang='lat' dir='ltr'>ad</span> <span class='ocrx_word' id='word_1_213' title='bbox 430 2360 614 2414; x_wconf 85' lang='lat' dir='ltr'>locum</span> <span class='ocrx_word' id='word_1_214' title='bbox 645 2357 917 2411; x_wconf 81' lang='lat' dir='ltr'>classicum</span> <span class='ocrx_word' id='word_1_215' title='bbox 951 2359 1256 2412; x_wconf 86' lang='lat' dir='ltr'>Terentiani</span> <span class='ocrx_word' id='word_1_216' title='bbox 1287 2358 1495 2422; x_wconf 86' lang='lat' dir='ltr'>Mauri,</span> <span class='ocrx_word' id='word_1_217' title='bbox 1522 2358 1616 2429; x_wconf 86' lang='lat' dir='ltr'>qui</span> <span class='ocrx_word' id='word_1_218' title='bbox 1642 2359 1789 2411; x_wconf 88' lang='lat' dir='ltr'>litem</span> <span class='ocrx_word' id='word_1_219' title='bbox 1823 2379 2037 2413; x_wconf 87' lang='lat' dir='ltr'>omnem</span> <span class='ocrx_word' id='word_1_220' title='bbox 2064 2359 2286 2417; x_wconf 87' lang='lat' dir='ltr'>dirime·</span> 
     </span>
     <span class='ocr_line' id='line_1_25' title="bbox 168 2434 2290 2513; baseline 0.004 -24"><span class='ocrx_word' id='word_1_221' title='bbox 168 2434 270 2503; x_wconf 82' lang='lat' dir='ltr'>bat,</span> <span class='ocrx_word' id='word_1_222' title='bbox 296 2440 648 2513; x_wconf 84' lang='lat' dir='ltr'>respexerint,</span> <span class='ocrx_word' id='word_1_223' title='bbox 684 2457 793 2491; x_wconf 91' lang='lat' dir='ltr'>non</span> <span class='ocrx_word' id='word_1_224' title='bbox 831 2438 951 2492; x_wconf 81' lang='lat' dir='ltr'>satis</span> <span class='ocrx_word' id='word_1_225' title='bbox 986 2439 1240 2511; x_wconf 86' lang='lat' dir='ltr'>intelligo.</span> <span class='ocrx_word' id='word_1_226' title='bbox 1285 2440 1747 2511; x_wconf 86' lang='lat' dir='ltr'>Quantascumque</span> <span class='ocrx_word' id='word_1_227' title='bbox 1781 2439 1942 2510; x_wconf 80' lang='lat' dir='ltr'>igitur</span> <span class='ocrx_word' id='word_1_228' title='bbox 1975 2440 2290 2497; x_wconf 82' lang='lat' dir='ltr'>eruditionis</span> 
     </span>
     <span class='ocr_line' id='line_1_26' title="bbox 169 2518 2284 2592; baseline 0.005 -25"><span class='ocrx_word' id='word_1_229' title='bbox 169 2534 277 2587; x_wconf 82' lang='lat' dir='ltr'>opes</span> <span class='ocrx_word' id='word_1_230' title='bbox 299 2520 555 2592; x_wconf 83' lang='lat' dir='ltr'>explicent</span> <span class='ocrx_word' id='word_1_231' title='bbox 580 2531 635 2572; x_wconf 91' lang='lat' dir='ltr'>et</span> <span class='ocrx_word' id='word_1_232' title='bbox 661 2518 921 2589; x_wconf 88' lang='lat' dir='ltr'>Vulpius,</span> <span class='ocrx_word' id='word_1_233' title='bbox 945 2532 998 2572; x_wconf 90' lang='lat' dir='ltr'>et</span> <span class='ocrx_word' id='word_1_234' title='bbox 1020 2520 1389 2588; x_wconf 86' lang='lat' dir='ltr'>Werthesius,</span> <span class='ocrx_word' id='word_1_235' title='bbox 1417 2533 1469 2571; x_wconf 90' lang='lat' dir='ltr'>et</span> <span class='ocrx_word' id='word_1_236' title='bbox 1511 2519 1742 2577; x_wconf 60' lang='lat' dir='ltr'>Remus,</span> <span class='ocrx_word' id='word_1_237' title='bbox 1770 2521 2074 2574; x_wconf 86' lang='lat' dir='ltr'>Terentiani</span> <span class='ocrx_word' id='word_1_238' title='bbox 2113 2536 2284 2577; x_wconf 88' lang='lat' dir='ltr'>tamen</span> 
     </span>
     <span class='ocr_line' id='line_1_27' title="bbox 167 2596 2285 2673; baseline 0.005 -26"><span class='ocrx_word' id='word_1_239' title='bbox 167 2596 508 2668; x_wconf 73' lang='lat' dir='ltr'>elegantissimi</span> <span class='ocrx_word' id='word_1_240' title='bbox 538 2617 666 2653; x_wconf 81' lang='lat' dir='ltr'>sane</span> <span class='ocrx_word' id='word_1_241' title='bbox 692 2612 743 2651; x_wconf 91' lang='lat' dir='ltr'>et</span> <span class='ocrx_word' id='word_1_242' title='bbox 771 2598 961 2670; x_wconf 87' lang='lat' dir='ltr'>optimi</span> <span class='ocrx_word' id='word_1_243' title='bbox 1003 2601 1231 2653; x_wconf 82' lang='lat' dir='ltr'>metricae</span> <span class='ocrx_word' id='word_1_244' title='bbox 1263 2599 1390 2652; x_wconf 84' lang='lat' dir='ltr'>artis</span> <span class='ocrx_word' id='word_1_245' title='bbox 1420 2600 1683 2670; x_wconf 82' lang='lat' dir='ltr'>magistri,</span> <span class='ocrx_word' id='word_1_246' title='bbox 1718 2601 1810 2673; x_wconf 87' lang='lat' dir='ltr'>qui</span> <span class='ocrx_word' id='word_1_247' title='bbox 1845 2619 1910 2652; x_wconf 86' lang='lat' dir='ltr'>ex</span> <span class='ocrx_word' id='word_1_248' title='bbox 1946 2603 2183 2672; x_wconf 76' lang='lat' dir='ltr'>professo</span> <span class='ocrx_word' id='word_1_249' title='bbox 2217 2603 2285 2657; x_wconf 86' lang='lat' dir='ltr'>de</span> 
     </span>
     <span class='ocr_line' id='line_1_28' title="bbox 169 2676 2285 2752; baseline 0.005 -24"><span class='ocrx_word' id='word_1_250' title='bbox 169 2676 306 2729; x_wconf 81' lang='lat' dir='ltr'>variis</span> <span class='ocrx_word' id='word_1_251' title='bbox 327 2678 661 2733; x_wconf 62' lang='lat' dir='ltr'>versificandi</span> <span class='ocrx_word' id='word_1_252' title='bbox 693 2677 867 2731; x_wconf 86' lang='lat' dir='ltr'>modis</span> <span class='ocrx_word' id='word_1_253' title='bbox 892 2691 942 2730; x_wconf 85' lang='lat' dir='ltr'>et</span> <span class='ocrx_word' id='word_1_254' title='bbox 964 2679 1166 2750; x_wconf 82' lang='lat' dir='ltr'>legibus</span> <span class='ocrx_word' id='word_1_255' title='bbox 1194 2677 1336 2750; x_wconf 87' lang='lat' dir='ltr'>apud</span> <span class='ocrx_word' id='word_1_256' title='bbox 1364 2679 1580 2731; x_wconf 86' lang='lat' dir='ltr'>Latinos</span> <span class='ocrx_word' id='word_1_257' title='bbox 1609 2681 1799 2732; x_wconf 88' lang='lat' dir='ltr'>latinus</span> <span class='ocrx_word' id='word_1_258' title='bbox 1824 2681 1934 2752; x_wconf 83' lang='lat' dir='ltr'>ipse</span> <span class='ocrx_word' id='word_1_259' title='bbox 1962 2681 2285 2737; x_wconf 87' lang='lat' dir='ltr'>didacticum</span> 
     </span>
     <span class='ocr_line' id='line_1_29' title="bbox 167 2750 2284 2835; baseline 0.003 -27"><span class='ocrx_word' id='word_1_260' title='bbox 167 2773 311 2827; x_wconf 82' lang='lat' dir='ltr'>opus,</span> <span class='ocrx_word' id='word_1_261' title='bbox 330 2777 437 2811; x_wconf 88' lang='lat' dir='ltr'>non</span> <span class='ocrx_word' id='word_1_262' title='bbox 469 2758 790 2830; x_wconf 85' lang='lat' dir='ltr'>conjecturis</span> <span class='ocrx_word' id='word_1_263' title='bbox 820 2771 879 2810; x_wconf 86' lang='lat' dir='ltr'>ut</span> <span class='ocrx_word' id='word_1_264' title='bbox 909 2758 977 2811; x_wconf 89' lang='lat' dir='ltr'>de</span> <span class='ocrx_word' id='word_1_265' title='bbox 1017 2778 1076 2811; x_wconf 90' lang='lat' dir='ltr'>re</span> <span class='ocrx_word' id='word_1_266' title='bbox 1098 2760 1314 2831; x_wconf 88' lang='lat' dir='ltr'>antiqua</span> <span class='ocrx_word' id='word_1_267' title='bbox 1356 2773 1407 2811; x_wconf 87' lang='lat' dir='ltr'>et</span> <span class='ocrx_word' id='word_1_268' title='bbox 1442 2757 1706 2824; x_wconf 86' lang='lat' dir='ltr'>obsoleta,</span> <span class='ocrx_word' id='word_1_269' title='bbox 1742 2759 1833 2813; x_wconf 84' lang='lat' dir='ltr'>sed</span> <span class='ocrx_word' id='word_1_270' title='bbox 1861 2763 2119 2834; x_wconf 87' lang='lat' dir='ltr'>exemplis</span> <span class='ocrx_word' id='word_1_271' title='bbox 2149 2750 2284 2835; x_wconf 53' lang='lat' dir='ltr'>praess</span> 
     </span>
     <span class='ocr_line' id='line_1_30' title="bbox 167 2835 2284 2910; baseline 0.004 -24"><span class='ocrx_word' id='word_1_272' title='bbox 167 2835 373 2890; x_wconf 75' lang='lat' dir='ltr'>sentibus</span> <span class='ocrx_word' id='word_1_273' title='bbox 400 2838 791 2909; x_wconf 82' lang='lat' dir='ltr'>composuerit,</span> <span class='ocrx_word' id='word_1_274' title='bbox 811 2838 1109 2890; x_wconf 84' lang='lat' dir='ltr'>auctoritati</span> <span class='ocrx_word' id='word_1_275' title='bbox 1137 2839 1303 2910; x_wconf 85' lang='lat' dir='ltr'>magis</span> <span class='ocrx_word' id='word_1_276' title='bbox 1332 2837 1679 2891; x_wconf 80' lang='lat' dir='ltr'>deferendum</span> <span class='ocrx_word' id='word_1_277' title='bbox 1701 2859 1808 2892; x_wconf 90' lang='lat' dir='ltr'>esse</span> <span class='ocrx_word' id='word_1_278' title='bbox 1827 2854 1878 2894; x_wconf 88' lang='lat' dir='ltr'>et</span> <span class='ocrx_word' id='word_1_279' title='bbox 1904 2841 2284 2896; x_wconf 75' lang='lat' dir='ltr'>confidendum</span> 
     </span>
     <span class='ocr_line' id='line_1_31' title="bbox 165 2914 2286 2992; baseline 0.003 -23"><span class='ocrx_word' id='word_1_280' title='bbox 165 2914 350 2985; x_wconf 77' lang='lat' dir='ltr'>opinor.</span> <span class='ocrx_word' id='word_1_281' title='bbox 381 2917 531 2991; x_wconf 72' lang='lat' dir='ltr'>Quas</span> <span class='ocrx_word' id='word_1_282' title='bbox 570 2917 858 2970; x_wconf 82' lang='lat' dir='ltr'>Galliambi</span> <span class='ocrx_word' id='word_1_283' title='bbox 897 2936 1076 2969; x_wconf 83' lang='lat' dir='ltr'>versus</span> <span class='ocrx_word' id='word_1_284' title='bbox 1107 2919 1276 2971; x_wconf 84' lang='lat' dir='ltr'>forma</span> <span class='ocrx_word' id='word_1_285' title='bbox 1312 2919 1375 2971; x_wconf 84' lang='lat' dir='ltr'>sit</span> <span class='ocrx_word' id='word_1_286' title='bbox 1415 2931 1465 2970; x_wconf 89' lang='lat' dir='ltr'>et</span> <span class='ocrx_word' id='word_1_287' title='bbox 1506 2931 1718 2982; x_wconf 85' lang='lat' dir='ltr'>natura,</span> <span class='ocrx_word' id='word_1_288' title='bbox 1755 2919 1827 2972; x_wconf 89' lang='lat' dir='ltr'>ita</span> <span class='ocrx_word' id='word_1_289' title='bbox 1866 2922 2107 2991; x_wconf 90' lang='lat' dir='ltr'>exponit,</span> <span class='ocrx_word' id='word_1_290' title='bbox 2141 2936 2286 2992; x_wconf 82' lang='lat' dir='ltr'>post·</span> 
     </span>
    </p>
   </div>
   <div class='ocr_carea' id='block_1_2' title="bbox 166 2995 2290 3162">
    <p class='ocr_par' dir='ltr' id='par_1_7' title="bbox 166 2995 2290 3162">
     <span class='ocr_line' id='line_1_32' title="bbox 166 2995 2290 3069; baseline -0.003 -17"><span class='ocrx_word' id='word_1_291' title='bbox 166 3012 307 3063; x_wconf 78' lang='lat' dir='ltr'>quam</span> <span class='ocrx_word' id='word_1_292' title='bbox 327 2996 488 3051; x_wconf 87' lang='lat' dir='ltr'>ionici</span> <span class='ocrx_word' id='word_1_293' title='bbox 506 2995 784 3068; x_wconf 81' lang='lat' dir='ltr'>cujusdam</span> <span class='ocrx_word' id='word_1_294' title='bbox 804 3016 985 3051; x_wconf 80' lang='lat' dir='ltr'>versus</span> <span class='ocrx_word' id='word_1_295' title='bbox 1000 2998 1258 3050; x_wconf 87' lang='lat' dir='ltr'>rationem</span> <span class='ocrx_word' id='word_1_296' title='bbox 1279 2997 1585 3054; x_wconf 84' lang='lat' dir='ltr'>edocuerat.</span> <span class='ocrx_word' id='word_1_297' title='bbox 1616 2998 1705 3069; x_wconf 88' lang='lat' dir='ltr'>qui</span> <span class='ocrx_word' id='word_1_298' title='bbox 1724 3013 1985 3069; x_wconf 75' lang='lat' dir='ltr'>anapaesto</span> <span class='ocrx_word' id='word_1_299' title='bbox 2004 3013 2055 3052; x_wconf 86' lang='lat' dir='ltr'>et</span> <span class='ocrx_word' id='word_1_300' title='bbox 2080 3000 2290 3054; x_wconf 68' lang='lat' dir='ltr'>duohu‘fl</span> 
     </span>
     <span class='ocr_line' id='line_1_33' title="bbox 168 3072 1925 3162; baseline -0.019 -18"><span class='ocrx_word' id='word_1_301' title='bbox 168 3072 369 3142; x_wconf 49' lang='lat' dir='ltr'>ianm,</span> <span class='ocrx_word' id='word_1_302' title='bbox 393 3096 520 3131; x_wconf 73' lang='lat' dir='ltr'>cnm</span> <span class='ocrx_word' id='word_1_303' title='bbox 552 3078 825 3148; x_wconf 75' lang='lat' dir='ltr'>superstite</span> <span class='ocrx_word' id='word_1_304' title='bbox 856 3077 1054 3147; x_wconf 78' lang='lat' dir='ltr'>syllaba</span> <span class='ocrx_word' id='word_1_305' title='bbox 1082 3091 1312 3138; x_wconf 87' lang='lat' dir='ltr'>constat,</span> <span class='ocrx_word' id='word_1_306' title='bbox 1342 3082 1428 3101; x_wconf 52' lang='grc' dir='ltr'>*ν’</span> <span class='ocrx_word' id='word_1_307' title='bbox 1477 3081 1485 3160; x_wconf 77' lang='grc' dir='ltr'>Ι</span> <span class='ocrx_word' id='word_1_308' title='bbox 1535 3082 1599 3101; x_wconf 70' lang='lat'>⁹·</span> <span class='ocrx_word' id='word_1_309' title='bbox 1645 3080 1655 3158; x_wconf 79' lang='grc' dir='ltr'>Ι</span> <span class='ocrx_word' id='word_1_310' title='bbox 1702 3083 1766 3101; x_wconf 68' lang='lat'>⁹·</span> <span class='ocrx_word' id='word_1_311' title='bbox 1807 3082 1816 3162; x_wconf 75' lang='grc' dir='ltr'>Ι</span> <span class='ocrx_word' id='word_1_312' title='bbox 1859 3086 1881 3097; x_wconf 89' lang='grc'><em>·</em></span> <span class='ocrx_word' id='word_1_313' title='bbox 1910 3111 1925 3143; x_wconf 85' lang='lat'><strong>:</strong></span> 
     </span>
    </p>
   </div>
   <div class='ocr_carea' id='block_1_3' title="bbox 1058 737 1713 757">
    <p class='ocr_par' dir='ltr' id='par_1_8' title="bbox 1058 737 1713 757">
     <span class='ocr_line' id='line_1_34' title="bbox 1058 737 1713 757; baseline 0 0"><span class='ocrx_word' id='word_1_314' title='bbox 1058 738 1086 757; x_wconf 68' lang='grc' dir='ltr'>ν</span> <span class='ocrx_word' id='word_1_315' title='bbox 1142 740 1163 751; x_wconf 69' lang='grc'><strong>’</strong></span> <span class='ocrx_word' id='word_1_316' title='bbox 1617 737 1713 757; x_wconf 60' lang='grc' dir='ltr'>νυ·</span> 
     </span>
    </p>
   </div>
   <div class='ocr_carea' id='block_1_4' title="bbox 1618 816 1717 837">
    <p class='ocr_par' dir='ltr' id='par_1_9' title="bbox 1618 816 1717 837">
     <span class='ocr_line' id='line_1_35' title="bbox 1618 816 1717 837; baseline 0.01 -1"><span class='ocrx_word' id='word_1_317' title='bbox 1618 816 1717 837; x_wconf 54' lang='grc' dir='ltr'>νυν</span> 
     </span>
    </p>
   </div>
   <div class='ocr_carea' id='block_1_5' title="bbox 1568 733 1582 964">
    <p class='ocr_par' dir='ltr' id='par_1_10' title="bbox 1568 733 1582 964">
     <span class='ocr_line' id='line_1_36' title="bbox 1568 733 1582 964; baseline 0 3971"><span class='ocrx_word' id='word_1_318' title='bbox 1568 733 1582 964; x_wconf 95' lang='lat' dir='ltr'> </span> 
     </span>
    </p>
   </div>
   <div class='ocr_carea' id='block_1_6' title="bbox 1010 737 1021 970">
    <p class='ocr_par' dir='ltr' id='par_1_11' title="bbox 1010 737 1021 970">
     <span class='ocr_line' id='line_1_37' title="bbox 1010 737 1021 970; baseline 0 0"><span class='ocrx_word' id='word_1_319' title='bbox 1010 737 1021 970; x_wconf 95' lang='lat' dir='ltr'> </span> 
     </span>
    </p>
   </div>
   <div class='ocr_carea' id='block_1_7' title="bbox 1200 738 1214 972">
    <p class='ocr_par' dir='ltr' id='par_1_12' title="bbox 1200 738 1214 972">
     <span class='ocr_line' id='line_1_38' title="bbox 1200 738 1214 972; baseline 0 3963"><span class='ocrx_word' id='word_1_320' title='bbox 1200 738 1214 972; x_wconf 95' lang='lat' dir='ltr'> </span> 
     </span>
    </p>
   </div>
   <div class='ocr_carea' id='block_1_8' title="bbox 306 3205 1947 3838">
    <p class='ocr_par' dir='ltr' id='par_1_13' title="bbox 307 3205 1947 3360">
     <span class='ocr_line' id='line_1_39' title="bbox 307 3205 1947 3281; baseline 0.001 -20"><span class='ocrx_word' id='word_1_321' title='bbox 307 3207 421 3262; x_wconf 80' lang='lat' dir='ltr'>Hoc</span> <span class='ocrx_word' id='word_1_322' title='bbox 447 3205 561 3271; x_wconf 79' lang='lat' dir='ltr'>(sc.</span> <span class='ocrx_word' id='word_1_323' title='bbox 590 3226 798 3261; x_wconf 86' lang='lat' dir='ltr'>comma</span> <span class='ocrx_word' id='word_1_324' title='bbox 820 3206 1097 3270; x_wconf 88' lang='lat' dir='ltr'>Ionicum)</span> <span class='ocrx_word' id='word_1_325' title='bbox 1125 3209 1164 3260; x_wconf 88' lang='lat' dir='ltr'>si</span> <span class='ocrx_word' id='word_1_326' title='bbox 1194 3210 1266 3262; x_wconf 90' lang='lat' dir='ltr'>sic</span> <span class='ocrx_word' id='word_1_327' title='bbox 1291 3223 1589 3281; x_wconf 80' lang='lat' dir='ltr'>repetamus</span> <span class='ocrx_word' id='word_1_328' title='bbox 1605 3249 1619 3273; x_wconf 90' lang='lat'>,</span> <span class='ocrx_word' id='word_1_329' title='bbox 1640 3222 1697 3261; x_wconf 91' lang='lat' dir='ltr'>ut</span> <span class='ocrx_word' id='word_1_330' title='bbox 1715 3210 1947 3263; x_wconf 82' lang='lat' dir='ltr'>secundo</span> 
     </span>
     <span class='ocr_line' id='line_1_40' title="bbox 307 3286 1351 3360; baseline 0 -20"><span class='ocrx_word' id='word_1_331' title='bbox 307 3286 627 3360; x_wconf 87' lang='lat' dir='ltr'>Supremam</span> <span class='ocrx_word' id='word_1_332' title='bbox 648 3286 776 3340; x_wconf 87' lang='lat' dir='ltr'>dare</span> <span class='ocrx_word' id='word_1_333' title='bbox 796 3288 1050 3359; x_wconf 78' lang='lat' dir='ltr'>syllabam</span> <span class='ocrx_word' id='word_1_334' title='bbox 1073 3307 1321 3360; x_wconf 82' lang='lat' dir='ltr'>negemus</span> <span class='ocrx_word' id='word_1_335' title='bbox 1335 3328 1351 3354; x_wconf 90' lang='lat'>‚</span> 
     </span>
    </p>

    <p class='ocr_par' dir='ltr' id='par_1_14' title="bbox 306 3366 1339 3432">
     <span class='ocr_line' id='line_1_41' title="bbox 306 3366 1339 3432; baseline 0.002 -13"><span class='ocrx_word' id='word_1_336' title='bbox 306 3368 335 3419; x_wconf 81' lang='lat' dir='ltr'>J</span> <span class='ocrx_word' id='word_1_337' title='bbox 342 3382 504 3422; x_wconf 88' lang='lat' dir='ltr'>uncto</span> <span class='ocrx_word' id='word_1_338' title='bbox 535 3381 822 3432; x_wconf 88' lang='lat' dir='ltr'>commate,</span> <span class='ocrx_word' id='word_1_339' title='bbox 848 3366 1178 3421; x_wconf 83' lang='lat' dir='ltr'>Galliambus</span> <span class='ocrx_word' id='word_1_340' title='bbox 1203 3371 1339 3421; x_wconf 85' lang='lat' dir='ltr'>exit:</span> 
     </span>
    </p>

    <p class='ocr_par' dir='ltr' id='par_1_15' title="bbox 308 3442 1725 3519">
     <span class='ocr_line' id='line_1_42' title="bbox 308 3442 1725 3519; baseline 0.001 -19"><span class='ocrx_word' id='word_1_341' title='bbox 308 3447 521 3519; x_wconf 77' lang='lat' dir='ltr'>Segetes</span> <span class='ocrx_word' id='word_1_342' title='bbox 550 3465 729 3499; x_wconf 89' lang='lat' dir='ltr'>meum</span> <span class='ocrx_word' id='word_1_343' title='bbox 761 3447 998 3500; x_wconf 84' lang='lat' dir='ltr'>laborem</span> <span class='ocrx_word' id='word_1_344' title='bbox 1016 3448 1232 3517; x_wconf 70' lang='lat' dir='ltr'>Segetes</span> <span class='ocrx_word' id='word_1_345' title='bbox 1262 3468 1439 3500; x_wconf 88' lang='lat' dir='ltr'>meum</span> <span class='ocrx_word' id='word_1_346' title='bbox 1467 3450 1591 3502; x_wconf 92' lang='lat' dir='ltr'>labo</span> <span class='ocrx_word' id='word_1_347' title='bbox 1621 3442 1725 3517; x_wconf 80' lang='grc' dir='ltr'>(ι).</span> 
     </span>
    </p>

    <p class='ocr_par' dir='ltr' id='par_1_16' title="bbox 307 3525 1833 3838">
     <span class='ocr_line' id='line_1_43' title="bbox 307 3525 1659 3600; baseline 0.001 -20"><span class='ocrx_word' id='word_1_348' title='bbox 307 3526 475 3581; x_wconf 87' lang='lat' dir='ltr'>Sonat</span> <span class='ocrx_word' id='word_1_349' title='bbox 499 3527 609 3579; x_wconf 89' lang='lat' dir='ltr'>hoc</span> <span class='ocrx_word' id='word_1_350' title='bbox 638 3525 864 3580; x_wconf 83' lang='lat' dir='ltr'>subinde</span> <span class='ocrx_word' id='word_1_351' title='bbox 894 3540 1062 3579; x_wconf 89' lang='lat' dir='ltr'>metro</span> <span class='ocrx_word' id='word_1_352' title='bbox 1091 3527 1404 3600; x_wconf 83' lang='lat' dir='ltr'>Cybeleium</span> <span class='ocrx_word' id='word_1_353' title='bbox 1433 3547 1620 3581; x_wconf 86' lang='lat' dir='ltr'>nemus</span> <span class='ocrx_word' id='word_1_354' title='bbox 1643 3549 1659 3592; x_wconf 85' lang='grc'><strong>;</strong></span> 
     </span>
     <span class='ocr_line' id='line_1_44' title="bbox 308 3606 1705 3678; baseline 0.001 -19"><span class='ocrx_word' id='word_1_355' title='bbox 308 3606 633 3678; x_wconf 81' lang='lat' dir='ltr'>Nomenque</span> <span class='ocrx_word' id='word_1_356' title='bbox 658 3607 969 3660; x_wconf 87' lang='lat' dir='ltr'>Galliambis</span> <span class='ocrx_word' id='word_1_357' title='bbox 995 3621 1320 3660; x_wconf 85' lang='lat' dir='ltr'>memoratur</span> <span class='ocrx_word' id='word_1_358' title='bbox 1340 3607 1467 3660; x_wconf 87' lang='lat' dir='ltr'>binc</span> <span class='ocrx_word' id='word_1_359' title='bbox 1491 3606 1674 3661; x_wconf 87' lang='lat' dir='ltr'>datum</span> <span class='ocrx_word' id='word_1_360' title='bbox 1689 3647 1705 3673; x_wconf 95' lang='lat'>,</span> 
     </span>
     <span class='ocr_line' id='line_1_45' title="bbox 308 3685 1824 3758; baseline 0.002 -19"><span class='ocrx_word' id='word_1_361' title='bbox 308 3686 598 3740; x_wconf 75' lang='lat' dir='ltr'>Tremulus</span> <span class='ocrx_word' id='word_1_362' title='bbox 633 3685 779 3757; x_wconf 87' lang='lat' dir='ltr'>quod</span> <span class='ocrx_word' id='word_1_363' title='bbox 819 3704 928 3739; x_wconf 85' lang='lat' dir='ltr'>esse</span> <span class='ocrx_word' id='word_1_364' title='bbox 959 3685 1126 3739; x_wconf 85' lang='lat' dir='ltr'>Gallis</span> <span class='ocrx_word' id='word_1_365' title='bbox 1155 3686 1360 3739; x_wconf 88' lang='lat' dir='ltr'>habiles</span> <span class='ocrx_word' id='word_1_366' title='bbox 1387 3700 1574 3758; x_wconf 86' lang='lat' dir='ltr'>putant</span> <span class='ocrx_word' id='word_1_367' title='bbox 1602 3688 1824 3754; x_wconf 87' lang='lat' dir='ltr'>modos,</span> 
     </span>
     <span class='ocr_line' id='line_1_46' title="bbox 308 3765 1833 3838; baseline 0.003 -21"><span class='ocrx_word' id='word_1_368' title='bbox 308 3765 462 3819; x_wconf 79' lang='lat' dir='ltr'>Adeo</span> <span class='ocrx_word' id='word_1_369' title='bbox 493 3779 555 3819; x_wconf 85' lang='lat' dir='ltr'>ut</span> <span class='ocrx_word' id='word_1_370' title='bbox 585 3765 892 3836; x_wconf 74' lang='lat' dir='ltr'>frequenter</span> <span class='ocrx_word' id='word_1_371' title='bbox 921 3766 1075 3818; x_wconf 89' lang='lat' dir='ltr'>illum</span> <span class='ocrx_word' id='word_1_372' title='bbox 1102 3787 1270 3838; x_wconf 83' lang='lat' dir='ltr'>prope</span> <span class='ocrx_word' id='word_1_373' title='bbox 1295 3768 1364 3820; x_wconf 87' lang='lat' dir='ltr'>ab</span> <span class='ocrx_word' id='word_1_374' title='bbox 1393 3768 1582 3820; x_wconf 87' lang='lat' dir='ltr'>ultimo</span> <span class='ocrx_word' id='word_1_375' title='bbox 1614 3767 1833 3838; x_wconf 86' lang='lat' dir='ltr'>pedem,</span> 
     </span>
    </p>
   </div>
   <div class='ocr_carea' id='block_1_9' title="bbox 166 3882 2316 3914">
    <p class='ocr_par' dir='ltr' id='par_1_17' title="bbox 166 3882 2316 3914">
     <span class='ocr_line' id='line_1_47' title="bbox 166 3882 2316 3914; baseline 0 1021"><span class='ocrx_word' id='word_1_376' title='bbox 166 3882 2316 3914; x_wconf 95' lang='lat' dir='ltr'> </span> 
     </span>
    </p>
   </div>
   <div class='ocr_carea' id='block_1_10' title="bbox 244 3951 2314 4030">
    <p class='ocr_par' dir='ltr' id='par_1_18' title="bbox 244 3951 2314 4030">
     <span class='ocr_line' id='line_1_48' title="bbox 244 3951 2314 4030; baseline 0 -17"><span class='ocrx_word' id='word_1_377' title='bbox 244 3980 292 4013; x_wconf 78' lang='grc' dir='ltr'>ι.</span> <span class='ocrx_word' id='word_1_378' title='bbox 315 3961 436 4014; x_wconf 79' lang='lat' dir='ltr'>Hoc</span> <span class='ocrx_word' id='word_1_379' title='bbox 453 3974 537 4015; x_wconf 78' lang='lat' dir='ltr'>est</span> <span class='ocrx_word' id='word_1_380' title='bbox 551 3959 790 4030; x_wconf 86' lang='lat' dir='ltr'>primum</span> <span class='ocrx_word' id='word_1_381' title='bbox 806 3979 1012 4013; x_wconf 82' lang='lat' dir='ltr'>comma</span> <span class='ocrx_word' id='word_1_382' title='bbox 1035 3956 1281 4029; x_wconf 65' lang='grc' dir='ltr'>εεὲςὲῑόει</span> <span class='ocrx_word' id='word_1_383' title='bbox 1323 3951 1333 4027; x_wconf 75' lang='grc' dir='ltr'>Ι</span> <span class='ocrx_word' id='word_1_384' title='bbox 1372 3956 1563 4009; x_wconf 61' lang='lat' dir='ltr'>meum</span> <span class='ocrx_word' id='word_1_385' title='bbox 1609 3953 1619 4029; x_wconf 84' lang='grc' dir='ltr'>Ι</span> <span class='ocrx_word' id='word_1_386' title='bbox 1656 3953 1791 4010; x_wconf 60' lang='lat' dir='ltr'>libo</span> <span class='ocrx_word' id='word_1_387' title='bbox 1835 3955 1844 4027; x_wconf 82' lang='grc' dir='ltr'>Ι</span> <span class='ocrx_word' id='word_1_388' title='bbox 1880 3961 1999 4013; x_wconf 69' lang='lat' dir='ltr'>rem</span> <span class='ocrx_word' id='word_1_389' title='bbox 2014 4000 2030 4027; x_wconf 93' lang='lat'>,</span> <span class='ocrx_word' id='word_1_390' title='bbox 2048 3978 2103 4018; x_wconf 83' lang='lat' dir='ltr'>et</span> <span class='ocrx_word' id='word_1_391' title='bbox 2120 3968 2223 4022; x_wconf 90' lang='lat' dir='ltr'>hoc</span> <span class='ocrx_word' id='word_1_392' title='bbox 2240 3972 2314 4023; x_wconf 89' lang='lat' dir='ltr'>al-</span> 
     </span>
    </p>
   </div>
   <div class='ocr_carea' id='block_1_11' title="bbox 166 4037 2281 4189">
    <p class='ocr_par' dir='ltr' id='par_1_19' title="bbox 166 4037 2281 4189">
     <span class='ocr_line' id='line_1_49' title="bbox 166 4037 2281 4189; baseline 0.002 -97"><span class='ocrx_word' id='word_1_393' title='bbox 166 4052 329 4167; x_wconf 51' lang='lat' dir='ltr'>{greiti</span> <span class='ocrx_word' id='word_1_394' title='bbox 359 4041 464 4189; x_wconf 75' lang='lat' dir='ltr'>¹cui</span> <span class='ocrx_word' id='word_1_395' title='bbox 504 4038 734 4111; x_wconf 84' lang='lat' dir='ltr'>repetito</span> <span class='ocrx_word' id='word_1_396' title='bbox 778 4058 1030 4110; x_wconf 77' lang='lat' dir='ltr'>suprema</span> <span class='ocrx_word' id='word_1_397' title='bbox 1071 4041 1272 4110; x_wconf 80' lang='lat' dir='ltr'>syllaba</span> <span class='ocrx_word' id='word_1_398' title='bbox 1322 4038 1620 4094; x_wconf 81' lang='lat' dir='ltr'>detrahitur</span> <span class='ocrx_word' id='word_1_399' title='bbox 1658 4060 1672 4093; x_wconf 90' lang='lat'>:</span> <span class='ocrx_word' id='word_1_400' title='bbox 1710 4037 1922 4111; x_wconf 57' lang='lat' dir='ltr'>segetis</span> <span class='ocrx_word' id='word_1_401' title='bbox 1970 4039 1979 4109; x_wconf 82' lang='grc'>1</span> <span class='ocrx_word' id='word_1_402' title='bbox 2030 4040 2218 4097; x_wconf 71' lang='lat' dir='ltr'>ml‘t‘im</span> <span class='ocrx_word' id='word_1_403' title='bbox 2268 4042 2281 4119; x_wconf 67' lang='grc' dir='ltr'>Ι</span> 
     </span>
     <span class='ocr_line' id='line_1_50' title="bbox 264 4131 320 4172; baseline 0 0"><span class='ocrx_word' id='word_1_404' title='bbox 264 4131 320 4172; x_wconf 89' lang='grc'>0.</span> 
     </span>
    </p>
   </div>
   <div class='ocr_carea' id='block_1_12' title="bbox 1923 4238 2008 4319">
    <p class='ocr_par' dir='ltr' id='par_1_20' title="bbox 1923 4238 2008 4319">
     <span class='ocr_line' id='line_1_51' title="bbox 1923 4238 2008 4319; baseline 0 0"><span class='ocrx_word' id='word_1_405' title='bbox 1923 4238 2008 4319; x_wconf 78' lang='lat'>¹4</span> 
     </span>
    </p>
   </div>
  </div>
 </body>
</html>
