2986 4935
839 464 1282 532 CARMEN
1341 464 1646 531 XLIII.

2180 415 2353 531 135·

493 597 618 665 Sed
661 622 798 665 non
831 610 929 665 est
961 610 1184 665 tamen
1217 595 1345 665 hoc
1381 599 1537 665 satis
1579 596 1970 690 putandum.

500 702 755 791 Quodsi
793 727 930 771 non
964 702 1142 771 aliud
1180 718 1334 798 pote
1367 718 1467 772 est
1488 756 1507 787 ,
1540 702 1852 772 ruborem

495 812 734 879 Ferreo
776 810 958 877 canis
1000 812 1447 904 exprimamus
1485 836 1620 878 ore.

494 915 922 986 Conclamate
965 920 1204 985 iterum
1249 916 1480 985 altiore
1519 941 1726 985 voce:

495 1023 763 1093 Moecha
807 1023 1073 1116 putida,
1119 1023 1320 1092 redde
1364 1021 1738 1107 codicillos,

497 1128 760 1212 Redde,
803 1130 1033 1223 putida
1074 1130 1369 1212 moecha,
1414 1129 1774 1199 codicillos.

496 1235 623 1303 Sed
671 1234 761 1302 nil
811 1235 1229 1329 proficimus,
1264 1235 1422 1304 nihil
1468 1252 1794 1306 movetur.

493 1340 816 1410 Mutanda
858 1357 958 1410 est
1002 1345 1203 1429 ratiO,
1252 1343 1618 1437 modusque
1666 1344 1890 1428 vobiS,

498 1449 567 1515 Si
606 1448 765 1540 quid
804 1447 1127 1542 proficere
1161 1448 1443 1544 amplius
1478 1453 1769 1543 potestis

496 1554 741 1623 Pudica
787 1569 851 1624 et
889 1556 1140 1650 proba,
1170 1556 1373 1624 redde
1414 1556 1769 1625 codicillos

261 1758 283 1791 ι
295 1745 347 1791 6.
365 1737 483 1791 Non
500 1739 805 1808 aliudpotest
823 1739 878 1790 in
893 1737 1047 1792 MSS.
1064 1739 1193 1792 Stat.

177 1819 365 1888 Quodsi
383 1838 480 1869 non
503 1819 640 1869 aliud
651 1831 769 1889 pote
785 1831 859 1871 est
877 1832 978 1872 etc.
1006 1817 1195 1885 Quod·

173 1900 213 1950 si
246 1918 355 1950 non
380 1898 483 1950 alia
513 1899 717 1952 ratione
743 1898 811 1951 ad
836 1898 1193 1970 extorquenda

173 1979 452 2050 pugillaria
480 1979 634 2031 nobis
661 1979 737 2031 uti
766 1979 914 2044 licet,
953 1984 1195 2049 exprima-

173 2080 299 2123 mus,
345 2058 646 2130 exprimere
692 2071 835 2112 certe
878 2060 1196 2112 tentabimus

172 2138 433 2209 pudorem
466 2139 646 2191 Ferrea
667 2144 805 2190 ,canis
832 2160 912 2190 ore
930 2181 945 2203 ,
980 2138 1117 2192 duro
1143 2152 1194 2191 et

173 2217 471 2291 impudenti
497 2238 608 2273 ore.
636 2218 786 2271 Canis
808 2220 950 2272 enim
975 2223 1083 2289 jam
1107 2238 1194 2272 an-

173 2299 480 2370 tiquissimis
518 2299 850 2369 temporibus
884 2301 985 2351 fuit
1016 2301 1192 2370 impu-

172 2378 362 2432 dentiae
385 2379 580 2448 imago,
602 2380 663 2430 In
694 2379 880 2450 vulgus
907 2393 1093 2431 notum
1118 2393 1192 2432 est

171 2459 519 2514 Homericum
564 2459 808 2521 κυνώπης.
856 2457 984 2512 Vid.
1030 2459 1195 2531 Span-

173 2542 308 2594 hem.
342 2538 411 2593 ad
448 2540 654 2593 Gallim.
688 2540 756 2591 H.
787 2540 841 2591 in
871 2541 1120 2593 Cererem
1143 2560 1193 2592 v.

172 2626 265 2685 64,
287 2633 340 2672 et
363 2622 687 2691 Interpretes
709 2618 776 2671 ad
799 2621 1008 2671 Petron.
1028 2638 1075 2671 c.
1103 2627 1194 2689 74.

171 2702 255 2754 Sic
293 2698 441 2771 apud
481 2701 697 2752 Terent.
735 2700 976 2752 Eunuch.
1012 2702 1110 2763 IV,
1144 2720 1197 2771 7,

173 2780 278 2833 33:
311 2782 442 2833 Ain·
471 2800 592 2832 vero
615 2784 747 2832 canis
762 2788 872 2831 P·—
887 2792 939 2832 et
964 2799 1092 2832 mox
1115 2799 1199 2833 eo·

1286 1737 1409 1792 dem
1439 1759 1594 1793 sensu
1615 1760 1665 1793 v.
1700 1740 1790 1797 35,
1823 1742 1895 1794 Os
1917 1742 2110 1806 durum,
2141 1743 2230 1795 ubi
2261 1744 2312 1796 in

1285 1819 1413 1873 edit.
1462 1820 1681 1891 Bipont.
1724 1822 1842 1873 satis
1883 1822 2090 1891 lepida,
2137 1825 2315 1894 quales

1284 1919 1391 1952 non
1425 1919 1546 1951 raro
1579 1900 1633 1952 in
1669 1902 1755 1953 illa
1789 1901 1946 1954 vendi
1979 1904 2178 1968 solent,
2220 1903 2312 1955 ad-

1279 1981 1417 2050 jecta
1461 1993 1536 2032 est
1585 1982 1911 2052 explicatio:
1962 1982 2127 2033 due-ius
2171 2005 2313 2055 quam

1282 2060 1415 2131 quod
1448 2060 1694 2112 molliatur
1737 2073 1788 2111 et
1826 2077 2159 2132 concoquaeur.
2209 2062 2310 2123 [Ab

1283 2160 1363 2201 os,
1396 2138 1552 2199 ossis].
1586 2142 1701 2192 Imo
1736 2142 1966 2192 durioris
2011 2140 2140 2202 [non
2174 2143 2311 2205 ossis]

1283 2220 1421 2272 homo
1460 2219 1605 2289 apud
1648 2221 1959 2273 Ciceronem
2006 2233 2056 2272 et
2096 2222 2311 2275 Livium

1281 2298 1497 2361 dicitur,
1523 2302 1673 2371 cujus
1692 2318 1751 2351 os
1774 2301 1917 2353 nulla
1942 2321 2000 2353 re
2023 2301 2173 2354 facile
2195 2321 2313 2356 mu·

1282 2392 1423 2432 tatur
1452 2391 1542 2432 aut
1575 2378 1780 2450 pudore
1819 2380 2173 2445 suffunditur,
2218 2385 2310 2453 qui

1287 2480 1498 2514 omnem
1527 2459 1790 2532 pudorem
1820 2462 1981 2515 exuit.

1371 2542 1462 2593 ²3.
1489 2544 1728 2611 Amplius,
1753 2541 1851 2592 alia
1876 2543 2078 2596 ratione
2093 2543 2310 2613 plus.—

1286 2618 1485 2691 Lepida
1524 2641 1645 2674 sane
1685 2633 1737 2673 et
1777 2621 2000 2692 maligna
2039 2623 2094 2673 in
2127 2623 2310 2675 laudes

1287 2701 1559 2753 conversio
1574 2720 1689 2772 quae
1703 2720 1797 2772 per
1811 2701 2024 2755 irrisum
2041 2703 2305 2755 inimicam

1286 2781 1457 2834 acrius
1480 2778 1777 2850 destringit.
1805 2781 1872 2833 N.

763 2994 1302 3084 CARMEN
1372 2993 1733 3080 XLIII.

704 3213 789 3256 IN
875 3211 1224 3256 AMICAM
1315 3210 1777 3256 FORMIANI.

488 3392 763 3474 Save,
800 3414 922 3457 nec
960 3389 1233 3455 minimo
1271 3385 1487 3481 puella
1525 3413 1721 3473 naSO,

239 3579 384 3628 Δια.
407 3574 686 3644 Descripta
709 3572 976 3626 Formiani
1011 3572 1190 3625 amicae

164 3656 541 3716 deformitate,
585 3672 691 3704 non
724 3652 843 3705 satis
881 3651 1062 3704 mirari
1093 3671 1189 3722 po-

163 3750 257 3790 test
291 3735 457 3787 Poeta
502 3730 792 3804 insipidum
826 3750 1010 3784 eorum
1043 3732 1189 3801 inge-

162 3819 347 3876 nium,
390 3813 589 3885 qnibus
625 3813 719 3863 ista
761 3810 895 3863 bella
934 3823 985 3862 et
1014 3809 1191 3881 digna,

160 3914 279 3967 que
324 3912 448 3946 cum
493 3892 684 3946 Lesbia
718 3904 1085 3962 comparetur,
1111 3892 1190 3944 vi·

160 3976 273 4029 deri
300 3973 652 4045 possin—In
677 3968 915 4023 eamdem
936 3970 1191 4041 scriptum

160 4070 234 4110 est
254 4055 541 4125 Epigram.
566 4052 714 4112 XLI,
737 4049 881 4121 quod
900 4052 1098 4103 confer.

247 4154 272 4189 1
288 4176 301 4187 .
320 4133 482 4197 Salve,
503 4134 759 4203 εἰρωνικῶς
776 4149 789 4182 :
805 4150 929 4183 nam
953 4131 1192 4201 profecto

1279 3573 1423 3624 illam
1451 3592 1558 3624 non
1587 3576 1798 3638 salvere,
1832 3573 1920 3626 sed
1953 3575 2097 3628 abire
2133 3580 2309 3649 potins

1280 3653 1334 3703 in
1374 3653 1563 3704 malam
1611 3674 1723 3705 rem
1767 3655 1931 3723 jubet.
1982 3656 2101 3709 Pari
2145 3658 2307 3710 modo

1279 3733 1469 3802 passim
1500 3753 1594 3786 usu
1616 3735 1792 3785 venire
1818 3734 1945 3787 solet
1966 3737 2124 3791 Vale:
2145 3739 2212 3790 cf.
2240 3738 2304 3790 ad

1281 3813 1459 3864 Carm.
1487 3813 1601 3874 XI,
1637 3832 1722 3882 17.
1749 3813 1996 3867 Graviter
2013 3829 2187 3868 autem
2209 3818 2306 3870 hac

1280 3892 1497 3944 solemni
1538 3893 1682 3962 quasi
1720 3894 2039 3947 allocutione
2075 3896 2309 3950 exordiri

1282 3971 1404 4023 alias
1418 3973 1587 4024 solent
1611 3986 1777 4044 poetae
1797 3976 2049 4037 carmina,
2070 3977 2306 4029 Deorum

1281 4052 1582 4104 Dearumve
1612 4052 1693 4104 vel
1728 4053 1964 4105 Heroum
2006 4053 2186 4107 laudes
2223 4075 2306 4107 ce-

1280 4131 1557 4185 lebraturi.
1591 4164 1644 4174 —
1673 4134 1777 4185 Nec
1804 4138 1949 4185 nimio
1976 4153 2092 4187 naso
2121 4136 2310 4206 Scalig.

1912 4232 2001 4337 9¹0
