2986 4935
808 475 1250 544 CARMEN
1306 477 1633 545 vau.

2126 475 2272 552 315

377 603 592 698 Culpa
626 629 775 673 mea
808 620 941 691 est,
975 630 1348 727 quanquam
1385 607 1626 676 dicitur
1660 632 1800 676 esse
1838 633 2000 677 mea.

262 712 409 780 Nec
439 725 783 829 peccatum
816 735 854 779 a
883 737 987 779 me
1018 714 1360 832 quisquam
1397 727 1553 806 pote
1582 713 1796 782 dicere
1822 715 2218 808 quidquam·
2201 770 2219 802 ,

374 819 627 884 Verum
664 817 769 885 isti
807 817 1101 911 populo
1080 841 1282 910 janua
1317 818 1605 913 quidque
1643 820 1835 906 facit;

264 925 435 1009 Qui,
471 944 860 1016 quacunque
889 922 1136 1017 aliquid
1165 926 1492 1019 reperitur
1523 948 1659 994 non
1691 925 1857 993 bene
1890 926 2167 1015 factum,

370 1028 476 1096 Ad
520 1052 625 1097 me
660 1053 892 1098 omnes
927 1029 1214 1099 clamant
1242 1056 1256 1099 ε
1286 1034 1538 1117 Janua,
1573 1030 1769 1125 culpa
1801 1046 1912 1100 tua
1946 1048 2063 1102 est.

990 1234 1444 1281 CATULLU&

258 1388 422 1454 Non
456 1389 620 1455 istuc
656 1387 809 1456 satis
848 1402 947 1456 est
983 1412 1119 1456 uno
1156 1401 1220 1456 te
1257 1388 1470 1457 dicere
1517 1392 1750 1476 verbo;
2226 1427 2271 1463 ‚5

371 1492 499 1560 Sed
543 1492 799 1580 facere,
841 1506 916 1562 ut
955 1495 1168 1587 quivis
1209 1496 1443 1564 sentiat
1476 1510 1542 1564 et
1584 1493 1818 1566 videat.

1062 1700 1362 1748 JANUQ

258 1854 400 1940 Qui
448 1851 769 1946 possum?
807 1876 1003 1922 nemo
1045 1857 1314 1947 quaerit‚
1358 1879 1479 1922 nec
1526 1857 1689 1923 scire
1730 1853 1999 1924 laborat.

989 2060 1428 2106 CATULLU&

364 2213 506 2280 Nos
543 2210 849 2280 volumus
874 2237 887 2279 ε
912 2212 1105 2280 nobis
1141 2211 1358 2282 dicere
1394 2237 1478 2280 ne
1520 2212 1768 2281 dubita.

141 2445 347 2502 Statius
372 2442 658 2517 legendum
689 2456 835 2517 putat
858 2457 1067 2515 pateam.
1089 2474 1167 2486 -

143 2528 250 2581 Pro
271 2525 462 2578 tradita
476 2524 727 2578 exhibent
743 2526 953 2597 Gryph.
971 2526 1164 2583 Muret-

139 2621 190 2661 et
208 2606 377 2661 editt.
400 2605 517 2658 alin
538 2606 755 2667 mdc'ta5
777 2604 1056 2675 saepissime
1076 2623 1167 2656 au-

139 2700 246 2739 tem
259 2686 457 2738 credere
470 2698 521 2738 et
534 2685 720 2736 tradere
728 2696 1022 2755 permutata
1032 2696 1166 2737 suut.

136 2764 273 2819 vid.
290 2766 563 2818 mumma.
584 2764 651 2817 ad
668 2762 831 2817 Ovid.
855 2763 1067 2815 Metam.
1086 2762 1139 2813 11
1152 2804 1167 2828 ,

140 2845 282 2915 378,
302 2859 362 2898 et
381 2844 651 2897 Drackenb.
670 2843 737 2896 ad
761 2842 856 2895 Sil.
870 2842 985 2894 Ital.
1006 2841 1165 2907 XVI,

137 2923 465 2994 371.——De
487 2922 586 2976 hac
606 2922 832 2975 formula
850 2920 962 2974 vid.
986 2921 1167 2974 Carm.

130 3003 361 3066 val,
397 3002 486 3055 18.
521 3001 591 3054 N.
631 3034 710 3044 —
753 3002 976 3054 Tradita.
1006 3000 1169 3054 Caeci·

132 3084 276 3135 lium
311 3081 469 3133 Balbi
501 3080 764 3134 haeredem
803 3082 988 3145 fuisse,
1016 3081 1167 3133 facile

128 3181 198 3215 ex
230 3179 343 3215 mu
374 3159 522 3213 verbi
553 3160 740 3212 tradere
766 3160 994 3231 colligas.

224 3261 247 3295 ι
269 3258 323 3294 t.
365 3240 470 3293 Nec
496 3252 679 3311 peccat.
712 3253 808 3293 etc.
841 3262 863 3283 ι
886 3239 997 3291 Nec
1023 3241 1166 3311 quis-

124 3337 300 3393 quam
320 3317 618 3391 quidquam
637 3319 770 3372 mihi
786 3319 954 3390 culpae
966 3333 1166 3373 vertere

126 3410 334 3471 potest.
358 3423 381 3443 ι
420 3399 685 3470 Quisquam
708 3413 759 3451 et
777 3400 1033 3471 quidquam
1057 3418 1167 3451 sua·

124 3481 277 3533 viter
304 3478 411 3530 sibi
431 3476 767 3549 respondent.

214 3576 246 3612 ι
264 3577 323 3611 2.
359 3555 460 3610 uic
495 3557 680 3609 lacuna
713 3559 768 3610 in
798 3556 1165 3627 antiquissimis

125 3636 428 3691 codicibus
448 3636 606 3689 fnisse
624 3634 834 3690 videtur
850 3653 1040 3706 ‚quam
1065 3654 1165 3705 pro

122 3735 227 3769 mo
244 3732 480 3788 qunque
496 3716 705 3786 ingenio
720 3716 929 3786 explere
942 3712 1165 3781 studuit3

122 3795 264 3850 hinc
301 3794 477 3847 alim.
504 3796 748 3848 «Verum
779 3794 955 3847 isthuc
987 3794 1164 3864 potius

114 3876 339 3945 janitor
367 3872 478 3945 ipse
504 3874 655 3937 facin
679 3900 700 3922 ι
735 3874 897 3926 alius:
925 3873 1160 3925 «Verum

119 3955 241 4008 istis
280 3973 376 4006 me
402 3966 664 4006 auctorem
692 3972 798 4006 esse
830 3952 953 4006 facit
986 3972 1157 4025 popu·

119 4034 244 4099 lun
272 4032 504 4085 -aliust
531 4033 796 4085 ssverum
783 4033 865 4085 isti
883 4034 1081 4104 populo
1100 4030 1156 4085 di

1252 2442 1335 2515 isti
1362 2443 1563 2516 populo
1587 2446 1745 2517 janua
1767 2443 1896 2519 quid
1930 2445 2109 2502 reficit.
2135 2476 2156 2497 ι
2187 2482 2272 2495 —

1252 2523 1444 2576 Statius
1482 2524 1797 2597 conjiciebat
1829 2544 1843 2579 :
1877 2550 1899 2571 ι
1919 2528 2118 2581 Verum
2161 2529 2269 2583 istis

1253 2604 1436 2673 probri
1472 2604 1630 2674 janua
1671 2604 1905 2678 quidque
1946 2606 2085 2661 facit.
2110 2634 2131 2656 2

1252 2682 1478 2753 Scaliger
1502 2701 1514 2736 :
1546 2712 1566 2731 ι
1588 2687 1791 2737 Verum
1817 2684 1925 2738 istis
1951 2687 2135 2758 populi
2162 2708 2269 2742 na·-

1249 2762 1339 2814 nia
1360 2801 1375 2827 ,
1398 2761 1598 2826 Quinte
1617 2801 1633 2827 ,
1667 2763 1805 2817 facit.
1825 2791 1846 2812 1·
1885 2798 1964 2808 -
2008 2766 2224 2821 Vossius
2254 2788 2268 2821 τ

1254 2863 1274 2883 ·
1296 2842 1500 2894 Verum
1524 2840 1603 2893 isti
1637 2843 1835 2914 populo
1853 2844 1884 2895 J
1888 2863 2023 2896 anua
2043 2845 2172 2916 quid
2192 2847 2270 2900 fa·

1252 2920 1396 2974 ciat?
1421 2947 1442 2967 ι-
1477 2920 1650 2973 —En
1683 2940 1875 2974 vanum
1900 2922 2024 2976 VV.
2057 2926 2172 2979 DD.
2212 2926 2266 2978 in

1251 2998 1507 3070 ejusmodi
1534 3001 1787 3052 Veterum
1833 3001 1961 3053 locis
2003 3002 2267 3057 studium!

1250 3097 1346 3131 nos
1388 3077 1631 3132 dedimus
1674 3079 1949 3132 lectionem
1982 3081 2158 3137 (ἴε-ων.
2191 3115 2269 3125 ——

1251 3158 1294 3210 F
1296 3172 1427 3230 riget
1452 3159 1540 3211 hic
1559 3176 1769 3222 versus,
1792 3175 2162 3233 quamcunque
2186 3162 2262 3215 le-

1251 3238 1478 3290 ctionem
1508 3237 1753 3308 sequaris.

1337 3336 1358 3369 1
1373 3321 1426 3371 6.
1445 3318 1498 3370 F
1495 3337 1647 3379 acere
1668 3318 1892 3387 probare
1913 3330 1966 3370 et
1983 3317 2265 3373 declarare.

1334 3414 1418 3466 17.
1460 3396 1599 3466 Quid
1623 3415 1816 3466 possum
1845 3396 1993 3450 MSS.
2031 3398 2156 3453 Stat.
2190 3434 2265 3442 ——

1255 3476 1393 3542 Quid
1420 3480 1574 3547 possit
1611 3475 1666 3527 in
1713 3475 1852 3529 libro
1891 3476 2074 3549 scalig.
2123 3478 2265 3532 unde

1250 3555 1363 3619 ille,
1399 3556 1538 3626 Quid
1554 3558 1726 3626 possis.

1338 3658 1352 3687 ι
1368 3636 1420 3689 8.
1453 3637 1557 3688 Nos
1581 3636 1797 3686 volumus
1827 3634 1963 3687 vobis
1988 3636 2143 3687 dicere
2164 3677 2179 3700 ‚
2206 3657 2265 3688 ne

1250 3713 1414 3765 dubita
1429 3714 1582 3767 MSS.
1605 3713 1733 3767 Stat.
1755 3711 1895 3765 unde
1916 3715 2003 3768 ille
2021 3735 2104 3766 nec
2118 3715 2264 3767 dubia

1251 3794 1489 3863 reponit;
1511 3794 1682 3865 pergit
1706 3792 1960 3845 nimirum
1986 3812 2048 3845 ex
2068 3794 2165 3847 hac
2185 3795 2262 3847 le-

1250 3871 1422 3925 ctione
1463 3873 1495 3924 J
1498 3892 1634 3925 anua
1678 3872 1843 3944 loqui.
1881 3902 1959 3912 —
1995 3873 2265 3926 Correctio

1249 3969 1632 4022 supervacanea
1651 3991 1665 4015 ,
1680 3971 1801 4004 nam
1824 3950 2149 4022 colloquium
2166 3952 2262 4005 ali·

1247 4044 1324 4083 ter
1344 4031 1529 4083 melius
1553 4031 1819 4102 procedit,
1838 4042 1891 4083 et
1909 4031 2040 4084 inest
2063 4031 2272 4103 aliquid:

120 4114 274 4167 mala
300 4112 473 4166 multa
491 4112 722 4177 ferant3»
753 4112 913 4164 alius·
901 4140 944 4165 ,ι
924 4114 1152 4165 -verum
1244 4111 1400 4163 vafrae
1430 4110 1791 4181 simplicitatis.
