2986 4935
595 474 688 556 42

1110 473 1186 540 C.
1230 473 1671 541 VALERII
1705 475 2199 542 -CATULLl

911 608 1191 674 Comata
1227 603 1389 673 silva
1425 631 1439 671 :
1479 632 1633 674 nam
1672 607 1943 700 Cytorio
1984 607 2049 673 in
2088 606 2252 700 jugo

914 714 1258 804 Loquente
1300 737 1472 806 saepe
1514 711 1776 781 sibilum
1814 712 2016 780 edidit
2054 737 2267 781 coma.

911 819 1198 885 Amastri
1241 820 1548 904 Pontica,
1579 834 1645 886 et
1680 822 1927 912 Cytore
1966 819 2265 902 buxifer,

914 923 1059 992 Tibi
1094 924 1236 994 haec
1271 924 1467 994 fuisse
1505 940 1571 994 et
1605 951 1747 995 esse
1791 926 2241 1020 cognitissima

912 1031 1020 1098 Ait
1062 1029 1376 1100 Phaselus
1416 1057 1431 1098 ε
1474 1030 1704 1101 ultima
1744 1057 1823 1100 ex
1858 1033 2112 1126 origine
2695 1060 2738 1097 ·s

919 1138 1064 1203 Tuo
1107 1139 1362 1205 stetisse
1397 1137 1559 1206 dicit
1596 1141 1663 1207 in
1700 1140 2078 1225 cacumine,

910 1244 1056 1310 Tuo
1095 1244 1402 1313 imbuisse
1439 1243 1762 1338 palmulas
1807 1247 1873 1312 in
1917 1270 2215 1337 aequore,

913 1352 1000 1416 Et
1036 1349 1188 1418 inde
1225 1364 1323 1418 tot
1365 1376 1484 1444 per
1525 1354 1916 1444 impotentia
1955 1351 2120 1419 freta

913 1458 1166 1523 Herum
1210 1457 1464 1542 tulisse3
1506 1456 1665 1526 laeva
1688 1512 1704 1542 ,
1742 1460 1879 1526 sive
1916 1457 2184 1527 dextera

911 1565 1202 1631 Vocaret
1239 1588 1434 1650 aura,
1471 1568 1610 1632 sive
1646 1579 2001 1657 utrumque
2036 1566 2294 1658 Jupiter

912 1669 1120 1738 Simul
1166 1671 1493 1739 secundus
1531 1671 1862 1740 incidisset
1897 1672 1960 1737 in
2002 1671 2269 1764 pedem3

914 1776 1147 1868 Neque
1179 1774 1308 1844 ulla
1347 1792 1499 1845 vota
1535 1776 1896 1845 litoralibus
1931 1779 2075 1846 Diis

600 2005 719 2036 men
747 1986 947 2038 inutile.
969 2011 989 2032 a
1012 1987 1147 2037 Mira
1170 1999 1343 2038 autem
1373 1988 1620 2039 suavitate

596 2064 901 2118 recordatur
942 2065 1189 2118 Phaselus
1235 2085 1329 2116 usu
1380 2079 1428 2117 et
1475 2080 1622 2118 aetate

595 2164 737 2196 nunc
765 2165 972 2212 exesus,
1002 2164 1055 2196 se
1090 2146 1215 2196 olim
1248 2146 1382 2196 inter
1407 2147 1623 2197 arbores

597 2223 871 2276 frondosas
897 2225 1130 2276 floruisse
1157 2226 1209 2275 in
1229 2228 1359 2296 jugo
1385 2227 1624 2296 Cytorio,

597 2318 648 2356 et
682 2305 931 2356 foliorum
978 2305 1255 2374 agitatione
1295 2303 1623 2356 dulcissimos

595 2401 835 2436 susurros
860 2383 1111 2445 edidisse,
1138 2382 1282 2453 quod
1311 2382 1505 2436 dicitur
1535 2404 1554 2435 1
1572 2405 1623 2449 ι,

597 2463 814 2533 loquente
874 2484 1010 2514 coma
1056 2465 1205 2514 edidit
1253 2464 1456 2516 sibilum.
1502 2465 1623 2515 Ele·

598 2557 779 2613 gauter
797 2544 937 2595 enim
961 2544 1236 2595 arboribus
1258 2564 1358 2596 vox
1378 2558 1425 2596 et
1446 2558 1626 2596 cantus

596 2624 842 2674 tribuitur
871 2642 899 2674 a
935 2623 1116 2693 poetis,
1143 2624 1419 2675 Petronius
1443 2626 1622 2676 Carm.

608 2720 627 2752 1
645 2721 712 2753 20
738 2720 750 2752 :
780 2729 799 2748 u
825 2703 1007 2754 Mollia
1031 2701 1257 2754 discordi
1284 2705 1499 2773 strepitu
1527 2705 1626 2755 vir-

594 2783 735 2850 gulta
759 2782 1107 2851 loquuntur-3
1131 2785 1223 2834 ubi
1245 2783 1427 2834 similia
1448 2802 1624 2834 exem·

600 2862 686 2929 pla
720 2862 858 2931 larga
891 2880 1049 2914 manu
1081 2862 1283 2914 dabunt
1320 2863 1627 2932 interpretes

600 2961 715 3011 pag.
748 2943 880 3011 567,
906 2940 1029 2994 edit.
1063 2945 1244 2995 Burm.
1273 2956 1324 2994 et
1347 2940 1413 2992 ad
1440 2943 1622 3011 virgil.

602 3022 778 3090 Eclog.
816 3042 866 3073 v·
902 3024 993 3074 28.
1026 3022 1129 3075 Sed
1163 3022 1280 3074 satis
1323 3034 1509 3073 notum
1543 3023 1623 3073 vel

599 3121 661 3151 ex
702 3102 874 3170 primo
907 3121 1059 3154 versu
1106 3100 1415 3154 Theocriti:
1455 3127 1476 3145 κ
1517 3094 1624 3154 Ᾰδὺ

598 3201 644 3231 τι
670 3201 722 3232 το
748 3183 1008 3251 ψιθὺρισμα
1033 3183 1114 3234 καὶ
1151 3184 1182 3235 ἀ
1216 3184 1377 3240 πίτυς.
1400 3206 1420 3225 1·
1459 3180 1628 3232 Simili

602 3259 762 3311 modo
794 3262 1022 3329 pristinae
1054 3281 1159 3312 suae
1187 3259 1501 3313 conditionis
1523 3279 1625 3312 me·

605 3359 719 3390 mor
759 3341 906 3392 navis
936 3339 1205 3394 inducitur
1234 3341 1285 3392 in
1316 3342 1625 3410 epigramm.

600 3420 782 3471 incerti
836 3418 1107 3490 cujusdam
1157 3434 1324 3489 poetae
1369 3419 1522 3489 graeci
1575 3420 1624 3471 in

602 3499 834 3550 Analect.
853 3501 972 3551 Vet.
996 3500 1143 3553 Poet.
1165 3500 1332 3552 Graec.
1359 3512 1487 3551 tom.
1513 3500 1626 3563 111,

603 3578 768 3647 epigr.
788 3579 897 3631 385
917 3618 931 3641 ‚
950 3599 1067 3649 pag.
1090 3587 1186 3631 232
1201 3618 1217 3644 ‚
1245 3579 1367 3631 edit.
1391 3578 1624 3631 Brunck.

608 3686 626 3703 ι
657 3659 858 3725 Οὕρεσιν
893 3662 939 3710 ἐν
982 3654 1190 3726 δολιχοὶς
1230 3657 1443 3727 Ελωθρήν
1480 3662 1623 3712 πίτυν

599 3739 754 3798 ὓέτιός
786 3760 847 3806 με
885 3740 1138 3809 Πρόρῥιζον
1181 3741 1320 3806 γάιης
1354 3738 1625 3801 ἐξεκύλισσε

603 3819 781 3878 Νότος.
821 3807 961 3870 Evosv
1006 3825 1119 3877 ναῦς
1147 3820 1386 3888 γενόμην,
1433 3818 1626 3887 ἀνέμοις

598 3899 745 3949 πάλιν
762 3899 886 3968 ὄφρα
897 3899 1158 3968 μάχωμαι.
1175 3889 1424 3967 Ᾰνθρωποι
1444 3898 1627 3966 τόλμης

601 3979 650 4027 οὕ
692 3997 813 4029 ποτε
855 3974 1145 4047 φειδόμενοι.
1169 4003 1191 4024 ι
1232 3979 1473 4029 Amastris
1508 3978 1631 4029 urbs

601 4056 1005 4128 Paphlagonia,
1032 4057 1301 4110 Sesamum
1332 4056 1459 4109 olim
1492 4076 1629 4108 nun-

603 4149 820 4207 cupata,
839 4138 1078 4206 proxima
1106 4138 1269 4189 monti
1302 4137 1505 4206 Cytoro,
1536 4137 1630 4205 qui

1712 1988 1898 2052 buxifer
1912 1985 2103 2037 dicitur
2126 1997 2344 2055 propter
2360 1984 2741 2039 abundantiam

1712 2067 1992 2117 bnxorum.
2025 2066 2211 2135 virgil.
2242 2066 2434 2134 Georg.
2467 2068 2546 2126 11,
2585 2067 2695 2136 437
2728 2086 2740 2117 :

1718 2148 1816 2196 «Et
1842 2149 1988 2217 juvat
2018 2145 2303 2197 undantem
2334 2146 2476 2196 buxo
2506 2160 2745 2216 spectare

1710 2228 1986 2292 Cytorum.
2012 2252 2033 2270 ι

1799 2308 1886 2357 15.
1922 2306 2101 2356 Ultima
2140 2326 2199 2354 es:
2230 2308 2444 2372 origine,
2487 2324 2592 2356 non
2612 2344 2626 2366 ‚
2661 2306 2743 2357 uti

1709 2405 1893 2436 omnes
1919 2385 2344 2455 interpretantur,
2370 2385 2431 2434 ab
2459 2389 2742 2456 antiquissi-

1712 2470 1798 2516 mis
1826 2465 1933 2515 iude
1954 2465 2235 2534 temporibus
2253 2505 2266 2524 ,
2293 2479 2345 2517 at
2370 2465 2546 2535 potius
2572 2488 2632 2516 es:
2654 2485 2746 2516 an·

1714 2548 1972 2617 tiquissima
2000 2558 2046 2594 et
2074 2545 2363 2595 nobilissima
2382 2545 2603 2596 arborum
2622 2550 2740 2609 stit,-

1704 2646 1801 2695 pe;
1848 2644 1967 2675 nam
2002 2625 2214 2676 arbores
2245 2622 2450 2677 ducunt
2483 2627 2630 2695 quasi
2661 2627 2742 2677 sa-

1714 2705 1909 2755 miliam
1951 2703 2236 2773 quamdam
2256 2743 2271 2767 ,
2313 2703 2542 2775 ideoque
2593 2704 2742 2777 apud

1711 2797 1889 2854 poetas
1917 2797 2142 2835 matrum
2165 2783 2499 2854 filiarumque
2525 2786 2743 2836 nomine

1710 2862 1948 2915 audiunt.
1977 2865 2053 2915 Ex
2080 2883 2138 2915 ea
2167 2864 2306 2915 nube
2339 2865 2702 2933 exemplorum
2725 2902 2742 2925 ‚

1712 2963 1830 3013 quoe
1855 2944 2162 3012 interpretes
2189 2942 2551 3007 adduxerunt,
2574 2963 2743 2995 unum

1714 3024 1817 3075 huc
1836 3023 1958 3074 facit
1985 3043 2015 3073 a
2035 3023 2196 3074 Statio
2224 3021 2490 3074 laudatum
2523 3043 2584 3074 ex
2615 3023 2746 3073 Cor·

1712 3103 1851 3153 nelio
1877 3102 2096 3170 Nepote,
2122 3103 2172 3153 in
2198 3103 2368 3171 Attico
2391 3121 2506 3171 cap.
2530 3105 2582 3167 l,
2600 3105 2745 3155 Pom·

1706 3186 1880 3251 porcius
1938 3182 2135 3233 Atticus
2151 3220 2164 3240 ‚
2223 3182 2285 3233 ab
2337 3185 2524 3250 origine
2570 3185 2744 3234 ultima

1714 3266 1873 3330 stirpis
1894 3262 2125 3311 Romana?
2141 3274 2415 3330 generatus.

1803 3360 1991 3408 19-22.
2032 3342 2176 3391 Laeva
2197 3382 2211 3404 ,
2242 3345 2337 3393 sive
2371 3341 2567 3392 dextera
2595 3363 2647 3393 v.
2683 3364 2735 3394 α.

1715 3424 1808 3472 sive
1840 3434 1931 3471 atr.
1968 3433 2065 3471 ete.
2104 3419 2327 3473 Sensus:
2358 3422 2581 3491 Explevi
2613 3423 2742 3475 boni

1716 3501 1901 3571 navigii
1941 3514 2110 3570 partes
2150 3501 2255 3552 sive
2286 3501 2353 3552 ab
2392 3521 2494 3553 una
2539 3514 2742 3552 tantum

1716 3595 1862 3649 parte
1886 3581 1954 3638 (a
1977 3580 2174 3630 dextera
2195 3581 2278 3630 vel
2300 3600 2329 3629 a
2360 3581 2603 3641 sinistra),
2631 3580 2740 3632 sive

1715 3662 1781 3711 ab
1830 3673 2048 3730 utraque
2106 3674 2253 3729 parte
2315 3672 2501 3712 ventus
2556 3677 2744 3711 secun-

1716 3739 1814 3791 dus
1849 3741 1915 3791 ita
1961 3738 2274 3809 adspiraret,
2314 3753 2370 3790 ut
2408 3740 2578 3810 plenis
2617 3739 2746 3791 velis

1715 3838 1926 3871 currere
1972 3818 2165 3871 liceret.
2217 3819 2370 3870 Pedes
2416 3818 2668 3872 dicuntur
2715 3838 2747 3871 a

1717 3899 1885 3951 nautis
1911 3899 2092 3962 funes,
2118 3899 2311 3968 quibus
2338 3899 2610 3951 inferiores
2640 3898 2745 3950 veli

1717 3978 1891 4047 anguli
1944 3979 2167 4047 puppim
2223 3996 2402 4030 versus
2465 3977 2749 4030 adducun-

1722 4070 1822 4107 tur.
1843 4055 2001 4121 Quod
2021 4059 2060 4109 si
2084 4058 2241 4127 igitur
2264 4059 2332 4110 ab
2355 4071 2576 4129 utraque
2595 4071 2751 4129 parte

1720 4149 1903 4188 ventus
1927 4136 2183 4190 secundus
2213 4136 2373 4192 adflat
2390 4179 2405 4202 ,
2429 4139 2496 4190 ab
2525 4150 2753 4208 utraque
