2986 4935
715 459 858 553 379.

1242 462 1316 525 C.
1355 461 1792 527 VALERII
1849 463 2316 532 CATULLI

928 590 1196 657 Assidue
1230 618 1242 657 ε
1276 616 1507 657 verum
1546 591 1911 685 dispeream
1935 649 1953 682 ‚
1989 596 2113 663 nisi
2147 621 2318 665 amo.

707 786 822 837 aliis
841 783 1224 836 recentioribus
1247 780 1542 831 editoribus
1570 782 1732 833 secuti

707 884 904 915 sumus.
924 863 1140 914 Vossius
1184 882 1245 912 ex
1286 859 1423 913 Cod.
1468 859 1735 912 Mediola-

707 945 855 995 nensi
892 944 1095 1013 profert
1132 944 1243 1009 Ouo
1275 947 1456 1008 signo?
1485 944 1598 1012 quia
1626 954 1738 991 sunt

708 1026 901 1075 totidem
926 1044 1026 1073 mea
1050 1014 1181 1090 (scil.
1213 1018 1528 1080 maledicta).
1547 1021 1736 1090 Depre-

706 1125 788 1154 cor
828 1106 961 1154 illam
1006 1102 1217 1154 Assidue
1237 1120 1253 1151 .·
1280 1121 1440 1152 verum
1460 1138 1474 1161 ‚
1526 1114 1623 1152 etc.
1654 1134 1731 1142 —

706 1184 1021 1235 Passeratius
1054 1183 1263 1233 Assidue
1301 1182 1459 1233 refert
1498 1179 1563 1231 ad
1603 1201 1728 1233 amo.

708 1267 948 1332 Deprecer
990 1262 1220 1331 Vulpius
1251 1300 1269 1323 ‚
1316 1260 1495 1312 nescio
1549 1259 1691 1310 unde
1716 1303 1731 1326 ,

705 1343 795 1394 sed
827 1345 1040 1395 fortasse
1066 1341 1272 1393 rectius.
1296 1373 1372 1381 —
1398 1340 1588 1391 Sensus
1618 1354 1693 1391 est
1715 1360 1727 1393 ε

712 1452 731 1470 n
755 1425 967 1487 Quaerat
988 1423 1200 1473 fortasse
1217 1421 1409 1491 aliquis
1425 1456 1441 1482 ‚
1462 1418 1605 1470 uncle
1627 1420 1730 1474 hoc

704 1502 982 1573 colligam?
1005 1501 1148 1572 quasi
1167 1499 1232 1551 (le
1248 1503 1359 1571 ejus
1376 1502 1429 1551 in
1452 1519 1535 1549 me
1552 1519 1730 1552 amore

703 1583 935 1635 dubitari
961 1581 1136 1633 adhuc
1160 1583 1351 1649 possit,
1382 1598 1549 1649 quum
1583 1597 1726 1629 sem-

704 1684 798 1734 per
822 1705 836 1728 ‚
882 1674 1015 1732 quot
1063 1662 1172 1731 ipsa
1228 1661 1281 1711 in
1333 1679 1416 1710 me
1466 1658 1729 1727 conjicere

703 1745 830 1794 solet
878 1742 1114 1793 convicia
1141 1780 1156 1803 ‚
1200 1753 1273 1791 tot
1322 1739 1490 1789 statim
1540 1757 1635 1807 ego
1674 1740 1727 1789 in

704 1824 847 1874 illam
877 1823 1140 1892 rejiciam,
1168 1833 1218 1871 et
1236 1820 1288 1869 in
1316 1819 1418 1868 hoc
1444 1818 1562 1888 ipso
1589 1818 1727 1869 rixa-

704 1923 819 1953 rum
849 1921 1040 1972 genere
1080 1901 1191 1970 ipse
1232 1899 1313 1949 vel
1357 1898 1585 1948 maxime
1616 1899 1727 1948 vim

702 1984 896 2033 amoris
916 1981 1155 2033 sentiam.
1181 2005 1203 2024 ι»
1225 2009 1305 2018 -
1320 1979 1587 2047 Deprecari
1600 1996 1730 2047 pau-

702 2065 752 2112 lo
799 2062 1137 2112 insolentiore
1185 2059 1565 2129 significatione
1604 2076 1726 2107 cum

1823 802 1945 835 casu
1995 784 2146 835 tertio
2197 788 2304 857 jam
2356 788 2590 858 positum
2620 827 2637 853 ,
2689 793 2842 843 Aulus

1825 863 2029 915 Gellius
2065 855 2254 929 (Noct.
2291 868 2515 933 Att.V1,
2552 859 2625 935 6)
2664 869 2841 943 dispu-

1825 956 1936 993 tans
1963 957 2151 995 contra
2173 945 2435 1017 aliquem,
2465 948 2559 1018 qui
2588 952 2726 1002 male
2749 953 2840 1004 hoc

1824 1025 2047 1074 verbum
2094 1038 2340 1094 ceperat,
2388 1040 2440 1079 et
2485 1028 2842 1099 frigidissimos

1826 1101 1950 1153 inde
1970 1103 2066 1153 hos
2085 1104 2279 1156 Catulli
2302 1125 2484 1158 versus
2496 1106 2842 1176 judicaverat,

1820 1183 2043 1253 explicat
2068 1185 2325 1249 detestari,
2347 1194 2592 1239 aseer-ari
2605 1232 2621 1253 ,
2653 1192 2842 1261 depelle·

1820 1282 1898 1323 re,
1935 1263 2221 1316 abominari.
2269 1265 2404 1329 Quae
2434 1267 2654 1337 quidem
2695 1271 2843 1323 Genii

1819 1343 2104 1411 explicatio
2135 1344 2283 1396 nullo
2316 1344 2478 1398 modo
2504 1350 2724 1418 probari
2755 1372 2843 1422 po-

1821 1421 1918 1472 tuit
1972 1423 2203 1474 Murem.
2255 1423 2360 1476 Sed
2408 1426 2643 1498 Scaliger
2694 1429 2841 1485 docte

1820 1500 2046 1553 ostendit
2085 1541 2100 1565 ,
2159 1503 2405 1573 deprecari
2457 1510 2682 1577 proprie
2743 1532 2842 1562 esse

1827 1582 2110 1650 «precari,
2148 1602 2214 1635 ne
2249 1583 2382 1655 quid
2425 1588 2582 1638 nobis
2615 1590 2840 1645 aecidat.

1818 1658 2055 1731 adeoque
2072 1699 2086 1725 ‚
2116 1680 2232 1731 quae
2259 1665 2376 1734 quis
2401 1666 2556 1718 nobis
2582 1669 2841 1739 impreca-

1821 1752 1901 1790 tus
1924 1756 2027 1802 εει,
2075 1742 2129 1792 in
2164 1742 2399 1810 ejusdem
2432 1761 2592 1817 caput
2629 1753 2841 1820 rejicere

1820 1832 1868 1870 et
1893 1820 2120 1872 amoliri.
2142 1847 2163 1865 n
2203 1824 2316 1876 Nec
2357 1842 2454 1894 ego
2495 1824 2562 1878 de
2597 1828 2844 1900 Scaligeri

1820 1899 2252 1969 interpretatione
2302 1902 2536 1963 dubito;
2591 1910 2720 1960 alias
2759 1912 2840 1960 de-

1811 1998 1984 2047 precor
2024 1981 2178 2032 facile
2213 1984 2404 2035 mutari
2445 2002 2621 2055 posset
2657 1990 2710 2040 in
2752 1995 2839 2040 ἑπι-

1812 2079 2000 2126 ΙΠἛΟΟΓ.

1301 2271 1836 2357 CARMEN
1903 2274 2257 2361 XCIII.

1470 2506 1568 2570 JN
1633 2505 2054 2551 CAESAREM.

809 2705 937 2769 Nu.
977 2702 1250 2767 nimium
1293 2698 1557 2782 studeo,
1593 2702 1849 2783 Caesar,
1892 2700 2005 2766 tibi
2051 2700 2220 2769 velle
2256 2702 2549 2798 placere,

906 2811 1050 2875 Nec
1087 2808 1281 2887 scire,
1325 2821 1546 2872 utrum
1590 2805 1673 2871 sis
1713 2803 1937 2890 albim,
1981 2832 2068 2874 an
2111 2823 2253 2878 ater
2292 2812 2517 2880 houm.

773 3018 909 3063 Ano.
937 3011 1112 3073 Quam
1138 3025 1326 3077 parum
1352 3008 1542 3057 Noster
1562 3004 1725 3055 Caesa·

695 3113 804 3145 rem
840 3104 987 3143 curet
1007 3129 1020 3150 ,
1040 3087 1180 3139 baud
1206 3086 1592 3137 dissimulanter
1620 3085 1722 3137 hoc

694 3173 920 3225 disticho
949 3167 1167 3219 indicat.
1190 3200 1266 3208 —
1292 3167 1478 3235 Carpit
1504 3163 1722 3235 quidem

693 3253 795 3303 hoc
823 3250 1038 3301 nomine
1067 3247 1332 3299 Catullum
1363 3245 1724 3309 Quintilianus

696 3332 920 3382 Institut.
955 3328 1102 3378 Orat.
1136 3328 1246 3390 XI,
1288 3346 1308 3378 1
1332 3366 1345 3388 ,
1375 3327 1467 3377 ubi
1501 3325 1719 3376 scribit:

701 3439 721 3455 a
745 3412 911 3477 Negat
959 3426 1011 3457 se
1067 3408 1242 3476 magni
1304 3408 1472 3457 facere
1527 3406 1721 3475 aliquis

694 3504 970 3560 poetarum
996 3524 1012 3549 ,
1061 3502 1243 3538 utrum
1290 3488 1460 3537 Caesar
1504 3498 1614 3535 ater
1654 3503 1716 3535 an

692 3571 842 3621 albus
862 3568 1024 3618 honio
1054 3568 1117 3618 sit
1135 3584 1147 3618 :
1165 3578 1331 3625 verte,
1359 3577 1418 3616 ut
1437 3563 1578 3615 idem
1603 3566 1717 3617 Cae·

691 3671 774 3701 sar
795 3648 860 3699 de.
883 3648 975 3698 illo
996 3645 1191 3697 dixerit
1209 3682 1223 3705 ‚
1251 3645 1544 3713 arrogantia
1568 3659 1666 3708 est3
1688 3672 1708 3690 1.

691 3728 781 3780 sed
847 3730 956 3797 ipse
1003 3727 1175 3776 bonus
1221 3725 1577 3788 Quintilianus
1631 3726 1715 3775 ni-

691 3812 859 3860 mium
888 3808 1094 3878 placere
1118 3803 1361 3856 studebat
1383 3804 1716 3867 Domitiano,

690 3893 908 3958 ejusque
963 3903 1145 3938 auram
1202 3885 1298 3935 hac
1349 3886 1457 3954 ipsa
1503 3883 1715 3935 fortasse

690 3969 862 4018 Poetae
899 3966 1063 4017 nostri
1099 3964 1428 4016 cavillatione
1457 3966 1713 4033 captabat.

776 4067 824 4098 1.
862 4049 965 4097 Pro
999 4046 1090 4097 Nil
1117 4043 1363 4114 equidem
1399 4044 1468 4095 ob
1503 4063 1576 4093 vs.
1602 4063 1711 4114 seq.

688 4127 885 4180 malim*
906 4128 1022 4178 Nec.
1058 4157 1135 4166 —-
1167 4125 1306 4175 Velle
1341 4121 1579 4176 abundat
1602 4161 1618 4188 ‚
1656 4136 1713 4175 ut

1812 3024 1971 3076 saepe3
1993 3010 2133 3061 conf.
2155 3011 2331 3081 Heyne
2357 3012 2426 3065 ad
2450 3014 2658 3070 Tibull.
2685 3020 2742 3078 1.
2773 3038 2830 3083 π,

1814 3105 1901 3151 92.

1897 3186 1945 3217 2.
1971 3170 2032 3219 In
2067 3167 2299 3223 editione
2334 3173 2611 3227 Parthenii
2651 3196 2832 3230 corrn-

1810 3247 2042 3315 ptissime
2071 3250 2157 3302 hic
2188 3269 2368 3303 versus
2389 3253 2586 3323 legitur
2610 3257 2710 3323 ita,
2736 3259 2833 3310 Nec

1808 3331 1854 3375 si
1873 3347 1998 3377 orem
2013 3369 2026 3390 ‚
2057 3342 2212 3380 utrum
2234 3335 2300 3381 sis
2321 3333 2483 3384 salvus
2507 3354 2574 3386 an
2596 3338 2725 3388 alter
2744 3341 2832 3387 Ιιο-

1810 3425 1899 3458 mo.
1926 3409 2144 3460 Vossius
2180 3410 2234 3461 in
2269 3412 2420 3464 libris
2463 3416 2703 3487 antiquis
2747 3417 2834 3470 de·

1808 3487 2160 3554 prehenderat
2177 3490 2282 3542 Nec
2301 3495 2347 3542 si
2357 3513 2438 3543 οη
2450 3534 2465 3555 ,
2494 3494 2645 3548 unde
2662 3498 2833 3566 legen·

1807 3564 1938 3617 dum
1984 3570 2197 3620 fortasse
2243 3572 2400 3624 alicui
2453 3572 2633 3628 videri
2687 3595 2834 3646 posse

1808 3647 2064 3700 existimat
2102 3650 2280 3700 Nescio
2299 3671 2380 3702 ore
2409 3665 2571 3706 utrum
2604 3661 2674 3706 sis
2699 3657 2834 3706 albas

1807 3746 1870 3775 an
1898 3741 2003 3776 aler
2037 3729 2189 3781 homo.
2231 3729 2337 3783 Sed
2375 3751 2537 3785 nemo
2572 3734 2729 3786 facile
2769 3733 2834 3786 ad

1806 3804 1898 3857 has
1936 3809 2087 3859 metri
2129 3809 2360 3862 rationes
2396 3811 2617 3865 Poetam
2656 3816 2712 3866 in
2741 3833 2836 3865 or·

1804 3885 1985 3938 dinem
2018 3886 2259 3958 redigere
2286 3892 2528 3945 tentabit.
2557 3896 2683 3965 Ipse
2699 3896 2836 3944 Vos—

1803 3966 1909 4017 sius
1937 3967 2063 4037 legit
2097 3970 2271 4022 Nescio
2293 3982 2451 4022 utrum
2477 3977 2547 4024 sis
2576 3975 2737 4025 atbar.
2757 4004 2836 4014 —-

1802 4047 1881 4096 Ne
1919 4053 1965 4097 si
1996 4067 2124 4098 orem
2162 4047 2246 4101 ed.
2281 4051 2451 4122 Rheg.
2473 4086 2557 4095 ——
2584 4054 2694 4106 Nec
2722 4069 2838 4104 cam

1802 4139 1959 4177 utrum
1997 4128 2050 4179 in
2091 4131 2329 4200 margine
2366 4131 2430 4183 L.
2476 4131 2661 4186 Heius.
2691 4129 2836 4204 apud
