2986 4935
651 412 854 466 xxlv
954 409 1503 465 EDITORIS
1569 411 1826 468 Novl
1897 411 2486 468 PRAEFATIO.

646 553 1010 678 epithal.
1066 556 1360 644 Carm.
1413 555 1705 667 LXII,
1759 553 2005 676 quod
2054 558 2146 641 in
2196 552 2430 643 libro
2474 556 2778 645 Thua-

643 740 817 795 neo
854 704 1181 794 decimi
1220 702 1498 790 seculi
1529 707 1646 795 N⁰
1678 704 1903 822 8071
1954 702 2178 817 Bibl.
2221 706 2444 830 Reg.
2492 711 2778 796 conti—

641 878 944 968 netur,
987 840 1499 977 relegimus.

766 1010 850 1094 N
856 1037 1079 1116 unc,
1132 1005 1387 1092 omni
1431 1004 1721 1091 nostri
1765 1005 2060 1123 operis
2109 1007 2515 1125 exposito
2563 1040 2778 1096 con-

642 1155 885 1269 silio,
930 1157 1338 1267 venim,
1393 1151 1840 1277 quidquid
1887 1152 2584 1245 desiderandum
2639 1192 2777 1247 re-

643 1306 1119 1429 liquimus3
1171 1303 1606 1429 gratiam,
1653 1303 1726 1389 si
1774 1299 1995 1425 quid
2042 1302 2528 1393 Catulliani
2586 1339 2777 1395 car-

640 1455 913 1573 minis
963 1452 1585 1540 recensionem
1624 1482 1788 1572 per
1823 1482 1993 1539 nos
2031 1449 2514 1571 profecisse
2546 1455 2778 1573 judi-

642 1604 1018 1715 caveris,
1060 1621 1150 1687 te
1192 1631 1646 1723 rogamus.

2318 1730 2393 1814 J.
2472 1733 2580 1817 N.

641 1956 994 2051 quodpiam
1031 1953 1208 2024 aliud
1239 1953 1535 2022 exstabat
1562 2007 1580 2039 ,
1611 1952 1785 2019 unde
1818 1966 2038 2045 posset
2074 1951 2271 2022 libelli
2302 1956 2495 2049 hujus
2527 1959 2775 2029 habere

642 2077 900 2169 copiam
940 2072 1390 2168 exemplandi,
1423 2087 1490 2140 et
1520 2087 1594 2140 ut
1625 2098 1706 2140 ex
1740 2073 1883 2165 ipso
1911 2070 2243 2142 salebroso
2277 2073 2521 2168 aliquid
2549 2093 2776 2172 tamen

641 2208 986 2290 suggeret,
1018 2193 1309 2261 decrevit
1342 2194 1565 2285 potius
1601 2207 1822 2259 tamen
1864 2206 2251 2285 corruptum
2291 2193 2535 2262 habere
2572 2222 2776 2289 quam

641 2316 912 2381 omnino
941 2337 1194 2398 carere,
1220 2336 1488 2404 sperans
1512 2311 1728 2377 adhuc
1756 2310 1839 2377 ab
1862 2310 2081 2402 aliquo
2108 2308 2235 2378 alio
2260 2310 2527 2382 fortuite
2550 2340 2775 2383 emer-

641 2433 1032 2527 gentehunc
1060 2455 1251 2526 posse
1281 2431 1629 2521 corrigere.
1646 2425 1936 2514 valebis,
1967 2430 2017 2496 si
2045 2430 2104 2496 ei
2133 2429 2602 2526 interpretatus
2629 2460 2774 2504 non

641 2551 859 2619 fueriS.

1231 2680 1422 2776 1375
1455 2650 1600 2748 1⁶13ss
1628 2679 1846 2748 octob.
1888 2704 1978 2775 19
2007 2650 2097 2775 qii

1105 2791 1111 2802 ’
1215 2801 1644 2895 Casignorius
1685 2798 2030 2869 laborabat
2067 2804 2134 2869 in

1212 2922 1538 2989 extremis.
1565 2950 1597 2983 »
