2986 4935
688 542 819 584 102

1202 523 1275 584 C.
1325 519 1752 583 VALERII
1810 519 2275 585 CATULLI

988 651 1169 741 Aptis
1209 647 1549 715 sarcinulis
1588 661 1653 713 et
1688 647 2042 739 expediti5‚

989 757 1280 820 Veranni
1326 755 1606 847 optime,
1642 768 1877 845 tuque,
1911 756 1997 820 mi
2034 753 2332 834 Fabulle,

988 859 1166 946 Quid
1215 886 1432 926 reruni
1475 857 1740 951 geritis?

1785 861 2025 926 satisne
2067 885 2217 925 eum
2253 862 2376 927 isto

987 970 1249 1059 vappa,
1284 967 1659 1058 frigoraque
1705 980 1769 1031 et
1807 964 2044 1032 famem
2086 964 2357 1032 tulistis?

990 1071 1398 1164 Ecquidnam
1444 1074 1510 1138 in
1560 1070 1794 1138 tabulis
1830 1085 2012 1163 patet
2048 1069 2262 1148 lucelli

990 1177 1406 1270 Expensum?
1440 1192 1510 1244 ut
1548 1177 1732 1251 mihi,
1768 1178 1877 1269 qui
1918 1201 2135 1243 meum
2178 1190 2437 1244 secutus

993 1286 1340 1350 Praetorem
1364 1338 1381 1366 ‚
1423 1284 1638 1350 refero
1675 1282 1898 1348 datum
1940 1282 2211 1366 lucello;

995 1391 1056 1453 0
1097 1391 1402 1472 Memmi,
1443 1390 1607 1454 liene
1651 1414 1787 1471 me,
1821 1412 1897 1455 ae
1935 1388 2045 1455 diu
2090 1392 2395 1482 supinum

679 1603 934 1674 Vulpius‚
971 1605 1069 1655 Cn.
1107 1605 1355 1673 Calpurn.
1387 1603 1540 1663 Piso,
1580 1604 1698 1673 qui,

678 1695 801 1734 teste
826 1683 1065 1734 Sallustio
1090 1679 1164 1744 (in
1189 1682 1394 1732 Catilin.
1423 1701 1468 1733 c.
1510 1701 1527 1732 ι
1544 1680 1616 1743 8,)
1647 1683 1699 1731 ἰιι

675 1762 969 1813 citeriorem
1006 1761 1307 1832 Hispaniam
1351 1773 1574 1830 quaestor
1605 1780 1702 1830 pro

676 1854 901 1911 praetore
934 1832 1010 1908 (h.
1040 1861 1085 1891 e.
1117 1861 1220 1891 cum
1247 1843 1440 1908 imperio
1465 1853 1514 1888 et
1542 1839 1703 1907 de'gm'·

682 1933 779 1970 tate
790 1917 1044 1990 prceeoriu)
1064 1920 1247 1971 missus
1272 1932 1362 1970 est.
1388 1918 1490 1970 Sed
1514 1932 1703 1988 praetor

678 2001 835 2051 etiam
877 2000 930 2049 in
963 1999 1212 2068 Hispania
1249 1999 1347 2049 fuit
1384 2000 1443 2050 L.
1478 1999 1702 2069 Calpur-

679 2079 797 2130 nius
825 2079 963 2141 Piso,
989 2078 1207 2141 Pisonis,
1233 2078 1321 2147 qui
1351 2078 1553 2148 primus
1583 2080 1631 2130 F
1630 2098 1705 2127 ru·

675 2163 733 2225 gi
770 2156 938 2210 dictus
981 2172 1087 2217 est,
1132 2156 1284 2208 filius.
1336 2160 1412 2209 De
1451 2176 1558 2227 quo
1595 2156 1703 2208 vid.

683 2238 1020 2290 Cic.Verrin.
1051 2239 1145 2297 IV,
1181 2238 1248 2289 25
1271 2276 1283 2298 ‚
1308 2250 1356 2288 et
1391 2238 1505 2288 Liv.
1536 2238 1705 2298 va,

687 2337 770 2368 20.
815 2319 876 2368 In
918 2317 1221 2386 Hispaniam
1261 2328 1704 2386 ce1·tep1·aetoreni

680 2410 879 2448 secutos
918 2414 1024 2447 esse
1068 2396 1390 2445 Vei-annium
1427 2407 1477 2445 et
1516 2394 1705 2445 Fabul-

685 2476 824 2536 lum,
859 2476 1101 2543 colligere
1133 2492 1403 2543 possumus
1434 2494 1496 2525 ex
1527 2476 1704 2526 Carm.

684 2555 762 2604 lx
787 2567 837 2605 et
859 2554 1253 2605 XII.-Col10rs
1275 2557 1455 2614 inanis,
1481 2554 1614 2604 nihil
1639 2571 1705 2603 ex

686 2634 955 2700 provincia
981 2646 1266 2702 reportans.
1296 2634 1370 2682 De
1389 2634 1576 2682 cohorte
1601 2631 1703 2682 vid.

683 2731 839 2781 supra
869 2711 934 2762 ad
972 2712 1146 2764 Carm.
1179 2713 1253 2774 X,
1294 2730 1312 2762 1
1336 2729 1378 2760 1.

770 2810 819 2842 a.
839 2792 985 2861 Aptis
1011 2791 1258 2841 sarcinulis
1286 2804 1332 2839 et
1354 2810 1456 2859 exp.
1484 2790 1707 2841 Sarcinae

687 2882 815 2937 aptae
853 2884 1001 2934 sunt,
1048 2890 1163 2940 quae
1205 2868 1481 2921 commode
1526 2871 1706 2937 gestari

687 2962 927 3020 possimt‚
965 2947 1031 3001 ad
1070 2947 1371 3019 gestandum
1412 2950 1542 2998 bene
1579 2961 1708 3016 aptae

687 3042 740 3080 et
768 3027 1188 3089 accommodatae,
1217 3047 1391 3098 parvae
1416 3040 1466 3078 et
1493 3027 1706 3078 habiles.

690 3109 947 3179 Erpeditoe
967 3128 1149 3177 parum
1167 3119 1407 3169 oneratae,
1424 3107 1706 3158 concinnae.

774 3188 822 3239 5.
879 3188 998 3239 Cum
1047 3193 1137 3237 isto
1190 3188 1381 3256 Vuppa.
1434 3186 1559 3236 Haec
1606 3204 1705 3236 vox

693 3268 932 3319 translata
955 3285 984 3317 a
1016 3267 1139 3317 vino
1172 3278 1421 3335 corrupto
1447 3277 1588 3315 notat
1612 3264 1708 3315 ho-

691 3347 887 3396 minem
937 3365 1161 3414 nequam
1212 3358 1259 3396 et
1292 3345 1487 3394 nullius
1522 3344 1704 3413 pretii,

690 3423 1137 3495 quemadmodum
1163 3436 1212 3475 et
1239 3422 1381 3493 apud
1406 3424 1710 3491 Aristopha-

687 3523 808 3554 nem
843 3505 1011 3565 ὀξίνης.

776 3589 826 3634 6.
859 3584 1096 3654 Ecquidn.
1123 3586 1170 3634 in
1200 3584 1294 3632 tab.
1317 3595 1422 3651 pat.
1452 3593 1549 3632 etc.
1584 3581 1710 3632 Sen-

690 3680 775 3714 sus
802 3675 906 3714 est:
953 3663 1094 3713 Num
1122 3680 1407 3730 expensum
1441 3661 1493 3710 in
1529 3661 1714 3712 tabulis

689 3743 871 3794 vestris
886 3754 1130 3811 tanquam
1144 3742 1351 3792 lucrum
1370 3752 1418 3790 et
1433 3753 1706 3808 acceptum

685 3820 945 3891 apparet?
1007 3833 1063 3871 ut
1120 3820 1246 3870 milii
1302 3819 1430 3869 olim
1483 3816 1667 3869 accidit
1692 3856 1708 3881 ,

687 3919 851 3971 quum
895 3913 1169 3970 praetorem
1216 3916 1391 3948 meum
1433 3898 1484 3947 in
1527 3897 1707 3967 Bithy·

686 3980 826 4030 niam
852 3992 1054 4030 secutus
1082 3976 1244 4027 datum
1269 3976 1322 4026 b.
1350 3996 1394 4027 e.
1424 3994 1706 4045 expensum

690 4050 802 4123 (dus
827 4048 1095 4126 zugesetze)
1127 4056 1262 4108 lucri
1292 4068 1341 4105 et
1368 4055 1568 4125 accepti
1590 4056 1708 4107 loco

689 4137 744 4190 in
781 4138 969 4196 tabulis
1003 4136 1228 4190 scribere
1255 4152 1485 4204 cogerer.
1529 4134 1705 4185 Facie·

1788 1603 1875 1653 bat
1916 1603 2070 1671 igitur
2111 1604 2164 1654 in
2204 1604 2423 1667 tabulis,
2466 1605 2555 1656 ubi
2598 1607 2797 1657 lucrum

1789 1682 1868 1733 vel
1925 1696 2193 1752 acceptum
2250 1701 2502 1754 apparere
2562 1682 2798 1743 debehat,

1786 1773 2061 1831 utramque
2086 1762 2326 1831 paginam
2350 1783 2620 1832 eoesoensum.
2653 1763 2796 1816 Conf.

1788 1840 2023 1892 Gronov.
2053 1840 2119 1891 de
2142 1840 2259 1892 Pec.
2281 1843 2400 1894 Vet.
2426 1844 2537 1907 111,
2568 1862 2589 1895 1
2606 1863 2655 1912 7,
2688 1861 2796 1913 pag.

1794 1921 1921 1986 557.
1958 1921 2100 1970 Patet
2137 1921 2393 1989 eleganter
2429 1935 2478 1974 et
2504 1924 2722 1992 proprie
2750 1923 2798 1972 in

1790 1998 1987 2049 ratione
2029 2000 2319 2050 tabularum
2358 2020 2455 2071 pro
2486 2014 2588 2063 est,
2632 2012 2795 2060 exstat,

1790 2089 2001 2147 apparet.
2026 2110 2104 2121 —
2125 2079 2311 2130 Omnis
2348 2081 2617 2132 sententia
2645 2081 2719 2132 vis
2755 2092 2800 2131 et

1790 2176 2009 2208 acumen
2038 2159 2091 2208 in
2130 2177 2192 2209 eo
2222 2160 2459 2223 vertitur,
2486 2158 2637 2229 quod
2664 2161 2716 2212 in
2744 2159 2800 2210 fi·

1790 2255 1911 2286 nem
1958 2238 2222 2306 rejiciatur
2254 2250 2302 2288 et
2336 2240 2659 2309 inexpectata
2695 2250 2801 2310 post

1792 2316 1949 2365 lucelli
1977 2318 2145 2368 veniat
2171 2335 2273 2366 vox
2301 2338 2572 2385 expensum.
2610 2319 2678 2370 N.

1873 2396 1923 2446 8.
1965 2397 2138 2446 Rarum
2172 2399 2219 2446 in
2252 2397 2419 2449 lucello
2449 2398 2528 2449 vel
2569 2399 2733 2449 datum
2759 2399 2804 2446 in

1792 2475 1959 2524 lucello
2002 2488 2158 2527 tentat
2192 2476 2434 2529 Heinsius
2467 2479 2521 2530 in
2561 2478 2704 2531 notis
2743 2474 2803 2528 ad

1794 2554 2073 2605 Catullum.
2566 2601 2571 2604 ,

1872 2653 1924 2699 9.
1991 2633 2231 2686 Graviter
2279 2636 2449 2705 ipsum
2494 2636 2806 2690 Memmium

1788 2714 1894 2781 jam
1921 2713 2224 2782 alloquitur,
2257 2717 2405 2784 cujus
2426 2717 2476 2767 in
2500 2716 2665 2768 simili
2686 2716 2809 2769 ami-

1793 2809 1974 2841 corum
1998 2810 2116 2843 casu
2141 2790 2431 2845 recordatio
2449 2795 2729 2866 antiquum
2752 2812 2809 2845 ex

1793 2868 2003 2922 sordida
2031 2874 2140 2939 ejus
2163 2873 2379 2924 avaritia
2399 2888 2449 2926 et
2466 2874 2812 2927 illiberalitate

1792 2949 1890 2999 sibi
1925 2947 2180 3002 inflictum
2217 2949 2453 3003 dolorem
2489 2953 2810 3006 refricuerat.

1794 3031 1924 3092 Quae
1964 3028 2177 3099 quidem
2221 3031 2489 3100 inopinata
2531 3032 2604 3084 ad
2645 3031 2811 3085 homi·

1794 3126 1913 3157 nem
1952 3110 2214 3159 absentem
2260 3130 2484 3180 nequam
2528 3109 2810 3181 ἀποστρεφὴ

1795 3198 2039 3256 quantam
2079 3189 2183 3238 vim
2221 3187 2406 3240 habeat
2432 3188 2499 3241 ad
2534 3193 2814 3243 vehemen-

1796 3267 1980 3316 tiorem
2011 3266 2172 3317 animi
2203 3270 2617 3322 commotionem
2649 3270 2815 3341 expri-

1796 3342 2058 3406 mendam,
2080 3364 2185 3396 non
2208 3347 2419 3398 sensisse
2436 3347 2708 3414 videntur,
2729 3348 2814 3421 qui

1796 3441 1992 3473 novum
2019 3443 2227 3476 carmen
2260 3426 2347 3477 hic
2374 3425 2610 3498 incipere
2632 3442 2816 3480 statue-

1797 3515 1948 3564 rent,
1999 3515 2049 3554 et
2089 3504 2155 3554 ab
2197 3504 2536 3559 antecedente
2583 3511 2816 3579 sejunge·

1798 3593 1929 3632 rent.
1949 3584 2026 3633 De
2054 3583 2272 3634 Memmio
2292 3582 2401 3634 vid.
2420 3605 2532 3656 sup.
2547 3586 2621 3639 ad
2640 3589 2812 3640 Carm.

1799 3662 1867 3724 X,
1892 3678 1912 3710 1
1930 3681 1977 3712 α.
2012 3662 2143 3712 Bene
2162 3682 2231 3713 me
2255 3685 2311 3713 ac
2332 3664 2416 3714 dite
2435 3686 2540 3735 sup.
2567 3679 2672 3718 etc.
2694 3667 2748 3718 h.
2773 3684 2815 3716 e.

1796 3741 2021 3809 turpiter
2054 3752 2105 3791 et
2133 3742 2406 3794 inhoneste
2446 3763 2532 3796 me
2568 3744 2822 3809 tractasti,

1796 3817 2008 3869 sordide
2038 3831 2090 3870 et
2115 3820 2442 3873 illiberaliter
2468 3842 2683 3877 mecum
2717 3824 2818 3894 egi·

1796 3898 2076 3950 sti.Verbis
2090 3900 2248 3969 igitur
2265 3902 2503 3953 obscenis
2522 3917 2571 3955 et
2592 3903 2820 3976 impudi-

1798 3995 1856 4026 ca
1883 3978 2104 4047 imagine
2126 3998 2238 4030 rem
2268 3998 2375 4031 non
2400 3981 2714 4048 obscenam,
2735 3980 2821 4034 sed

1799 4068 2007 4126 turpem
2056 4058 2489 4130 inhonestamque
2544 4063 2821 4133 expressit.

1796 4134 1921 4187 Vid.
1943 4134 2008 4186 ad
2039 4138 2211 4189 Carm.
2241 4140 2308 4202 X,
2336 4157 2423 4192 ια.
2454 4139 2508 4193 Si
2528 4141 2819 4194 verborum
