2986 4935
694 501 843 596 376

1218 504 1289 569 C.
1332 504 1769 569 VALERII
1829 504 2292 571 CATULLI

903 637 989 701 Et
1034 633 1210 702 laxas
1255 636 1576 704 scombris
1619 661 1789 729 saepe
1825 634 2081 703 dabunt
2122 636 2395 704 tunicas.

795 745 1009 809 Parva
1045 743 1173 809 mei
1210 742 1372 809 mihi
1410 758 1566 809 sunt
1609 743 1792 811 cordi
1838 735 2352 811 monumenta*.
2390 790 2408 805 .
2444 790 2463 805 .

910 852 993 916 At
1034 848 1319 941 populus
1365 850 1621 917 tumido
1666 849 1950 943 gaudeat
1988 849 2410 918 Antimacho.

783 1068 832 1117 8.
852 1066 902 1116 E
907 1078 925 1114 t
942 1066 1104 1115 laras.
1122 1104 1132 1114 .
1154 1103 1164 1113 .
1183 1067 1385 1124 tunicas,
1413 1065 1722 1128 inservient,

699 1166 798 1215 pro
852 1145 1006 1195 solito
1060 1145 1360 1195 chartarum
1418 1144 1719 1213 ineptarum

701 1245 798 1275 usu
822 1259 837 1285 ‚
910 1222 1217 1274 amiciendis
1278 1236 1330 1274 et
1390 1222 1724 1275 involvendis

702 1304 974 1355 scombris.
1000 1336 1081 1343 ——
1104 1305 1267 1353 Luras
1316 1303 1493 1354 innuit
1530 1305 1644 1355 laxa
1673 1315 1724 1354 et

701 1384 877 1453 arnpla
910 1383 1207 1435 carminum
1238 1384 1541 1451 ineptorum
1575 1383 1724 1433 volu-

702 1465 862 1515 mina.
890 1495 969 1504 -—
993 1462 1214 1513 Scomher
1266 1462 1422 1531 piscis
1472 1463 1725 1514 marinus.

702 1544 974 1614 Expressit
1016 1550 1263 1595 Nostrum
1318 1543 1577 1593 Martialis
1628 1544 1728 1605 IV,

710 1628 780 1693 87
811 1663 825 1685 ‚
878 1626 908 1674 8
950 1642 962 1675 :
1008 1650 1029 1670 ι
1052 1624 1161 1674 Nec
1216 1623 1470 1673 scombris
1531 1623 1732 1674 tunicas

707 1702 859 1754 dabis
882 1705 1145 1754 molestas.
1170 1730 1188 1747 u
1223 1734 1299 1744 ——-
1323 1702 1575 1754 Horatius
1599 1722 1730 1772 quo·

709 1803 812 1853 que
858 1784 1021 1852 Epist.
1066 1784 1118 1834 ΙΙ
1138 1820 1151 1844 ,
1197 1802 1215 1834 ι
1245 1816 1261 1842 ,
1315 1787 1421 1849 269
1469 1796 1520 1833 et
1556 1796 1734 1834 noster

710 1863 915 1914 Bolaeus
935 1864 1038 1914 Sat.
1068 1864 1145 1913 IX
1163 1902 1177 1928 ‚
1200 1882 1230 1931 7
1248 1881 1292 1924 1,
1318 1863 1482 1932 Epist.
1511 1864 1535 1912 Ι
1553 1901 1569 1923 ,
1597 1862 1686 1932 37.

791 1936 843 1992 '.
863 1985 875 1995 .
898 1984 908 1994 .
936 1944 1134 1996 Ultima
1189 1944 1344 2011 hujus
1401 1961 1579 1992 versus
1634 1962 1733 1993 vox

710 2023 857 2075 deest
908 2025 963 2075 in
1012 2023 1160 2075 MSS.
1220 2024 1438 2073 testibus
1497 2023 1737 2085 Murcto,

712 2104 878 2155 Statio
908 2118 957 2155 et
980 2104 1195 2165 vossio,
1226 2122 1383 2173 quam
1403 2102 1548 2153 vario
1577 2100 1736 2153 modo

712 2185 956 2252 supplere
1014 2181 1363 2244 studuerunt3
1418 2182 1504 2232 alii
1553 2183 1735 2249 legunt

712 2265 888 2313 laboris
908 2305 921 2323 ,
960 2264 1045 2313 alii
1074 2263 1253 2312 sodalis
1274 2302 1286 2322 ‚
1315 2262 1403 2313 ulii
1426 2274 1613 2329 poetas,
1646 2261 1735 2311 alii

714 2344 903 2394 tribuni.
924 2340 1185 2411 Equidem
1203 2343 1241 2392 si
1259 2342 1447 2391 veteris
1462 2339 1733 2409 cujusdam

1812 1064 1939 1115 libri
1958 1063 2228 1117 accederet
2251 1063 2539 1116 auctoritas
2553 1103 2571 1130 ‚
2600 1065 2859 1133 eligerem

1812 1163 1932 1195 curn
1972 1146 2182 1196 Mureto
2215 1145 2411 1195 sodalis.

1902 1242 1982 1274 10.
2029 1225 2232 1275 Tumida
2272 1224 2490 1293 gaudeat
2524 1225 2855 1277 Antimacho.

1815 1304 2034 1374 Scripsit
2081 1304 2433 1359 Antimachus
2456 1343 2473 1367 ‚
2517 1319 2696 1374 poeta
2729 1324 2857 1374 grae·

1815 1402 1937 1446 cus,
1989 1384 2308 1453 Colophonius
2365 1378 2662 1450 (Ciceroni
2719 1386 2859 1435 Brut.

1821 1464 1913 1525 51,
1944 1476 1993 1515 et
2025 1462 2183 1514 Ovid.
2219 1465 2378 1516 Trist.
2417 1464 2475 1527 Ι,
2511 1468 2583 1526 6,
2631 1482 2654 1515 1
2691 1504 2708 1527 ‚
2749 1466 2859 1516 Cla·

1818 1534 1944 1609 rius)
1985 1561 2173 1612 magno
2215 1543 2492 1595 volumine
2531 1543 2857 1602 Thebaida,

1822 1621 1965 1693 quod
1982 1622 2200 1693 quidem
2218 1642 2408 1692 poema
2423 1636 2576 1674 tanto
2586 1626 2856 1695 applausu

1823 1722 1851 1755 a
1877 1703 2146 1754 nonnullis
2187 1716 2462 1773 exceptum
2504 1703 2648 1769 fuit,
2691 1717 2754 1756 ut
2789 1724 2859 1755 se·

1824 1781 2021 1835 cundas
2035 1784 2081 1833 ei
2102 1781 2169 1833 ab
2186 1783 2417 1834 Homero
2440 1796 2627 1851 partes
2656 1783 2863 1836 deferre

1824 1883 1931 1914 non
1961 1861 2284 1914 dubitarent.
2309 1860 2436 1914 vid.
2460 1863 2782 1915 Bmackhus.
2802 1861 2862 1914 ad

1826 1944 2067 2011 Propert.
2096 1944 2155 2006 1,
2189 1962 2243 2011 7,
2276 1945 2330 1995 3.
2365 1943 2471 1993 Alii
2505 1956 2734 2006 tamen,
2772 1943 2862 2014 qui

1827 2023 2017 2073 rectius
2050 2036 2099 2073 et
2133 2022 2335 2073 acutius
2366 2023 2421 2073 in
2462 2021 2552 2073 his
2582 2025 2755 2075 rebus
2788 2023 2862 2073 vi-

1827 2101 1952 2153 dent
1976 2141 1990 2164 ,
2014 2101 2241 2154 riserunt
2268 2121 2392 2153 eum
2424 2115 2479 2153 ut
2513 2117 2744 2172 poetam
2789 2104 2864 2152 in·

1829 2181 2009 2233 flatum
2052 2195 2105 2233 et
2142 2180 2444 2243 tumidum,
2478 2183 2577 2252 qui
2599 2222 2613 2245 ,
2649 2196 2715 2234 ut
2748 2202 2863 2233 cum

1824 2261 2044 2313 Horatio
2083 2262 2297 2332 loquar,
2335 2263 2555 2332 projicit
2595 2264 2865 2332 ampullas

1826 2355 1877 2393 et
1905 2340 2286 2411 sesquipedalia
2321 2342 2502 2393 verba.
2527 2340 2825 2394 VidNoss.

1288 2601 1849 2688 CARMEN
1915 2602 2279 2688 XCVI.

1194 2846 1296 2888 AD
1354 2843 1707 2888 CALVUM
1765 2845 1868 2888 DE
1926 2843 2393 2899 QUIN'rlLlA.

827 3048 897 3112 51
937 3043 1294 3137 quidquam
1337 3045 1533 3110 mutis
1572 3058 1832 3134 gratum
1867 3057 2346 3135 acceptumque
2379 3042 2709 3135 sepulcris

938 3150 1252 3218 Accidere
1295 3176 1333 3216 a
1377 3164 1642 3232 nostr0,
1686 3148 1930 3230 Calvo,
1970 3147 2199 3217 dolore
2241 3163 2495 3242 potest,
2545 3209 2548 3210 γ

804 3381 941 3430 Aac.
968 3377 1198 3428 Tantum
1236 3395 1343 3426 esse
1385 3375 1457 3426 ait
1489 3375 1637 3427 Calvi
1675 3375 1745 3426 ob

725 3471 951 3510 mortem
976 3454 1247 3520 Quintiliae
1270 3473 1374 3505 suae
1400 3454 1645 3506 dolorem
1674 3469 1747 3506 at·

721 3558 826 3610 que
860 3535 1182 3589 desiderium
1208 3575 1222 3599 ,
1259 3547 1319 3585 ut
1353 3535 1472 3598 illa,
1515 3534 1556 3584 si
1594 3532 1749 3585 dolor

720 3617 1014 3672 viventium
1072 3614 1138 3666 ad
1184 3634 1363 3666 sensus
1413 3627 1748 3666 mortuorum

719 3716 1031 3769 permanare
1061 3708 1224 3766 queat
1243 3735 1256 3761 ,
1282 3693 1348 3744 de
1377 3695 1479 3745 hoc
1511 3693 1750 3745 luculen-

719 3794 808 3843 to,
843 3775 988 3848 quod
1022 3776 1215 3826 Calvus
1256 3773 1511 3840 ediderit,
1550 3775 1747 3825 amoris

720 3857 1023 3910 testimonio
1064 3854 1306 3924 gavisura
1343 3854 1555 3923 potius,
1588 3872 1747 3922 quam

720 3939 788 3991 de
821 3948 1140 4008 praematura
1176 3954 1265 3985 sua
1304 3947 1476 3985 morte
1519 3932 1752 3985 dolitura

722 4021 803 4071 sit.
826 4049 904 4059 --
932 4018 1009 4066 De
1041 4014 1238 4077 Calvo,
1269 4027 1479 4066 oratore
1513 4027 1563 4065 et
1595 4028 1753 4083 poeta

1838 3375 2112 3438 Quintiliae
2130 3387 2355 3427 mortem
2375 3376 2615 3427 carmine
2635 3375 2866 3434 defles-it,

1838 3456 1980 3505 cons.
2011 3474 2175 3525 supra
2203 3453 2270 3507 ad
2306 3456 2491 3508 Carm.
2518 3456 2684 3509 XIII.

1924 3553 1966 3594 1,
1995 3555 2041 3587 a.
2063 3535 2123 3588 Sa·
2140 3535 2427 3607 quidquam,
2447 3549 2548 3588 etc.
2577 3537 2868 3598 Dubitatio‚

1839 3633 1904 3666 an
1961 3616 2221 3677 sentiant,
2268 3633 2386 3685 quas
2437 3633 2465 3666 a
2521 3615 2663 3667 vivis
2708 3617 2870 3674 flunt,

1839 3694 2075 3759 mortui,
2117 3695 2305 3763 saepius
2349 3693 2498 3767 apud
2537 3697 2764 3748 Veteres
2806 3708 2871 3745 est

1841 3775 1998 3826 obvia
2015 3796 2029 3840 ;
2047 3773 2156 3827 vid.
2174 3775 2303 3827 Stat.
2318 3788 2370 3826 et
2387 3776 2756 3848 Vulpium.-
2775 3777 2872 3826 Ac-

1838 3855 1992 3906 cidere
2010 3860 2151 3906 mutis
2167 3856 2415 3925 sepulcris,
2445 3855 2500 3906 h.
2520 3875 2567 3907 e.
2591 3855 2865 3926 pervenire

1840 3934 1907 3987 ad
1961 3949 2106 3987 muta
2156 3935 2412 4006 sepulcra.
2446 3935 2733 4006 Eleganter
2768 3935 2876 3986 No·

1845 4029 2012 4067 strum
2063 4015 2298 4067 imitatus
2345 4027 2425 4067 est
2479 4016 2739 4067 Loeiehius
2785 4014 2874 4066 lib.

722 4096 1088 4157 nobilissimo,
1122 4094 1238 4164 qui,
1273 4106 1331 4145 ut
1374 4112 1435 4144 ex
1473 4094 1756 4164 Propertio
1844 4097 1960 4160 111,
2011 4096 2155 4166 Eleg.
2215 4095 2282 4160 5,
2348 4094 2417 4147 15
2459 4112 2474 4146 t
2524 4118 2546 4138 ι
2579 4097 2871 4164 Acceptum

740 4178 794 4228 11
822 4217 835 4240 ,
875 4177 944 4239 34
967 4214 980 4238 ,
1013 4177 1084 4240 89
1102 4215 1115 4238 ,
1144 4188 1389 4245 apparet,
1420 4174 1580 4244 hujus
1606 4174 1767 4245 ipsius
1848 4174 2206 4246 quodcunque
2230 4187 2434 4247 potest,
2462 4187 2786 4246 gratumque
2805 4191 2871 4225 se-
