2986 4935
858 428 1298 495 CARMEN
1355 431 1557 494 Lxl.

2131 428 2267 522 193

562 556 905 626 Colloeate
951 556 1324 652 puellulam.

564 665 640 731 Io
681 667 943 756 Hymen
986 666 1341 756 Hymenaee
1382 666 1481 744 io,

567 772 643 837 Io
681 772 940 863 Hymen
984 773 1360 862 Hymenaee.

778 878 925 943 Jam
964 873 1119 944 licet
1154 877 1415 958 veniam,
1451 877 1718 956 marite;

571 983 759 1049 Uxor
800 983 866 1047 in
904 979 1196 1049 thalamo
1233 996 1332 1049 est
1369 982 1486 1048 tibi

568 1089 708 1154 Ore
745 1085 1051 1155 floridulo
1089 1088 1337 1172 nitens;

569 1191 736 1259 Alba
781 1192 1165 1285 parthenice
1203 1191 1383 1260 velut
1406 1246 1424 1276 ,

572 1300 945 1367 Luteumve
989 1323 1297 1392 papaver.
2207 1327 2276 1374 ,με

786 1407 874 1470 At
911 1405 1146 1472 marite
1180 1398 1310 1491 (ita
1350 1427 1455 1471 me
1485 1403 1720 1495 juvent

254 1630 367 1684 19².
395 1615 536 1679 Tibi,
563 1615 619 1671 h.
644 1632 691 1667 e.
718 1616 774 1666 ‘m
796 1630 937 1668 tuam
961 1618 1179 1686 gratiam

181 1705 224 1743 et
240 1694 568 1761 voluptatem.
593 1694 678 1746 Sic
695 1695 896 1748 Tibull.
916 1697 1017 1758 IV,
1039 1700 1096 1766 β,
1119 1696 1147 1746 3
1167 1714 1179 1748 :

185 1796 205 1815 ι
225 1771 342 1824 Tota
368 1773 454 1825 tibi
476 1786 558 1826 est
583 1772 771 1829 hodie.
798 1775 886 1826 tihi
907 1794 959 1826 se
992 1775 1183 1826 laetissi·

180 1867 253 1900 ma
282 1852 514 1923 compsit.
544 1871 569 1904 1
589 1853 779 1922 Virgil.
802 1855 983 1923 Eclog.
1012 1855 1179 1917 VIII,

185 1927 268 1981 3o:
293 1955 312 1975 ·
335 1931 419 1982 ciba·
431 1930 629 1984 deserit
645 1931 909 2003 Hesperus
922 1932 1135 1996 OEtam,
1154 1959 1174 1980 ι.

178 2019 220 2057 et
247 2012 520 2062 sexcenties
545 2011 693 2063 alibi.

251 2088 368 2154 193.
388 2090 566 2142 Nitens
582 2124 599 2150 ,
623 2089 1003 2144 formosa.Vid.
1024 2110 1183 2161 supra

177 2161 234 2217 ad
253 2167 421 2223 Carm.
451 2167 506 2221 11
522 2209 540 2233 ,
573 2169 624 2223 5.

255 2254 370 2315 194.
384 2249 521 2302 Alba
537 2250 836 2320 parthenice,
857 2249 1021 2302 herba
1041 2268 1182 2321 quae·

178 2320 316 2390 dam,
350 2330 501 2399 cujus
541 2347 743 2380 nomen
777 2329 1035 2381 incertum
1077 2342 1183 2392 est3

176 2404 315 2475 vulgo
356 2419 553 2460 vocant
595 2407 935 2459 Manet-lerant.
975 2437 1051 2448 —
1082 2409 1183 2458 Lu-

179 2495 372 2557 namque
395 2506 624 2557 papaver
645 2507 664 2538 .·
698 2488 846 2540 color
874 2488 1048 2539 luteus
1073 2507 1182 2539 non

173 2580 362 2636 semper
399 2564 597 2619 eodem
639 2564 800 2618 modo
830 2566 1053 2629 dicitur,
1089 2585 1186 2619 nec

174 2659 327 2695 unum
356 2644 716 2715 eumdemque
752 2647 984 2698 colorem
1015 2658 1184 2709 notat,

172 2719 252 2774 ted
285 2736 342 2776 ut
367 2726 604 2777 ceruleus
636 2724 746 2777 fere
762 2765 777 2789 ,
789 2728 983 2796 flavus,
1013 2727 1146 2792 rufin
1167 2764 1180 2786 ,

174 2812 218 2851 et
260 2802 347 2854 elii
385 2806 629 2869 colores,
654 2805 809 2856 latius
851 2818 1007 2872 patet.
1048 2804 1188 2856 Hinc

175 2881 354 2947 passim
389 2902 420 2935 a
459 2883 595 2936 viris
631 2881 800 2935 doctis
826 2883 892 2936 de
923 2884 1189 2936 coloribus

173 2958 416 3015 Veterum
447 2963 683 3014 multum
724 2975 774 3014 et
803 2963 991 3016 acriter
1022 2961 1187 3015 disce·

175 3048 368 3106 ptatum
393 3054 504 3106 mu
538 3040 608 3093 de
635 3060 863 3113 quorum
894 3041 1190 3095 diversitate

171 3130 218 3169 et
230 3136 350 3190 vaga
359 3121 588 3173 notione
604 3140 701 3172 nos
723 3121 850 3193 ipsi,
872 3122 1043 3193 prima
1061 3140 1188 3192 qua-

174 3213 270 3265 que
316 3217 420 3269 pro
468 3200 710 3253 muneris
746 3202 912 3254 nostri
957 3202 1191 3271 partibus

174 3274 425 3331 scribendi
446 3276 664 3350 aliquid
688 3281 862 3333 oblata
888 3281 1185 3338 occasione,

174 3354 224 3406 in
244 3357 495 3429 singulari
516 3361 961 3412 commentatione
980 3359 1192 3411 uberius

175 3450 432 3505 exponere
479 3438 538 3490 in
592 3438 827 3491 animum
870 3436 1190 3491 induximus.

177 3512 389 3568 ίόΙοι-ειιι
411 3519 596 3569 lacteum
606 3508 885 3582 (hellroth,
901 3513 1193 3577 rosenroth)

174 3592 380 3648 affinem
400 3616 518 3650 esse
539 3596 704 3649 colori
724 3597 845 3649 rufo
868 3610 920 3649 et
942 3615 1091 3648 roseo
1110 3594 1190 3647 vel

175 3688 231 3724 ex
256 3687 442 3728 nostro
472 3676 596 3728 loco
625 3689 815 3747 sponte
831 3689 1061 3748 apparet.
1084 3675 1197 3727 Fla·

174 3751 294 3819 gitat
325 3754 478 3807 enim
513 3756 660 3807 hunc
681 3756 912 3808 colorem
951 3770 1052 3807 tam
1087 3754 1196 3824 ipsa

1269 1615 1541 1677 XXVIII,
1574 1613 1642 1666 23
1664 1653 1679 1676 ‚
1710 1627 1761 1665 et
1789 1633 1920 1684 quos
1952 1617 2025 1670 ihi
2060 1621 2115 1671 in
2151 1623 2286 1679 hanc

1267 1714 1377 1747 rem
1400 1692 1579 1746 laudat
1589 1694 1668 1745 Cl.
1685 1695 1734 1745 F
1732 1694 1922 1757 λεύκῃ]
1937 1716 2094 1768 quam
2110 1701 2284 1771 ipsum

1266 1793 1487 1835 nomen,
1515 1774 1601 1825 cui
1628 1772 1871 1838 additur,
1893 1796 2118 1846 papaver.
2152 1783 2287 1838 Sunt

1266 1864 1443 1904 autem
1462 1890 1478 1916 ,
1510 1864 1721 1904 auctore
1754 1854 1958 1919 Plinio,
1990 1857 2118 1911 Hist.
2157 1858 2281 1919 Nat,

1268 1933 1398 1983 XIX
1415 1972 1430 1992 ,
1454 1934 1485 1984 8
1505 1971 1518 1996 ,
1549 1932 1618 1983 53
1640 1970 1652 1992 ,
1684 1933 1996 2002 «Papaveris
2013 1940 2163 1992 sativi
2188 1944 2285 1997 tria

1268 2029 1490 2081 genera:
1516 2012 1749 2079 primum
1781 2012 2063 2067 candidum
2085 2055 2100 2078 ‚
2138 2025 2287 2092 cujus

1268 2108 1442 2141 semen
1458 2102 1649 2141 tostum
1666 2090 1715 2139 in
1732 2090 1958 2144 secunda
1975 2114 2148 2149 mensa
2164 2118 2284 2155 cum

1268 2170 1423 2220 melle
1450 2166 1592 2238 apud
1615 2169 1856 2237 antiquos
1876 2169 2113 2228 dabatur.
2140 2179 2282 2231 Alte-

1270 2267 1385 2299 rum
1428 2266 1589 2317 genus
1628 2261 1703 2298 est
1733 2253 2006 2318 papaveris
2039 2255 2246 2326 nigrum
2264 2299 2282 2324 ‚

1267 2330 1416 2397 cujus
1462 2345 1617 2396 scapo
1657 2324 1818 2377 inciso
1860 2328 2054 2383 lacteus
2101 2354 2282 2390 succus

1268 2407 1540 2477 excipitur.
1566 2405 1805 2456 Tertium
1847 2427 2036 2478 genus,
2070 2414 2284 2471 rhoeam

1270 2500 1458 2538 vocant
1487 2486 1657 2538 Graeci
1673 2523 1689 2547 ‚
1713 2484 1768 2538 id
1796 2491 1958 2541 nostri
1983 2497 2278 2550 erraticum,

1269 2564 1464 2635 Sponte
1498 2562 1746 2635 quidem,
1777 2565 1867 2618 sed
1898 2569 1953 2620 in
1983 2574 2121 2625 arvis
2158 2596 2279 2629 cum

1268 2643 1471 2695 hordeo
1502 2645 1725 2695 maxime
1739 2647 1991 2711 nascitur,
2015 2670 2185 2707 erucae
2217 2659 2284 2709 si-

1270 2723 1395 2774 mile
1416 2763 1429 2786 ‚
1457 2723 1673 2775 cubitali
1707 2723 1982 2779 altitudine
2007 2733 2138 2798 flore
2176 2740 2285 2804 ruso

1271 2816 1323 2855 et
1353 2803 1590 2873 protinus
1615 2800 1841 2855 deciduo
1874 2823 1886 2855 :
1922 2808 2063 2861 unde
2100 2827 2147 2864 et
2170 2835 2284 2883 διο-

1272 2901 1393 2933 men
1421 2901 1448 2932 a
1473 2881 1672 2933 Graecis
1690 2883 1913 2952 accepit.
1937 2912 1956 2929 .-
1985 2890 2175 2959 Aperte
2196 2913 2286 2947 au·

1272 2974 1378 3012 tem
1391 2961 1603 3011 tertium
1618 2962 1892 3030 papaveris
1903 2982 2067 3032 genus
2082 2988 2111 3020 a
2126 2972 2282 3025 Poeta

1272 3040 1544 3091 innuitur:
1569 3039 1763 3089 multus
1783 3040 1891 3109 jam
1920 3043 2015 3096 fuit
2041 3047 2095 3098 in
2120 3053 2285 3120 expli·

1273 3117 1443 3169 cando
1466 3119 1618 3172 colore
1645 3118 1770 3168 luteo
1784 3118 1999 3174 Salmas.
2028 3124 2095 3177 ad
2118 3129 2285 3185 Solin.

1273 3211 1401 3250 tom.
1433 3197 1483 3260 1,
1517 3216 1570 3267 p.
1608 3198 1915 3277 256—258
1934 3239 1950 3265 ,
1971 3217 2023 3255 et
2044 3220 2171 3259 tom.
2202 3212 2286 3265 11.

1273 3296 1328 3347 p.
1357 3295 1376 3327 1
1394 3294 1412 3327 1
1430 3276 1613 3339 Sci—1
1632 3294 1653 3327 1
1668 3277 1757 3329 58.
1778 3276 1928 3330 Adde
1944 3301 2077 3352 quos
2098 3286 2290 3352 laudat,

1274 3355 1365 3426 qui
1407 3353 1473 3407 de
1506 3355 1606 3407 hoc
1643 3355 1819 3408 colore
1854 3377 2070 3428 egerunt
2087 3404 2102 3428 ,
2136 3368 2289 3422 Titius

1274 3434 1339 3488 ad
1371 3434 1577 3486 Nemes.
1599 3434 1796 3506 Cyneg.
1822 3436 1953 3508 319.

1365 3517 1489 3581 196.
1521 3514 1681 3565 Hunc
1721 3514 1894 3568 locum
1937 3519 2291 3591 inquinatissi-

1279 3611 1426 3644 mum
1446 3593 1649 3663 egregie
1666 3596 1906 3663 purgavit
1920 3612 1969 3650 et
1981 3600 2048 3652 ad
2065 3604 2287 3660 sormam

1280 3671 1614 3724 mundiorem
1638 3710 1653 3732 ,
1684 3673 1905 3742 pulchre
1942 3677 2009 3730 ad
2042 3681 2292 3739 Catullia-

1283 3770 1404 3802 nam
1421 3762 1739 3802 venustatem
1758 3759 2098 3824 compositam
2117 3801 2131 3825 ‚
2152 3783 2297 3819 revo-

174 3828 407 3885 instituta
453 3834 782 3904 comparatio
831 3828 1013 3897 [color
1053 3834 1202 3884 albus
1287 3830 1422 3883 cavit
1448 3830 1693 3898 Scaliger.
1720 3832 2061 3903 Transposuit
2084 3857 2257 3896 autem
2277 3887 2291 3911 ,

173 3912 309 3963 enim
349 3913 408 3964 in
453 3932 555 3965 ore
587 3913 819 3983 pulchre
855 3914 1043 3984 puellm
1082 3931 1201 3983 per-

1289 3922 1373 3975 et,
1391 3923 1448 3960 ut
1479 3927 1621 3960 nunc
1645 3908 1862 3979 legitur,
1891 3916 2185 3971 emendavit
2198 3926 2295 3978 Vir

177 3989 365 4042 mixtus
381 4010 503 4044 esse
533 3990 829 4045 debetcum
852 3994 1029 4045 colore
1057 4009 1204 4043 roseo
1293 3990 1512 4058 Magnus
1537 3988 1671 4040 hanc
1694 3992 1963 4060 stropham
1980 4034 1992 4053 ,
2023 4016 2138 4065 quae
2167 4004 2295 4057 olim

174 4081 222 4121 et
274 4089 581 4142 purpureo.
644 4071 798 4129 Conf.
857 4076 1044 4124 Anacr.
1100 4068 1204 4121 Od.

1295 4069 1497 4120 sinistre
1524 4080 1638 4137 post
1668 4084 1965 4138 sequentem
1999 4079 2165 4145 posita
2194 4101 2307 4138 cor-

1863 4178 1950 4249 13
