2986 4935
1014 417 1214 484 CAR
1239 415 1462 483 MEN
1527 420 1605 484 V.

2281 415 2376 502 45

552 549 728 616 Dein
770 572 976 642 usque
1013 547 1215 616 altera
1255 546 1469 633 mille,
1502 548 1742 617 deinde
1782 563 2083 617 centum:

554 656 766 741 Dein,
810 679 1014 748 quum
1055 654 1255 723 millia
1295 652 1505 724 multa
1545 655 1928 741 fecerimus,
2037 726 2048 739 „
2333 701 2378 727 ,ο

554 761 1126 829 Conturbabimus
1168 760 1309 847 illa,
1349 787 1431 830 ne
1474 762 1793 846 sciamuS,

555 870 691 935 Aut
734 878 823 935 ne'
863 869 1009 960 quis
1056 867 1267 936 malus
1312 869 1608 937 invidere
1647 870 1888 962 possit,

554 974 785 1062 Quum
819 988 1077 1043 tantum
1120 976 1280 1042 sciat
1315 1000 1456 1044 esse
1491 976 1849 1043 basiorum.

230 1186 365 1236 libro
402 1182 765 1254 manuscripto
807 1195 859 1234 et
895 1181 1003 1234 edit
1050 1185 1114 1234 R.
1164 1184 1261 1234 nisi

231 1261 372 1334 quod
403 1264 456 1313 in
478 1263 656 1333 priore
676 1263 831 1314 verba
852 1276 1262 1332 transponuntur

230 1344 383 1393 altera
423 1345 490 1392 mi
534 1342 603 1392 da
644 1342 848 1393 secunda
886 1355 1089 1393 centum.
1126 1343 1255 1394 Stat.

230 1423 379 1475 MSS.
400 1424 533 1473 Dein
553 1421 684 1472 mille
704 1423 857 1472 altera
870 1422 1040 1474 deinde
1055 1422 1261 1473 secunda

230 1503 533 1572 cantabrig.
569 1502 696 1553 Dein
723 1503 851 1553 mille
882 1502 1066 1564 altera,
1098 1503 1163 1553 da
1187 1524 1261 1554 se·

231 1583 389 1633 cunda
414 1594 619 1633 centum.

309 1684 361 1730 9.
382 1662 574 1713 Deinde
588 1681 733 1733 usque
750 1662 907 1712 altera
932 1663 1059 1712 mille
1078 1680 1263 1713 omnes

230 1743 379 1795 Statii
423 1741 578 1792 MSS.
616 1754 666 1792 ct
703 1741 1159 1811 cantabrigiensis.
1184 1775 1263 1784 -—

234 1824 428 1893 Usque,
462 1822 579 1872 sine
611 1821 1020 1885 intermissione,
1055 1841 1163 1873 uno
1188 1835 1263 1873 te-

227 1921 375 1954 nore.
399 1934 483 1942 —-
504 1901 670 1951 Miltia
695 1904 978 1969 fecerimus,
1018 1901 1122 1953 hoc
1153 1914 1263 1965 est,

226 1982 460 2033 millium
496 1980 764 2032 basiorum
792 2000 1048 2032 summam
1080 1981 1263 2032 feceri-

230 2080 364 2113 mus.
392 2057 561 2125 Quod
596 2078 759 2129 quum
800 2080 908 2112 non
957 2060 1264 2130 intelligeret

228 2141 508 2206 Heinsius,
552 2138 771 2192 indulsit
805 2139 1098 2210 corrigendi
1143 2141 1262 2191 libi-

228 2219 337 2272 dini
356 2261 372 2282 ,
401 2220 496 2290 qui
529 2238 630 2290 pro
659 2222 915 2287 fecerimus
954 2221 1178 2284 mavult,
1210 2220 1263 2271 iu

228 2301 366 2352 notis
390 2298 461 2351 ad
492 2299 760 2351 Catullum
788 2299 1080 2368 firm-imus,-
1111 2300 1263 2353 male.

229 2380 394 2432 Miltia
410 2382 585 2447 facere
612 2392 685 2431 est
712 2399 969 2431 summam
991 2380 1158 2431 facere
1180 2380 1263 2431 vel

228 2462 495 2514 conficere
541 2458 787 2513 millium.
822 2458 1020 2512 Eadem
1063 2478 1265 2512 sumnia

227 2541 311 2594 vel
340 2559 601 2593 numerus
624 2559 776 2591 versu
806 2539 1044 2610 sequenti
1075 2539 1267 2591 dieitur

226 2621 511 2672 conturbari
526 2660 542 2682 ,
573 2634 832 2689 computo
863 2639 952 2670 seu
978 2619 1267 2670 rationibus

228 2702 482 2765 turbatis;
530 2699 751 2770 proprie
793 2700 936 2750 enim
987 2699 1268 2750 conturbare

226 2778 499 2834 diciturde
516 2778 892 2833 decoctoribus
910 2791 961 2831 et
979 2797 1079 2831 aere
1097 2779 1267 2831 alieno

1350 1185 1613 1254 oppressis
1632 1222 1647 1246 ‚
1700 1200 1929 1253 quorum
1981 1185 2209 1237 rationes
2262 1201 2384 1240 sunt

1348 1264 1701 1325 conturbatae,
1726 1282 1844 1334 quae
1871 1263 1968 1315 sibi
1999 1283 2104 1315 non
2125 1277 2383 1331 constant,

1350 1362 1457 1395 non
1481 1344 1625 1413 paria
1655 1343 1866 1396 faciunt.
1894 1343 1977 1397 Cf.
1998 1346 2285 1397 Burmann.
2308 1345 2377 1397 ad

1350 1423 1563 1475 Petron.
1598 1442 1714 1493 cap.
1756 1425 1824 1493 39
1846 1463 1861 1489 ,
1896 1442 1952 1493 p.
1991 1430 2091 1492 169
2115 1462 2131 1489 ‚
2165 1438 2216 1477 et
2243 1444 2377 1496 quos

1351 1502 1422 1554 ibi
1453 1501 1648 1554 laudat.

1438 1600 1525 1636 12.
1564 1583 1642 1634 Ne
1684 1586 1788 1654 quis
1836 1584 2021 1645 malus,
2072 1582 2285 1636 invidus
2329 1598 2379 1637 et

1348 1661 1472 1713 hinc
1524 1662 1821 1725 maleficus,
1871 1662 2171 1727 veneficus;
2225 1664 2377 1715 malus

1349 1742 1519 1805 enim,
1556 1755 1610 1793 ut
1632 1761 1922 1813 graecorum
1951 1746 2098 1802 κακὸς
2115 1783 2130 1807 ,
2148 1762 2284 1814 soepe
2308 1742 2374 1795 de

1348 1822 1504 1872 rebus
1518 1824 1730 1891 magicis
1746 1836 1796 1874 et
1817 1823 2059 1874 veneficis
2079 1836 2375 1893 usurpatur.

1352 1901 1400 1949 V
1407 1899 1476 1952 id.
1516 1902 1945 1955 Drackenborch.
1975 1901 2043 1954 ad
2079 1902 2171 1954 Sil.
2210 1904 2375 1955 Italic.

1352 1981 1519 2046 VIII,
1563 1988 1701 2045 500,
1733 1995 1784 2031 et
1814 1983 2147 2034 Burmannus
2180 1981 2248 2034 ad
2279 1983 2376 2034 Pe·

1351 2072 1486 2111 tron.
1522 2062 1699 2113 Carni.
1739 2062 1958 2126 LXIII,
1986 2081 2037 2132 p.
2078 2060 2207 2114 318.
2244 2063 2374 2113 Invi-

1351 2139 1491 2203 dere,
1530 2141 1726 2193 invidia
1773 2160 1979 2192 nocere.
2013 2140 2264 2191 Homines
2296 2142 2377 2192 in-

1351 2218 1459 2270 vidi
1502 2233 1675 2271 autem
1724 2221 1948 2271 aliorum
1992 2219 2145 2271 bonis
2189 2237 2379 2272 nocere

1354 2299 1620 2350 tentabant
1653 2300 1813 2363 nimia
1845 2298 2000 2351 laude
2029 2313 2273 2369 tanquam
2302 2300 2375 2351 fa·

1351 2379 1647 2431 seinatiouis
1676 2397 1880 2450 genere.
1907 2380 1988 2433 Cf.
2015 2380 2165 2448 Virg.
2193 2379 2375 2450 Eclog.

1354 2459 1489 2524 VII,
1524 2479 1616 2528 27,
1650 2463 1718 2513 28
1743 2499 1757 2523 ,
1791 2472 1841 2511 et
1872 2459 1945 2512 ibi
1971 2457 2256 2513 Cerdanus.
2291 2460 2375 2512 In·

1356 2540 1507 2590 videre
1535 2540 1688 2609 igitur
1714 2540 1817 2592 hoc
1852 2538 1970 2591 loco
2003 2554 2103 2603 est,
2133 2539 2280 2610 quod
2323 2540 2375 2591 in

1353 2619 1518 2689 patria
1551 2620 1728 2690 lingua
1775 2620 2137 2689 superstitiosis
2182 2618 2381 2672 dicitur

1355 2700 1651 2760 ensorceler,·
1702 2697 1846 2769 quod
1884 2718 2007 2751 mox
2037 2701 2214 2751 Carm.
2238 2699 2374 2763 VII,

1365 2798 1427 2831 η
1455 2818 1470 2844 ,
1501 2781 1627 2830 mala
1661 2781 1827 2849 lingua
1845 2780 2094 2846 fascinare
2124 2777 2335 2831 dicitur.
