2986 4935
712 448 865 534 314

1242 451 1315 516 C.
1353 447 1785 516 VALERII
1844 447 2299 516 CATULLI

918 580 1143 666 Salve,
1189 595 1383 674 teque
1425 580 1599 648 bona
1638 580 1895 674 Jupiter
1933 593 2154 647 auctet
2195 603 2355 673 ope,

809 691 1023 757 Janua
1050 710 1282 782 :quam
1322 685 1526 755 Balbo
1561 685 1788 755 dicunt
1822 686 2094 754 servisse
2121 684 2401 778 benigne

920 791 1129 881 Olim,
1166 817 1369 886 quum
1412 789 1598 862 sedes
1640 793 1777 886 ipse
1817 817 2013 862 senex
2050 792 2302 877 tenuit;

814 902 1168 994 Quamque
1212 899 1434 968 ferunt
1468 923 1695 968 rursus
1729 912 1886 966 voto
1926 900 2202 967 servisse
2241 896 2558 991 maligno,

920 1008 1273 1100 Postquam
1311 1020 1411 1073 est
1447 1019 1753 1099 porrecto
1791 1004 1960 1105 sacta
1994 1004 2230 1072 marita
2268 1027 2440 1072 sene.

819 1114 945 1180 Dic
985 1110 1262 1204 agedum
1308 1111 1531 1197 nobis,
1568 1135 1769 1204 quare
1813 1125 2062 1179 mutata
2099 1108 2326 1178 feraris

921 1220 1000 1284 In
1040 1216 1379 1284 dominum
1417 1230 1705 1285 veterem
1748 1216 2105 1285 deseruisse
2147 1215 2364 1284 fidem.

1631 1406 1912 1451 JANUA.

817 1552 999 1633 Non,
1042 1551 1133 1619 ita
1168 1547 1434 1617 Caecilio
1479 1549 1810 1643 placeam,
1848 1552 2003 1642 quoi
2047 1549 2286 1618 tradita
2324 1574 2503 1618 nunc
2540 1573 2716 1633 sum,

714 1743 860 1804 dulci,
883 1740 972 1812 qui
992 1758 1209 1792 uxorem
1233 1740 1450 1792 scortari
1469 1741 1611 1802 sinit,
1630 1761 1724 1810 pa·

716 1824 866 1883 renti,
896 1820 986 1890 qui
1021 1819 1119 1871 filii
1144 1815 1277 1871 adeo
1306 1819 1478 1871 cubile
1513 1819 1723 1889 polluit.

714 1902 797 1953 cf.
822 1919 870 1953 v.
902 1917 967 1951 ao
995 1917 1109 1970 sqq.

797 1998 847 2032 2.
877 1978 1034 2030 Salve.
1061 1978 1325 2048 Εἶρωνικῶς
1359 1978 1555 2029 salvere
1578 1979 1725 2047 jubet

711 2060 966 2119 Januam,
1000 2056 1266 2128 flagitiosis
1298 2056 1601 2109 hominibus
1630 2075 1723 2126 pa-

713 2152 923 2191 tentem.
942 2138 1029 2190 Sic
1050 2155 1205 2207 supra
1223 2138 1400 2191 carm.
1420 2135 1629 2200 XLIII,
1652 2155 1673 2189 ι
1707 2155 1720 2188 :

721 2217 936 2280 -Salve‚
973 2234 1068 2268 nec
1109 2216 1330 2268 minimo
1357 2215 1534 2285 puella
1566 2234 1724 2278 naec,

714 2297 825 2349 Nec
850 2296 991 2348 bello
1016 2293 1153 2365 pede
1172 2333 1188 2357 ‚
1211 2313 1308 2346 nec
1332 2293 1493 2364 nigris
1516 2294 1693 2345 ocellis
1710 2333 1725 2357 ,

715 2390 812 2428 etc.
832 2401 852 2420 ι
882 2407 961 2416 —
988 2376 1035 2426 T
1031 2394 1143 2444 eque
1165 2375 1287 2425 bona
1308 2374 1428 2443 lup.
1447 2385 1606 2423 auctet
1621 2393 1722 2443 ope.

719 2455 955 2507 Imitatus
979 2466 1053 2505 est
1073 2452 1232 2505 Ovid.
1255 2453 1388 2504 Fast.
1411 2452 1464 2515 1,
1484 2458 1549 2504 61
1564 2473 1614 2505 a.

799 2533 849 2585 3.
875 2534 1120 2601 Benigne,
1152 2533 1284 2584 bene
1308 2545 1359 2584 et
1380 2531 1612 2583 honeste.

799 2619 850 2673 4.
892 2612 1023 2662 Olim
1054 2630 1192 2682 quum
1231 2612 1315 2661 has
1347 2610 1469 2661 aedes
1502 2611 1724 2682 conjecit

715 2690 832 2743 Jani
856 2693 1049 2743 Douzae
1065 2690 1219 2743 filius.

800 2771 851 2823 5.
899 2770 955 2820 V
949 2782 1028 2820 oto
1065 2771 1273 2838 maligno
1291 2808 1305 2830 ,
1350 2767 1727 2838 cupiditatibus

718 2849 1003 2901 inhonestis
1034 2863 1083 2902 et
1115 2848 1379 2919 turpibuS,
1409 2848 1723 2901 scortationi.

798 2932 851 2980 6.
877 2931 1124 2997 ijecto,
1153 2927 1208 2980 h.
1234 2947 1279 2979 e.
1308 2928 1523 2997 expulso
1542 2928 1623 2979 vel
1643 2925 1724 2978 di-

714 3008 906 3072 miss03
941 3010 1128 3061 Venet.
1167 3006 1374 3077 Gryph.
1416 3005 1608 3058 Mutet.
1647 3039 1725 3049 -—

715 3089 949 3140 Prot-ecto
982 3089 1035 3140 in
1069 3105 1228 3156 marg.
1273 3084 1354 3138 ed.
1395 3085 1604 3158 Grypb.
1647 3118 1724 3127 —

717 3167 975 3238 Postquam
1015 3179 1087 3217 est
1115 3178 1335 3237 porrecto
1367 3166 1512 3230 sacta
1551 3168 1725 3216 marita

714 3266 850 3297 soror
885 3264 949 3297 ex
990 3246 1129 3297 libro
1170 3245 1364 3315 scripto
1406 3244 1724 3297 commelini

715 3325 918 3393 profert
950 3324 1183 3376 Vossius.
1221 3352 1303 3364 -·
1349 3324 1609 3393 Postquam
1653 3336 1728 3375 ese

710 3405 1100 3472 pmjectosuncta
1117 3406 1291 3454 marita
1301 3422 1407 3453 sene
1420 3414 1585 3455 tentat
1596 3402 1720 3455 Stat.

715 3513 794 3524 -—-
815 3484 889 3534 Es
911 3495 962 3534 et
982 3494 1053 3534 est
1072 3481 1367 3552 promiscue
1394 3482 1450 3532 in
1470 3481 1620 3533 libris
1635 3500 1725 3534 ve-

714 3561 928 3614 teribus.
948 3593 1029 3604 —
1044 3563 1305 3632 Postquam
1323 3572 1395 3611 est
1407 3564 1723 3630 pon-ectofa-

716 3653 794 3692 στα
817 3644 988 3693 marita
1022 3660 1143 3693 sene.
1177 3641 1365 3692 Sensus
1396 3652 1502 3691 est:
1534 3666 1556 3685 ι
1579 3654 1721 3708 post·

714 3739 872 3790 quam
906 3732 1117 3773 mortuo
1148 3720 1310 3771 Balbo
1344 3737 1476 3770 uxor
1504 3718 1557 3770 in
1589 3720 1724 3773 hanc

714 3798 935 3853 domum
950 3798 1173 3853 deducta
1186 3810 1277 3851 est.
1291 3824 1313 3844 ι
1328 3800 1613 3860 Porrecto‚a
1623 3800 1723 3851 situ

716 3894 1066 3933 mortuorum.
1078 3878 1482 3933 Collocahantur
1495 3897 1564 3930 sc.
1580 3877 1720 3950 apud

714 3958 930 4012 Veteres
962 3973 1295 4012 mortuorum
1327 3976 1544 4026 corpora
1573 3956 1721 4009 domi

715 4038 785 4088 sic
800 4077 814 4100 ,
829 4051 888 4090 ut
902 4042 1113 4107 januam
1131 4056 1307 4091 versus
1327 4051 1567 4108 porrecta
1584 4039 1720 4106 jace-

714 4128 845 4168 rent.
859 4117 986 4170 Vid.
1013 4119 1362 4170 Kirchmannus
1380 4117 1438 4167 de
1458 4114 1721 4167 Funeribus

1812 1740 2126 1792 Romanorum
2145 1741 2191 1806 1,
2227 1759 2277 1805 ι,
2304 1760 2352 1793 c.
2383 1741 2819 1794 ιαμ-Παταικ-

1811 1823 1905 1871 rita
1941 1832 2012 1870 est
2047 1820 2259 1872 trahunt
2289 1818 2598 1890 interpretes
2631 1818 2698 1871 nd
2731 1819 2819 1870 Ja-

1809 1919 1951 1950 nuam
1965 1940 1980 1961 ,
2012 1914 2063 1952 et
2083 1904 2256 1951 marita
2278 1919 2376 1971 pro
2397 1900 2633 1951 maritat&
2661 1898 2819 1971 expli·

1809 1989 1956 2037 cant3
1986 1976 2078 2030 sed
2097 1977 2153 2031 id
2170 1976 2462 2031 admodum
2476 1976 2677 2031 durum
2694 1976 2816 2030 mihi

1811 2055 2048 2123 videtui-3
2093 2076 2189 2127 ego
2235 2057 2474 2128 intelligo
2519 2058 2817 2114 mulierem·

1810 2155 1926 2206 quae
1954 2156 2018 2187 ex
2047 2135 2320 2190 meretrice
2346 2150 2424 2189 est
2456 2135 2592 2189 facta
2621 2135 2818 2189 marin.

1812 2217 2059 2282 Prosacta
2075 2214 2355 2286 legendum
2375 2215 2508 2268 olim
2525 2216 2820 2288 suspimbnr

1812 2294 1931 2345 lecta
1959 2296 2040 2346 vel
2071 2294 2216 2346 ducta
2233 2335 2248 2358 ,
2283 2292 2374 2347 sed
2406 2294 2589 2347 salsius
2615 2296 2820 2347 fortasse

1811 2373 1944 2426 dixit
1970 2374 2129 2426 Poeta
2144 2376 2285 2441 facta
2305 2387 2376 2425 est
2391 2413 2406 2435 ,
2439 2392 2471 2425 a
2498 2387 2649 2444 patre
2672 2374 2819 2426 nimi·

1811 2472 1929 2506 rum
1961 2465 2015 2507 et
2041 2452 2154 2506 filio
2186 2453 2360 2506 simul.
2379 2485 2460 2495 —
2479 2453 2656 2506 Locus
2676 2471 2820 2505 vexa-

1812 2533 2036 2584 tissimus
2073 2531 2348 2605 expeditur
2373 2573 2388 2596 ,
2430 2534 2471 2584 si
2510 2551 2676 2585 unam
2719 2532 2823 2584 lite·

1812 2630 1923 2664 ram
1948 2610 2122 2664 deleas
2137 2650 2154 2678 ,
2176 2632 2224 2664 es
2245 2630 2345 2676 pro
2366 2623 2441 2663 est
2458 2612 2715 2683 rescripto
2729 2649 2746 2675 ‚
2764 2622 2822 2662 ut

1813 2691 1886 2743 sic
1900 2710 2078 2744 versus
2100 2692 2390 2762 explicetur
2414 2709 2429 2742 t
2450 2704 2728 2763 postquam
2748 2691 2820 2743 fa·

1810 2783 1893 2822 cta
1922 2788 1975 2821 es
1999 2770 2210 2828 marita,
2235 2771 2430 2823 scilieet
2457 2773 2618 2840 janua
2639 2768 2823 2822 domus

1810 2850 1902 2900 ubi
1928 2851 2173 2918 conjuges
2198 2861 2686 2914 commorarentur,
2708 2865 2825 2919 qun

1809 2941 1957 2981 antea
1982 2928 2179 2980 coelibis
2207 2928 2344 2981 senis
2365 2946 2480 2981 eras
2495 2929 2680 2997 janua.
2708 2928 2823 2980 Πι-

1810 3012 1935 3071 tita,
1970 3005 2112 3060 idem
2143 3024 2252 3059 esse
2285 3003 2432 3078 quod
2466 3008 2730 3070 narluEt,
2762 3006 2828 3058 ed

1809 3090 2154 3138 matrimonium
2161 3090 2422 3157 pet-timna,
2439 3097 2698 3140 tentantur
2707 3087 2822 3139 Liv.

1810 3166 2024 3218 XXVII
2049 3202 2068 3231 ,
2101 3166 2168 3218 31
2208 3184 2223 3218 ε
2261 3164 2526 3218 -mu-im
2555 3164 2817 3230 dome,-

1810 3244 1992 3297 Horat.
2015 3245 2245 3298 Secular.
2265 3244 2441 3298 (hm.
2458 3245 2533 3309 V,
2555 3261 2662 3299 ’σε
2694 3269 2718 3294 ι
2739 3246 2826 3299 la

1811 3324 2067 3388 marita‚-
2102 3321 2822 3389 Ovid.11uoid.11,1ot.·

1817 3405 1996 3457 -faces
2029 3407 2300 3458 marim.-
2335 3403 2470 3456 Sunt
2510 3404 2604 3474 qui
2636 3362 2826 3457 italie-

1807 3501 1921 3535 rem
1959 3480 2028 3535 de
2068 3501 2173 3554 qna
2201 3484 2362 3536 Vates
2384 3483 2660 3553 loquitur,
2701 3484 2828 3538 cb·

1806 3560 1951 3614 diam
1976 3561 2164 3627 fuine,
2186 3561 2338 3616 Balbi
2354 3558 2553 3622 fllium.
2581 3579 2704 3633 qun
2721 3562 2832 3617 C·-

1808 3640 1930 3693 cilio
1964 3641 2178 3694 Metello
2207 3653 2483 3714 nuptu-nt,
2517 3653 2830 3705 autuman

1808 3737 1979 3790 neque
2018 3720 2321 3790 hujusmodi
2369 3722 2692 3791 conjecture
2728 3722 2833 3775 bne

1809 3816 2020 3851 carmen
2051 3800 2324 3871 multaque
2346 3800 2449 3853 alia
2470 3818 2582 3852 non
2606 3818 2832 3854 conten·

1812 3878 1910 3930 tire
1934 3877 2201 3933 videntur.
2230 3880 2300 3934 N.

1893 3976 1949 4026 7.
1980 3959 2079 4009 Dic
2108 3959 2442 4029 agedenobc’s
2475 3959 2558 4011 vel
2596 3960 2662 4010 de
2695 3961 2835 4012 vobit

1810 4038 1863 4088 in
1886 4037 1976 4089 lib.
1993 4049 2117 4091 vett.
2133 4071 2211 4083 -
2226 4041 2323 4091 Dic
2336 4058 2426 4109 age
2441 4038 2523 4089 lie
2540 4038 2682 4091 nobs}
2697 4041 2833 4092 Stat.

1890 4137 1942 4183 9.
1968 4117 2188 4170 Plateam
2210 4119 2263 4171 in
2285 4118 2422 4170 libro
2441 4117 2623 4170 Mnss'ei
2644 4155 2666 4183 ,
2690 4117 2836 4172 und·
