2986 4935
945 416 1387 482 CARMEN
1450 415 1547 480 ΙΙ.
2223 407 2314 478 35

873 641 1432 729 CARMEN
1505 641 1618 724 ΙΙ.

736 869 849 912 ΑΙ)
908 868 1355 912 PASSEREM
1415 868 1755 912 LESBIAE.

491 1042 802 1120 PAssER,
843 1036 1092 1106 deliciae
1137 1063 1298 1106 meae
1340 1036 1612 1130 puellae‚

494 1146 788 1233 Quicum
827 1143 1089 1227 ludere,
1124 1169 1318 1236 quem
1360 1146 1425 1211 in
1463 1145 1610 1212 sinu
1644 1158 1865 1210 tenere
1884 1197 1901 1226 ‚

501 1252 684 1340 Quoi
726 1255 1017 1345 primum
1057 1250 1333 1344 digitum
1373 1250 1533 1317 dare
1571 1250 1941 1343 adpetenti,

494 1361 583 1426 Et
621 1360 793 1426 acris
828 1356 995 1425 solet
1030 1359 1304 1425 incitare
1351 1381 1609 1424 morsus
1642 1383 1653 1422 :

492 1465 723 1552 Quum
767 1462 1094 1532 desiderio
1133 1488 1282 1530 meo
1323 1464 1552 1530 nitenti

499 1572 751 1638 Carum
797 1572 1018 1638 nescio
1059 1569 1214 1663 quid
1257 1570 1435 1637 lubet
1472 1571 1719 1659 jocari,

245 1774 390 1823 Am.
413 1771 657 1823 Primum
678 1770 845 1821 statim
861 1787 1071 1822 carmen
1092 1782 1208 1839 post

166 1848 564 1904 dedicationem
578 1861 655 1902 est
664 1847 1061 1920 lepidimimum.
1075 1850 1213 1901 Lau·

167 1928 255 1984 dat
290 1942 454 2001 poeta
494 1930 552 1980 in
592 1929 685 1982 illo
723 1947 978 2000 passerem
997 1967 1012 1991 ‚
1050 1947 1209 1999 quem

167 2010 355 2063 Lesbia
383 2011 445 2062 in
464 2007 667 2061 deliciis
693 2009 946 2070 habebat,
964 2028 1071 2060 non
1103 2009 1206 2060 alio

167 2090 415 2160 profecto
467 2089 688 2141 oonsilio
704 2128 720 2154 ,
758 2106 918 2159 quam
958 2100 1015 2139 ut
1058 2106 1211 2141 aures

168 2170 371 2223 Lesbiae
389 2168 723 2240 permulceat
742 2168 1027 2222 decantatis
1042 2186 1208 2237 passe-

170 2251 239 2301 ris
265 2251 386 2321 ejus
415 2245 696 2312 laudibu5‚
722 2261 774 2299 et
801 2248 875 2298 sic
909 2245 1203 2299 mercedem

168 2329 422 2385 carminis
435 2340 734 2398 aucupetur
744 2325 1114 2379 dulcissimam.
1130 2359 1207 2366 -—-

170 2409 436 2475 Quamvis
466 2408 626 2479 igitur
653 2419 1023 2476 argumentum
1052 2406 1210 2476 hujus

167 2490 419 2542 miminis
449 2500 529 2540 eet
562 2487 1026 2558 simplicissimum,
1060 2488 1211 2554 cujus

166 2568 376 2640 generis
388 2567 562 2620 multa
572 2567 673 2620 alia
686 2579 793 2619 tam
809 2577 1009 2618 veteres
1019 2605 1034 2630 ,
1047 2584 1204 2635 quam

167 2648 494 2702 recentiores
517 2659 685 2716 poetoe
711 2645 1068 2708 tractaverint3
1100 2665 1205 2696 non

166 2727 465 2782 defuerunt
503 2739 680 2779 tamen
714 2724 1078 2796 allegoriarum
1121 2743 1205 2777 ca-

166 2821 403 2879 pmtores
419 2844 435 2870 ,
456 2806 550 2876 qui
574 2817 629 2858 et
651 2806 740 2858 hic
763 2805 940 2856 nescio
960 2804 1089 2874 quid
1111 2805 1206 2856 ob-

164 2887 331 2940 sceni
368 2886 473 2938 sub
509 2886 726 2955 passeris
756 2884 974 2937 nomine
1010 2885 1208 2936 latitare

167 2964 651 3021 mbodomrentur.
663 2961 986 3018 Corradinus
993 2963 1061 3016 de
1070 2965 1207 3015 Anio

166 3058 350 3100 censet
364 3043 524 3109 adeo,
537 3057 747 3116 poetam
768 3044 870 3095 hoc
888 3044 1120 3096 carmine
1130 3045 1205 3095 al-

165 3126 323 3198 loqui
341 3141 604 3195 paflserem
625 3124 824 3176 Lesbiae
843 3136 1202 3193 aegmtantem3

166 3205 261 3259 ned
301 3206 420 3275 ipse
460 3217 730 3274 egrotasae
765 3202 1000 3266 videtur,
1038 3222 1201 3273 quum

167 3287 289 3339 bac
325 3284 595 3337 scriberet.
620 3285 839 3338 Constat
867 3281 1125 3352 denique,
1151 3284 1205 3334 in

166 3383 329 3419 more
342 3363 572 3436 positum
593 3362 748 3416 fuisse
764 3360 910 3433 apud
924 3375 1138 3426 veteres,
1148 3376 1206 3414 ut

164 3445 333 3517 pueri
349 3461 500 3515 oque
517 3461 579 3495 ac
598 3443 791 3514 puellm
807 3460 927 3494 aves
944 3440 1012 3494 ad
1032 3442 1202 3494 lusum

166 3539 221 3579 et
256 3522 671 3577 oblectationem
703 3522 1054 3593 exquirerent.
1078 3520 1202 3573 vid.

162 3601 773 3658 Bocharmsflimzoic.
789 3621 843 3671 p.
858 3620 878 3653 1
894 3606 948 3654 6.
965 3601 1047 3655 Cf.
1063 3602 1206 3654 Mar·

161 3685 280 3739 n'al.
300 3683 400 3736 lib.
422 3684 477 3746 1,
499 3683 665 3753 epigr.
690 3684 743 3735 8.
768 3712 845 3723 --
863 3680 979 3733 Hoc
998 3694 1213 3734 testatur

163 3779 219 3818 et
238 3763 530 3818 Manilius:
559 3762 888 3832 nTotamque
906 3780 1003 3832 per
1022 3761 1208 3814 urbem

165 3845 284 3911 Qui
302 3855 507 3915 gestant
524 3842 701 3896 caveis
719 3842 960 3894 volucres
984 3838 1053 3893 ad
1073 3843 1210 3911 jussa

163 3937 394 3997 ms,
406 3923 661 3989 Quorum
674 3922 851 3976 omnis
860 3939 1026 3993 parvo
1037 3921 1210 3973 consi·

163 4007 738 4076 &possentne-mus.»
758 4002 973 4064 Λευ-Ν,
990 4000 1206 4055 385.N.

253 4085 307 4138 3.
336 4086 420 4139 Ae
430 4095 658 4154 panus
680 4080 903 4136 Vossius
918 4120 934 4146 ,
952 4099 1111 4152 quam
1134 4081 1209 4133 le·

1297 1770 1523 1821 ctionem
1545 1789 1607 1820 ex
1627 1770 1885 1820 librorum
1911 1782 2027 1821 vett.
2053 1773 2329 1824 auctorita-

1300 1862 1347 1900 te.
1364 1868 1416 1900 se
1439 1850 1727 1919 reposuisse
1746 1849 1835 1899 ait.
1857 1848 1959 1901 Sed
1983 1863 2155 1902 nostra
2177 1852 2327 1904 lectio

1297 1930 1466 1981 multo
1500 1942 1575 1979 est
1604 1927 2070 1981 accommodatior.
2097 1964 2173 1972 —-
2198 1932 2329 2000 Quoi

1291 2028 1370 2077 pr.
1406 2010 1510 2077 dig.
1544 2009 1625 2060 da.
1656 2009 1768 2078 adp.
1796 2009 1997 2076 primus
2029 2009 2223 2080 digitus
2254 2026 2328 2063 est

1295 2101 1523 2139 extrema
1543 2086 1690 2157 digiti
1712 2105 1830 2158 pars
1849 2080 1925 2154 (le
1947 2089 2061 2139 bout
2078 2091 2136 2139 de
2155 2086 2325 2160 doigc)

1298 2168 1440 2236 ἄκρον
1486 2174 1569 2218 τοῦ
1604 2164 1867 2219 δακτύλου.
1892 2167 1975 2218 Sic
2001 2173 2160 2236 prima
2201 2189 2326 2241 aqua

1294 2245 1435 2315 apud
1461 2245 1621 2298 ovid.
1648 2247 1772 2298 Her.
1799 2247 2019 2309 XVIII,
2050 2268 2181 2313 100,
2201 2248 2327 2302 dici-

1295 2338 1381 2376 tur
1405 2344 1541 2395 aqua
1561 2340 1789 2377 extrema
1808 2366 1822 2388 ‚
1857 2344 1976 2395 quae
2005 2328 2125 2378 litus
2149 2329 2325 2393 alluit,

1296 2404 1368 2462 (et
1393 2409 1554 2475 prima
1569 2406 1750 2471 fabula
1770 2405 1917 2476 apud
1944 2406 2067 2457 Ter.
2093 2406 2319 2480 Adelph.

1294 2487 1426 2555 prol,
1438 2488 1507 2551 V,
1524 2484 1599 2555 ρ).
1615 2487 1729 2538 Pari
1755 2484 1914 2538 modo
1931 2487 2121 2538 ultimus
2132 2488 2323 2542 dicitur

1295 2566 1427 2618 infra
1451 2587 1497 2618 c.
1524 2568 1620 2630 XI,
1634 2580 1844 2638 pratum
1863 2568 2076 2617 ultimum
2095 2583 2170 2620 est
2191 2574 2321 2638 prati

1294 2658 1520 2698 extrema
1542 2666 1675 2716 pars,
1702 2647 1969 2714 „Idswtmti
1986 2647 2039 2698 h.
2063 2666 2105 2698 e.
2129 2668 2319 2718 appre-

1293 2724 1526 2776 hendere
1546 2739 1597 2777 et
1614 2724 1857 2777 mordere
1871 2728 2117 2795 cupienti.

1378 2805 1426 2856 5.
1473 2807 1634 2871 (Duum
1678 2807 1910 2856 desideria
1961 2812 2051 2856 mei
2098 2811 2319 2859 intuentis

1295 2884 1476 2935 Parum
1507 2889 1661 2935 nescio
1686 2886 1804 2957 quid
1832 2887 1957 2936 lubet
1977 2891 2139 2956 jocari
2157 2889 2318 2940 Hein-

1292 2963 1395 3015 sius
1416 2965 1466 3015 iu
1488 2965 1624 3016 notis
1637 2964 1703 3016 ad
1723 2965 1986 3017 Catullum
2009 2967 2143 3017 libro
2163 2969 2316 3019 citato

1293 3062 1354 3095 ex
1378 3045 1679 3112 conjectura
1699 3063 1883 3115 parum
1905 3047 2182 3114 probabili.

1376 3127 1430 3175 6.
1454 3124 1598 3194 Piget
1618 3125 1725 3176 fere
1752 3142 1936 3174 omnes
1964 3127 2285 3194 conjecturas
2302 3168 2315 3190 ‚

1292 3222 1422 3273 quas
1448 3205 1572 3253 VV.
1608 3206 1724 3255 DD.
1750 3202 1814 3254 ad
1848 3202 1990 3255 hunc
2029 3205 2206 3257 locum
2239 3220 2313 3258 at-

1292 3283 1524 3335 tulerunt
1543 3323 1557 3348 ‚
1596 3284 1785 3336 chartae
1825 3283 2040 3335 illinere.
2071 3286 2146 3335 Ee
2184 3289 2312 3336 sola·

1293 3364 1458 3414 tiolum
1475 3369 1553 3413 sui
1570 3364 1747 3415 doloris
1766 3363 1905 3415 credo
1922 3404 1934 3424 ,
1955 3365 2104 3415 Voss.
2122 3377 2174 3415 ut
2191 3368 2315 3416 sola-

1293 3443 1461 3494 tiolum
1482 3444 1650 3513 Vulp.
1677 3444 1777 3494 Pro
1800 3444 1938 3494 credo
1958 3457 2009 3494 ue
2033 3463 2083 3495 v.
2106 3464 2181 3515 sq.
2206 3458 2316 3497 ten·

1291 3523 1431 3576 tabat
1450 3522 1675 3593 Scaliger
1704 3525 1912 3574 credunt.
1940 3524 2314 3577 Difficultatem

1289 3602 1541 3655 nimirum
1563 3604 1720 3674 hujus
1748 3604 1845 3654 loci
1879 3604 2083 3673 peperit
2121 3605 2318 3675 ingrata

1295 3683 1535 3753 repetitio
1555 3685 1822 3753 particulae
1844 3695 1897 3732 ut
1916 3696 1966 3735 et
1986 3682 2189 3736 diversa
2208 3687 2318 3752 ejus

1292 3762 1615 3832 significatio.
1642 3764 1776 3815 Hinc
1793 3762 2010 3814 diversae
2029 3764 2292 3816 sententiae
2305 3804 2319 3826 ‚

1295 3844 1633 3910 conjecturae,
1668 3857 1717 3894 et
1750 3843 2133 3914 explicationes.
2157 3844 2318 3894 Heiu-

1294 3922 1400 3974 sius
1418 3922 1470 3973 in
1490 3920 1704 3974 notisad
1722 3925 1834 3975 Cat.
1853 3942 1951 3993 pro
1971 3935 2024 3974 ut
2035 3922 2315 3993 legendum

1296 4020 1406 4054 esse
1433 4003 1717 4072 suspicatus
1735 4017 1808 4054 est
1837 4004 1912 4054 Tu
1928 4045 1942 4063 ,
1968 3994 2047 4066 et,
2067 4021 2232 4072 quum
2255 4023 2322 4056 ne

1296 4082 1370 4134 sic
1401 4080 1618 4152 quidem
1648 4080 1979 4135 difficultates
2006 4096 2229 4135 remotas
2249 4085 2326 4135 vi-

1979 4188 2065 4258 3,
