2986 4935
469 453 595 521 ET
649 444 1299 519 VARIETATEM
1355 437 1934 508 LECTIONIS.
2122 433 2270 529 579

213 589 403 640 Pontus
465 583 537 634 ob
604 579 878 634 materiam
940 576 1164 630 navibus

122 663 464 721 aedificandis
515 675 693 733 aptam
731 657 1019 720 celebrata,
1064 656 1164 718 IV,
1729 649 1791 710 S,

138 768 228 800 ιο.
282 782 289 789 ε

220 825 507 879 Postlucmia
524 862 540 887 ‚
569 819 815 884 XXVII,
843 816 895 869 3.
1332 808 1473 861 Sacoe
1489 848 1506 871 ,
1535 806 1646 869 XI,
1671 811 1722 857 6.

220 907 401 958 Potens
449 913 503 954 et
545 902 806 971 impotens
850 897 905 948 in
956 911 1169 956 amore,
1333 886 1572 951 sanabis,
1595 887 1734 950 XII,
1770 892 1859 947 ¹4·

129 987 285 1039 VIII
300 1023 314 1050 ,
346 1002 401 1051 9.
1335 967 1639 1037 Salaputium
1655 1003 1672 1030 ,
1695 965 1851 1029 LIII,
1878 970 1926 1017 5.

211 1063 585 1134 Praepositiones
596 1058 866 1127 neglecta,
880 1052 1166 1112 XXXVII,
1337 1045 1556 1098 Salinum
1606 1064 1635 1097 a
1684 1045 1949 1096 veteribus
1997 1041 2280 1112 puriswime

146 1165 167 1198 1
183 1166 244 1197 0,
1259 1136 1628 1180 conservatum
1649 1163 1664 1190 ,
1688 1124 1957 1186 XXXIII,
1989 1141 2011 1175 1
2025 1140 2079 1190 9.-

229 1221 519 1274 Praetextati
555 1229 780 1287 nuptam
817 1212 1039 1266 domum
1080 1209 1173 1263 de·
1340 1204 1657 1268 Salisubsuli,
1679 1204 1844 1254 XVII
1867 1205 1953 1268 ‚6.

136 1304 403 1357 <lucentes
422 1339 437 1364 ,
468 1298 626 1360 LXI,
657 1298 751 1349 81.
1335 1284 1596 1338 Sallustius
1627 1279 1960 1345 emendatus,
1989 1279 2195 1343 XXIX,
2227 1299 2253 1331 α
2278 1318 2283 1328 .

228 1380 472 1435 prendere
497 1374 666 1447 quid?
695 1376 808 1433 LV,
841 1393 896 1444 7.
1338 1362 1552 1416 Saltatio
1580 1380 1779 1434 pompa
1813 1360 2035 1431 nuptiali
2074 1360 2283 1412 institu-

231 1464 452 1514 Preta‘um
468 1475 568 1529 pro
585 1452 884 1527 dispendio,
897 1449 1177 1513 LXXVII,
1263 1457 1313 1497 ta
1331 1482 1346 1507 ,
1379 1443 1502 1494 LXI
1514 1479 1530 1505 ‚
1569 1459 1592 1494 1
1605 1448 1636 1504 4
1648 1482 1660 1494 .

150 1564 209 1596 2,
1346 1521 1630 1574 Saturnalia
1650 1560 1667 1585 ,
1692 1520 1844 1583 XIV,
1879 1538 1899 1571 1
1916 1520 1967 1572 5.

240 1622 450 1688 Priapus
531 1612 877 1684 navigationis
954 1628 1144 1681 praeses
1164 1646 1181 1673 ,
1347 1600 1580 1653 Scelerati
1604 1620 1635 1653 a
1669 1600 1792 1652 feris
1819 1600 2153 1670 potissimum
2181 1609 2270 1668 pet

148 1701 349 1763 XVII,
385 1717 435 1749 2.
1268 1680 1560 1736 creduntur
1579 1720 1595 1743 ,
1619 1680 1789 1743 XLV,
1814 1699 1868 1749 7.

239 1781 343 1831 Pro
364 1789 414 1827 et
431 1795 536 1845 pra·
559 1791 726 1844 perm.
746 1771 955 1834 LXIII,
984 1768 1115 1822 383.
1348 1761 1530 1829 Scyllae
1562 1758 1681 1810 duae
1713 1759 1861 1810 suere
1879 1795 1895 1820 ,
1932 1775 2160 1827 quarum
2198 1762 2288 1825 μῦ-

240 1857 525 1926 Pmpoutis,
547 1854 647 1916 IV,
676 1871 728 1919 9.
1269 1848 1339 1894 θοι
1362 1837 1765 1891 confunduntur
1782 1876 1798 1901 ,
1828 1836 1924 1887 LX
1944 1876 1957 1898 ,
1985 1857 2036 1888 α.

242 1939 394 1989 Pueri
409 1973 426 1998 ‚
465 1934 539 1985 ita
577 1931 681 1984 viri
722 1932 1048 2002 juvenesque
1092 1943 1184 1977 vo·
1350 1919 1553 1989 Scyros,
1582 1917 1726 1981 LIV,
1754 1916 1846 1969 35.

155 2030 355 2073 cantur
373 2054 388 2081 ,
416 2013 553 2072 XII,
588 2030 642 2079 9.
1352 1998 1454 2050 Sed
1474 2010 1527 2050 et
1555 2014 1725 2066 perm.
1751 1994 1962 2054 LXVI,
2002 2014 2095 2047 υ.

249 2095 552 2165 Pugillares,
587 2091 742 2143 XLII
757 2129 772 2155 ,
808 2088 858 2140 5.
1354 2078 1528 2130 Sedere
1553 2076 1608 2127 in
1632 2075 1823 2128 malam
1845 2086 2076 2144 partem,
2101 2074 2295 2135 LXVI,

1283 2178 1371 2211 υ.

633 2248 718 2327 Q,
1355 2235 1515 2289 Sensit
1563 2248 1618 2286 et
1669 2234 1837 2287 sanxit
1879 2251 2050 2304 perm.
2096 2234 2293 2294 LXIV,

1285 2337 1311 2368 2
1327 2337 1347 2370 ι
1360 2357 1372 2368 .

258 2414 489 2483 Quamvis
527 2427 626 2480 pro
655 2403 840 2469 valde,
868 2399 1193 2464 admodum,
1359 2395 1605 2463 Serapidis
1633 2395 1892 2464 templum
1910 2430 1925 2454 ,
1962 2393 2041 2458 X,
2075 2394 2168 2445 25.

165 2496 314 2558 XII,
341 2495 392 2545 5.
418 2523 496 2532 —-
523 2507 624 2559 pro
649 2483 1012 2555 quantumvis,
1037 2482 1191 2541 (3111,
1362 2476 1584 2528 Sestiana
1616 2473 1755 2526 dicta
1773 2514 1789 2539 ,
1823 2474 2021 2538 LXIV,
2056 2490 2138 2525 ιο.

172 2596 230 2629 2,
1363 2556 1535 2607 Sldera
1591 2572 1751 2624 supra
1812 2566 2021 2604 montes
2077 2553 2299 2605 orientia

262 2654 368 2721 Qut
408 2681 486 2691 —-
523 2667 610 2719 que
649 2664 749 2716 pro
788 2656 884 2693 tam
913 2673 991 2684 --
1021 2657 1190 2710 quam,
1285 2649 1331 2686 et
1365 2632 1685 2696 occidentia,
1718 2633 1899 2695 LXII,
1929 2651 1980 2701 7.

168 2734 364 2796 LVII,
401 2751 453 2782 2.
1365 2713 1517 2768 Sileni
1547 2713 1848 2783 Nysigenae,
1887 2711 2085 2775 LXIV,
2113 2712 2236 2764 253,

264 2812 365 2881 Qui
388 2828 486 2881 pro
510 2825 601 2879 quo
615 2843 628 2865 .
656 2804 842 2865 LXII,
879 2818 965 2851 πο.
1366 2796 1587 2845 Sinistra·
1606 2810 1728 2843 usus
1747 2791 1799 2841 in
1816 2790 2067 2854 furando,
2089 2792 2194 2842 XII
2211 2829 2226 2854 ,
2255 2809 2274 2840 1
2294 2831 2306 2842 .

266 2890 404 2959 Quid
429 2900 480 2940 et
505 2886 634 2957 quod
660 2901 827 2954 perm.
1365 2873 1543 2923 Sirmio
1561 2912 1575 2932 ,
1608 2871 1794 2922 XXXI
1813 2909 1827 2934 ,
1867 2889 1915 2922 ι.

266 2972 491 3038 Quisquis
541 2984 641 3036 pro
692 2965 916 3034 quisque,
978 2955 1194 3012 LVIII,
1369 2952 1576 3023 Smyrna
1618 2968 1807 3020 poema
1841 2948 2049 3006 Cinnae,
2080 2951 2191 3019 ejus
2221 2969 2304 3000 ar-

180 3056 279 3105 28.
1287 3044 1627 3102 gumentum,
1654 3029 1827 3091 XCV,
1862 3046 1906 3079 1.

270 3126 591 3195 Quotidiunus
638 3122 799 3193 prim.
851 3115 1163 3189 producitur
1183 3149 1197 3171 ,
1367 3111 1512 3163 Solea
1559 3108 1867 3171 mulierum,
1908 3106 2167 3169 LXVIII,
2220 3126 2286 3175 7²
2303 3146 2315 3157 .

176 3207 453 3269 LXVIII,
479 3203 570 3272 39.
1291 3224 1371 3235 --
1425 3190 1581 3240 Soleae
1631 3206 1890 3257 equorum
1948 3187 2155 3256 ungulis
2203 3204 2312 3236 non

272 3288 434 3358 Quum
462 3296 514 3334 et
538 3301 679 3354 quam
702 3297 870 3352 perm.
892 3276 1089 3337 LXVI,
1113 3273 1201 3323 23.
1292 3268 1452 3322 clavis
1473 3267 1685 3327 adfixae,
1718 3264 1806 3318 sed
1836 3276 2043 3317 tantum
2064 3266 2280 3334 alligatas
2296 3305 2309 3327 ,

1296 3350 1486 3412 XVII,
1520 3350 1607 3398 26.

661 3440 737 3500 R·
1377 3427 1578 3496 Sperat-e
1598 3445 1697 3495 pro
1724 3425 1933 3487 timere,
1958 3424 2156 3480 LXIV.
2195 3430 2317 3487 140.

1380 3506 1577 3576 Sponsas
1603 3505 1779 3556 invitae
1804 3517 1967 3573 raptae
1985 3542 1999 3567 ,
2022 3504 2177 3565 LXI,
2206 3504 2257 3555 3.

277 3605 505 3654 Recoctus
535 3597 700 3659 senis,
721 3594 863 3653 LIV,
900 3597 948 3641 5.
1383 3586 1766 3637 Sternutamenta
1785 3582 1963 3635 omnia
1985 3583 2151 3634 fausta
2171 3596 2221 3634 et
2243 3584 2318 3632 in-

279 3682 495 3733 Reddere
525 3697 624 3748 pro
655 3676 797 3737 dare,
825 3670 1035 3730 LXVI,
1068 3667 1161 3734 37.
1305 3670 1495 3730 fausta,
1519 3666 1688 3728 XLV,
1718 3668 1769 3717 8,

281 3761 575 3812 Rhamnusia
602 3753 780 3824 vix-gn,
811 3751 1020 3810 LXVI,
1048 3766 1134 3814 7¹·
1386 3746 1580 3795 Strunm
1608 3744 1840 3804 Nonius,
1868 3742 1994 3805 LII,
2031 3761 2081 3791 2.

284 3842 427 3892 Rhesi
456 3836 594 3907 equi.
1389 3824 1693 3896 Stymphalia
1747 3835 2005 3880 monstra,
2059 3821 2315 3884 LXVIII,

284 3918 513 3979 Rhodus,
539 3916 641 3977 IV,
674 3915 728 3964 8.
1320 3902 1444 3956 1¹3.

287 3999 515 4052 Romulus
536 4039 548 4060 ‚
581 4005 799 4048 vocatur
826 3988 998 4041 Julius
1021 3988 1191 4040 Coesar
1209 4023 1222 4046 ‚
1385 3983 1601 4034 Suetonii
1637 3983 1782 4033 locus
1822 3981 1960 4049 ‹3pr.
2007 3979 2187 4030 xxlx
2210 4019 2224 4044 ,
2248 4000 2328 4032 ar.

201 4080 395 4134 XXIX
415 4119 429 4143 ,
460 4078 511 4131 5.
1317 4075 1554 4131 gument.

1888 4167 2019 4259 37²
