2986 4935
684 425 824 496 130

1206 425 1759 492 C.VALER11
1818 426 2282 494 CATULLI

882 557 1083 646 Quod
1123 559 1399 651 quisquc
1434 559 1700 642 minxit,
1734 557 1863 625 hoc
1897 555 2062 625 solet
2095 557 2215 625 sibi
2252 582 2445 626 mane

881 669 1167 732 Dentem
1192 716 1210 746 ‚
1241 679 1438 757 atque
1478 688 1732 732 russam
1764 663 2086 732 defricare
2123 666 2496 757 gingivam;

881 775 977 840 Ut
1012 797 1144 865 quo
1188 772 1308 839 iste
1356 786 1575 839 vester
1605 769 1956 864 expolitior
1993 770 2156 844 dens
2188 785 2323 855 est,

884 882 1028 946 Hoc
1075 892 1138 946 te
1177 877 1457 971 amplius
1505 877 1746 946 bibisse
1789 876 2102 972 praedicet
2139 875 2278 945 loti.

672 1089 900 1152 Celtiber,
926 1087 1186 1139 Celtiberia
1215 1091 1265 1137 in
1290 1098 1415 1137 terra
1444 1086 1499 1137 in
1522 1086 1699 1156 pleris-

667 1189 772 1240 que
798 1181 925 1220 vett.
956 1166 1109 1219 editt.
1136 1179 1187 1218 et
1211 1166 1324 1218 MS.
1355 1179 1483 1218 teste
1512 1165 1694 1217 Statio.

669 1251 896 1320 Scaliger
922 1249 974 1298 in
1004 1248 1120 1299 MS.
1148 1261 1200 1299 et
1221 1259 1347 1298 vett.
1373 1244 1524 1297 editt.
1551 1265 1602 1296 se
1626 1246 1701 1297 iu·

669 1332 870 1382 venisse
901 1329 973 1380 ait
1000 1347 1012 1379 ε
1052 1328 1261 1379 Celtiber
1280 1348 1340 1377 ex
1365 1325 1624 1377 Celtheria
1649 1328 1699 1374 in

672 1420 819 1470 terra,
848 1407 990 1459 unde
1013 1408 1103 1459 ille
1127 1406 1252 1476 legit
1281 1406 1492 1458 Celtiber
1514 1409 1564 1456 ἱη
1591 1405 1701 1457 Cel·

670 1489 838 1541 ciboria
869 1502 1012 1540 terra.
1043 1485 1231 1538 Editor
1256 1485 1702 1556 cantabrigiensis

667 1569 803 1620 bene
837 1581 1004 1620 tentat
1035 1587 1046 1617 z
1086 1568 1230 1619 Nunc
1267 1564 1478 1617 Celtiber
1504 1578 1552 1616 et
1584 1564 1697 1616 Cel-

670 1650 837 1701 tiberia
869 1654 917 1699 in
952 1661 1111 1709 terra,
1148 1642 1238 1697 sed
1273 1646 1407 1696 male
1439 1646 1697 1715 explicat:

671 1731 815 1780 Nunc
842 1748 982 1797 quum
1002 1732 1066 1778 sis
1090 1725 1322 1785 Celtiber;
1352 1737 1403 1775 et
1433 1725 1613 1777 Heius».
1645 1724 1698 1776 in

671 1810 794 1860 Not.
842 1807 906 1860 ad
950 1807 1143 1859 Catuli.
1173 1805 1287 1857 vult
1319 1823 1331 1856 ε
1372 1805 1514 1856 Nunc
1548 1804 1700 1856 Celti-

671 1889 741 1938 be!
787 1911 813 1939 c
854 1888 1114 1940 Celtiberia
1156 1898 1282 1936 terra
1303 1906 1323 1946 ;
1359 1885 1605 1945 fortasse,
1645 1896 1701 1935 ut

672 1988 843 2020 meam
880 1987 1090 2039 quoque
1128 1967 1459 2035 interponam
1493 1977 1700 2015 senten-

672 2049 798 2100 tiam
815 2088 829 2110 ,
857 2050 999 2101 Nunc
1023 2046 1234 2098 Celtiber
1250 2087 1262 2106 ,
1293 2057 1345 2094 a!
1369 2045 1628 2096 Celtiberia
1652 2048 1701 2094 ἰη

675 2141 818 2178 terra.
866 2129 1039 2193 Quam
1076 2127 1128 2177 in
1164 2139 1368 2177 textum
1408 2127 1704 2194 recepimus

1788 1084 1842 1136 in
1880 1084 2010 1137 edit.
2051 1085 2289 1155 Gotting.
2329 1098 2382 1137 et
2420 1085 2639 1157 Bipont.
2678 1087 2823 1140 haud

1789 1164 1953 1216 dubie
1981 1184 2043 1217 ex
2071 1163 2198 1217 edit.
2235 1164 2456 1217 Corrad.
2486 1164 2554 1219 de
2578 1167 2746 1220 Anio.

1876 1263 1896 1296 1
1912 1247 1964 1298 8.
1989 1245 2141 1312 Quod
2157 1249 2351 1316 quisque
2368 1250 2518 1298 min-t.
2536 1259 2638 1298 etc.
2674 1246 2824 1299 Idem

1788 1321 1855 1376 de
1894 1323 2176 1377 Celtiberis
2209 1323 2371 1377 tradit
2404 1324 2628 1378 Diodor.
2660 1327 2825 1379 Sicul.

1789 1404 1905 1457 Lib.
1940 1405 1992 1456 V
2021 1421 2033 1455 ε
2070 1407 2137 1456 Τὸ
2165 1411 2316 1473 σῶμα
2340 1408 2556 1458 λούουσαν
2586 1407 2713 1477 οὔρῳ
2744 1407 2824 1458 καὶ

1788 1486 1902 1544 τοὺς
1942 1480 2170 1544 ὀδόντας.
2209 1484 2318 1537 Ubi
2349 1483 2462 1537 vid.
2496 1486 2825 1556 Wesseling.

1789 1565 1853 1616 T.
1878 1565 1938 1627 1,
1966 1583 2020 1634 p.
2056 1564 2189 1633 357,
2220 1564 2314 1634 qui
2344 1565 2398 1617 in
2431 1562 2672 1617 eamdem
2714 1585 2827 1618 rem

1789 1643 1990 1696 indicat
2012 1644 2188 1695 locum
2209 1644 2456 1696 strabon.
2481 1644 2600 1696 Lib.
2622 1646 2742 1709 111,
2770 1665 2823 1716 p.

1797 1730 1936 1793 249‚
1967 1723 2060 1775 ubi
2087 1723 2154 1775 cf.
2187 1724 2545 1776 Casaubonus.

1880 1821 1900 1854 1
1915 1822 1965 1870 9.
1994 1804 2246 1854 Pume'care
2264 1805 2509 1872 gingivam
2531 1803 2655 1873 legit
2677 1807 2825 1874 Apu·

1791 1885 1922 1954 lejus
1943 1884 1995 1933 in
2017 1887 2114 1953 Ap.
2136 1883 2280 1935 hunc
2298 1902 2507 1935 versum
2528 1884 2827 1954 proferens,

1876 1983 1965 2015 ao.
1980 1965 2167 2023 Vester,
2185 1961 2316 2014 dens
2331 1976 2451 2013 tuus
2464 1963 2661 2033 politus
2676 1983 2827 2016 more

1789 2056 1949 2092 vestro
1977 2043 2366 2095 celtiberorum.
2397 2043 2467 2094 N.

1875 2142 1900 2172 2
1921 2143 1965 2175 ι.
1997 2124 2057 2173 In
2088 2123 2202 2174 MS.
2236 2121 2480 2174 biblioth.
2517 2140 2627 2191 reg.
2670 2139 2697 2173 1
2719 2123 2824 2175 165

673 2209 949 2260 lectionem
972 2244 987 2269 ‚
1025 2208 1165 2257 Nunc
1195 2205 1405 2257 Celtiber
1430 2225 1501 2259 ω.
1537 2215 1701 2256 exstat
1788 2202 1983 2271 legitur
2012 2203 2152 2252 lotus.
2210 2202 2276 2253 N.

1348 2427 1886 2514 CARMEN
1952 2427 2151 2512 XL.

1471 2664 1574 2707 AD
1634 2663 2032 2708 RAVIDUM.

996 2858 1338 2942 QUAENAM
1386 2866 1447 2918 te
1488 2848 1659 2917 mala
1697 2875 1920 2935 mem,
1960 2848 2211 2917 miselle
2242 2848 2529 2935 Ravide‚

998 2962 1148 3054 Agit
1189 2959 1589 3052 praecipitem
1633 2959 1700 3023 in
1749 2982 1929 3024 meos
1978 2954 2274 3024 iambos?

995 3069 1162 3155 Quis
1209 3069 1391 3133 Deus
1431 3063 1545 3131 tibi
1593 3089 1725 3132 non
1766 3063 1934 3130 bene
1971 3063 2333 3131 advocatus

1000 3172 1368 3241 vecordem
1410 3185 1600 3265 parat
1630 3170 1915 3239 excitare
1953 3168 2208 3238 rixam?

761 3396 898 3445 Aac.
934 3391 1188 3442 Fut-orem
1222 3387 1410 3440 Ravidi
1446 3387 1704 3457 increpat,

683 3475 776 3547 qui
819 3484 1010 3524 aeterna
1050 3472 1115 3522 ab
1162 3469 1349 3520 iambis
1395 3467 1593 3520 Catulli
1636 3468 1704 3520 ti·

682 3552 871 3608 menda
890 3550 1209 3603 contumelia
1238 3568 1290 3600 se
1316 3546 1572 3600 deterreri
1597 3567 1703 3598 non

682 3651 861 3706 passus
881 3633 975 3695 sit,
1002 3650 1109 3701 quo
1138 3630 1314 3680 minus
1341 3629 1453 3697 ejus
1473 3627 1703 3697 puellam

681 3713 784 3777 [vel
825 3708 1073 3783 puerum]
1113 3708 1179 3760 ad
1228 3726 1464 3760 amorem
1506 3707 1703 3759 sollici-

679 3806 830 3848 taret.

764 3892 807 3925 x.
832 3872 1068 3940 Quaenam
1085 3882 1129 3919 te
1144 3869 1270 3919 mola
1295 3887 1447 3929 mem,
1471 3865 1707 3920 etc.Wie

674 3955 863 4007 kannst
899 3951 972 4003 du
1007 3951 1104 4002 aus
1135 3948 1238 4000 den
1285 3946 1701 4016 ungliicklichen

677 4034 873 4086 Einfatl
906 4033 1186 4089 hominen,
1220 4026 1344 4079 dich
1375 4028 1470 4077 mit
1503 4025 1705 4078 Gewalt

674 4114 727 4164 in
773 4113 946 4164 meine
981 4110 1205 4161 Jamben
1246 4126 1310 4159 zu
1348 4104 1597 4158 stur-zen?
1624 4135 1703 4153 -ι

1795 3388 1934 3438 Μαῖα
1960 3406 2086 3437 mens
2101 3428 2114 3449 ,
2147 3386 2338 3438 mentis
2358 3387 2705 3456 perversitas,
2729 3387 2824 3441 de·

1795 3466 2007 3518 mentia.

1878 3545 1927 3597 3.
1967 3548 2089 3615 Quis
2121 3546 2236 3597 deus
2265 3564 2359 3597 non
2392 3546 2507 3597 bene
2536 3547 2651 3600 adv.
2684 3547 2823 3599 Nam

1794 3627 1928 3677 mala
1958 3626 2175 3678 consilia
2211 3643 2359 3695 aeque
2387 3645 2445 3678 ac
2478 3626 2621 3678 bona
2648 3646 2675 3679 a
2709 3627 2826 3678 Diis

1796 3705 2021 3756 immissa
2045 3703 2374 3758 dicebantur.
2395 3707 2626 3777 Vulpius
2644 3705 2826 3758 laudat

1798 3786 1956 3838 Hom.
1981 3785 2131 3838 Iliad.
2160 3786 2352 3849 XVII,
2383 3790 2493 3853 469
2520 3802 2537 3837 τ
2567 3788 2828 3856 «Atidiu-

1796 3861 1909 3921 δον,
1938 3867 2007 3926 τίς
2042 3868 2115 3919 τοί
2142 3886 2195 3918 νυ
2225 3871 2344 3918 θεῶν
2374 3861 2617 3935 νηκερδέα
2647 3868 2821 3930 βουλὴν

1795 3935 1857 3996 ἐν
1883 3946 2139 4002 στήθεσσιν
2164 3949 2319 4014 ἔθηκε,
2340 3947 2423 3999 καὶ
2442 3947 2632 4009 ἐξέλετο
2650 3949 2823 4015 φρένας

1794 4026 1994 4090 ἐσθλάςς
2013 4051 2035 4071 n

1884 4112 1934 4168 4.
1963 4108 2094 4159 Rixa
2122 4125 2317 4169 vecors,
2346 4122 2513 4176 quum
2546 4104 2665 4177 quis
2688 4104 2823 4159 alte-
