<?xml version="1.0" encoding="UTF-8"?>
<!DOCTYPE html PUBLIC "-//W3C//DTD XHTML 1.0 Transitional//EN"
    "http://www.w3.org/TR/xhtml1/DTD/xhtml1-transitional.dtd">
<html xmlns="http://www.w3.org/1999/xhtml" xml:lang="en" lang="en">
 <head>
  <title>
</title>
<meta http-equiv="Content-Type" content="text/html;charset=utf-8" />
  <meta name='ocr-system' content='tesseract 3.04.00' />
  <meta name='ocr-capabilities' content='ocr_page ocr_carea ocr_par ocr_line ocrx_word'/>
</head>
<body>
  <div class='ocr_page' id='page_1' title='image "./cvaleriuscatull00naudgoog_0632.png"; bbox 0 0 2986 4935; ppageno 0'>
   <div class='ocr_carea' id='block_1_1' title="bbox 638 520 1913 592">
    <p class='ocr_par' dir='ltr' id='par_1_1' title="bbox 638 520 1913 592">
     <span class='ocr_line' id='line_1_1' title="bbox 638 520 1913 592; baseline -0.004 -1"><span class='ocrx_word' id='word_1_1' title='bbox 638 523 785 592; x_wconf 75' lang='grc'><strong>(322</strong></span> <span class='ocrx_word' id='word_1_2' title='bbox 1477 520 1913 588; x_wconf 83' lang='lat' dir='ltr'><strong>TABULA.</strong></span> 
     </span>
    </p>
   </div>
   <div class='ocr_carea' id='block_1_2' title="bbox 642 650 2779 2234">
    <p class='ocr_par' dir='ltr' id='par_1_2' title="bbox 712 650 2779 854">
     <span class='ocr_line' id='line_1_2' title="bbox 744 650 2779 751; baseline 0 -30"><span class='ocrx_word' id='word_1_3' title='bbox 744 654 1035 721; x_wconf 85' lang='lat' dir='ltr'>XXXV.</span> <span class='ocrx_word' id='word_1_4' title='bbox 1095 650 1430 720; x_wconf 82' lang='lat' dir='ltr'>Caecilium</span> <span class='ocrx_word' id='word_1_5' title='bbox 1476 654 1711 720; x_wconf 88' lang='lat' dir='ltr'>invitat</span> <span class='ocrx_word' id='word_1_6' title='bbox 1727 700 2389 718; x_wconf 90' lang='grc'><strong>.............</strong></span> <span class='ocrx_word' id='word_1_7' title='bbox 2411 655 2571 748; x_wconf 85' lang='lat' dir='ltr'>Pag.</span> <span class='ocrx_word' id='word_1_8' title='bbox 2649 681 2676 725; x_wconf 94' lang='lat'>1</span> <span class='ocrx_word' id='word_1_9' title='bbox 2702 681 2779 751; x_wconf 74' lang='lat'>¹3⁷</span> 
     </span>
     <span class='ocr_line' id='line_1_3' title="bbox 712 752 2573 854; baseline 0.001 -26"><span class='ocrx_word' id='word_1_10' title='bbox 712 761 1036 828; x_wconf 90' lang='lat' dir='ltr'><strong>XXXVI.</strong></span> <span class='ocrx_word' id='word_1_11' title='bbox 1093 760 1175 825; x_wconf 90' lang='lat' dir='ltr'>In</span> <span class='ocrx_word' id='word_1_12' title='bbox 1222 757 1508 827; x_wconf 86' lang='lat' dir='ltr'>Annales</span> <span class='ocrx_word' id='word_1_13' title='bbox 1559 757 1813 826; x_wconf 84' lang='lat' dir='ltr'>Volu&#39;sii</span> <span class='ocrx_word' id='word_1_14' title='bbox 1857 752 2162 852; x_wconf 83' lang='lat' dir='ltr'><strong>(pessimi</strong></span> <span class='ocrx_word' id='word_1_15' title='bbox 2217 761 2573 854; x_wconf 86' lang='lat' dir='ltr'>scriptoris</span> 
     </span>
    </p>

    <p class='ocr_par' dir='ltr' id='par_1_3' title="bbox 695 857 2774 1060">
     <span class='ocr_line' id='line_1_4' title="bbox 1060 857 2774 953; baseline 0.004 -21"><span class='ocrx_word' id='word_1_16' title='bbox 1060 857 1447 953; x_wconf 85' lang='lat' dir='ltr'>ludificatio)</span> <span class='ocrx_word' id='word_1_17' title='bbox 1466 912 2548 932; x_wconf 87' lang='grc'><strong>.....................</strong></span> <span class='ocrx_word' id='word_1_18' title='bbox 2646 896 2665 937; x_wconf 86' lang='grc' dir='ltr'>ι</span> <span class='ocrx_word' id='word_1_19' title='bbox 2690 895 2774 938; x_wconf 86' lang='grc' dir='ltr'>2ο</span> 
     </span>
     <span class='ocr_line' id='line_1_5' title="bbox 695 964 2571 1060; baseline 0.002 -21"><span class='ocrx_word' id='word_1_20' title='bbox 695 974 1053 1040; x_wconf 88' lang='lat' dir='ltr'><strong>XXXVII.</strong></span> <span class='ocrx_word' id='word_1_21' title='bbox 1098 970 1200 1039; x_wconf 91' lang='lat' dir='ltr'>Ad</span> <span class='ocrx_word' id='word_1_22' title='bbox 1250 970 1758 1039; x_wconf 82' lang='lat' dir='ltr'>contubernales</span> <span class='ocrx_word' id='word_1_23' title='bbox 1791 964 2261 1060; x_wconf 88' lang='lat' dir='ltr'>(comminatio</span> <span class='ocrx_word' id='word_1_24' title='bbox 2307 976 2376 1040; x_wconf 86' lang='lat' dir='ltr'>in</span> <span class='ocrx_word' id='word_1_25' title='bbox 2408 999 2571 1042; x_wconf 84' lang='lat' dir='ltr'>moe-</span> 
     </span>
    </p>

    <p class='ocr_par' dir='ltr' id='par_1_4' title="bbox 642 1071 2774 1277">
     <span class='ocr_line' id='line_1_6' title="bbox 1066 1071 2774 1172; baseline 0.004 -27"><span class='ocrx_word' id='word_1_26' title='bbox 1066 1077 1227 1145; x_wconf 88' lang='lat' dir='ltr'>chos</span> <span class='ocrx_word' id='word_1_27' title='bbox 1268 1076 1503 1172; x_wconf 86' lang='lat' dir='ltr'>puellae</span> <span class='ocrx_word' id='word_1_28' title='bbox 1544 1071 1703 1166; x_wconf 84' lang='lat' dir='ltr'>suae)</span> <span class='ocrx_word' id='word_1_29' title='bbox 1735 1125 2546 1144; x_wconf 90' lang='grc'><strong>................</strong></span> <span class='ocrx_word' id='word_1_30' title='bbox 2639 1080 2774 1151; x_wconf 86' lang='grc'>123</span> 
     </span>
     <span class='ocr_line' id='line_1_7' title="bbox 642 1177 2557 1277; baseline 0.001 -25"><span class='ocrx_word' id='word_1_31' title='bbox 642 1186 1032 1253; x_wconf 86' lang='lat' dir='ltr'><strong>XXXVIII.</strong></span> <span class='ocrx_word' id='word_1_32' title='bbox 1090 1183 1190 1252; x_wconf 84' lang='lat' dir='ltr'>Ad</span> <span class='ocrx_word' id='word_1_33' title='bbox 1223 1183 1656 1253; x_wconf 89' lang='lat' dir='ltr'>Cornificium</span> <span class='ocrx_word' id='word_1_34' title='bbox 1697 1177 1989 1277; x_wconf 88' lang='lat' dir='ltr'>(querela</span> <span class='ocrx_word' id='word_1_35' title='bbox 2027 1184 2112 1253; x_wconf 85' lang='lat' dir='ltr'>de</span> <span class='ocrx_word' id='word_1_36' title='bbox 2151 1183 2408 1254; x_wconf 85' lang='lat' dir='ltr'>silentio</span> <span class='ocrx_word' id='word_1_37' title='bbox 2445 1185 2557 1254; x_wconf 89' lang='lat' dir='ltr'>de·-</span> 
     </span>
    </p>

    <p class='ocr_par' dir='ltr' id='par_1_5' title="bbox 710 1283 2770 1493">
     <span class='ocr_line' id='line_1_8' title="bbox 1065 1283 2770 1379; baseline 0.004 -22"><span class='ocrx_word' id='word_1_38' title='bbox 1065 1290 1279 1358; x_wconf 85' lang='lat' dir='ltr'>bentis</span> <span class='ocrx_word' id='word_1_39' title='bbox 1318 1283 1578 1379; x_wconf 86' lang='lat' dir='ltr'>solatia)</span> <span class='ocrx_word' id='word_1_40' title='bbox 1581 1337 2547 1358; x_wconf 89' lang='grc'><strong>...................</strong></span> <span class='ocrx_word' id='word_1_41' title='bbox 2635 1299 2770 1379; x_wconf 72' lang='grc'>124</span> 
     </span>
     <span class='ocr_line' id='line_1_9' title="bbox 710 1391 2560 1493; baseline 0.002 -30"><span class='ocrx_word' id='word_1_42' title='bbox 710 1399 1031 1464; x_wconf 87' lang='lat' dir='ltr'><strong>XXXIX.</strong></span> <span class='ocrx_word' id='word_1_43' title='bbox 1090 1400 1169 1464; x_wconf 91' lang='lat' dir='ltr'>In</span> <span class='ocrx_word' id='word_1_44' title='bbox 1234 1398 1594 1490; x_wconf 83' lang='lat' dir='ltr'><strong>Egnatium</strong></span> <span class='ocrx_word' id='word_1_45' title='bbox 1661 1391 2059 1484; x_wconf 82' lang='lat' dir='ltr'>(ludificatio</span> <span class='ocrx_word' id='word_1_46' title='bbox 2125 1398 2328 1493; x_wconf 83' lang='lat' dir='ltr'>inepti</span> <span class='ocrx_word' id='word_1_47' title='bbox 2389 1400 2560 1467; x_wconf 84' lang='lat' dir='ltr'>risus</span> 
     </span>
    </p>

    <p class='ocr_par' dir='ltr' id='par_1_6' title="bbox 1065 1496 2767 1596">
     <span class='ocr_line' id='line_1_10' title="bbox 1065 1496 2767 1596; baseline 0.004 -26"><span class='ocrx_word' id='word_1_48' title='bbox 1065 1502 1489 1596; x_wconf 84' lang='lat' dir='ltr'>dentiumque</span> <span class='ocrx_word' id='word_1_49' title='bbox 1534 1496 2015 1590; x_wconf 84' lang='lat' dir='ltr'>ostentationis)</span> <span class='ocrx_word' id='word_1_50' title='bbox 2047 1551 2545 1569; x_wconf 90' lang='grc'><strong>..........</strong></span> <span class='ocrx_word' id='word_1_51' title='bbox 2634 1507 2767 1576; x_wconf 88' lang='grc'>128</span> 
     </span>
    </p>

    <p class='ocr_par' dir='ltr' id='par_1_7' title="bbox 837 1602 2766 1810">
     <span class='ocr_line' id='line_1_11' title="bbox 880 1602 2766 1697; baseline 0.003 -21"><span class='ocrx_word' id='word_1_52' title='bbox 880 1610 1025 1676; x_wconf 90' lang='lat' dir='ltr'>XL.</span> <span class='ocrx_word' id='word_1_53' title='bbox 1083 1608 1185 1676; x_wconf 82' lang='lat' dir='ltr'>Ad</span> <span class='ocrx_word' id='word_1_54' title='bbox 1231 1609 1561 1677; x_wconf 87' lang='lat' dir='ltr'>Ravidum</span> <span class='ocrx_word' id='word_1_55' title='bbox 1607 1602 1798 1697; x_wconf 84' lang='lat' dir='ltr'>(ultio</span> <span class='ocrx_word' id='word_1_56' title='bbox 1844 1606 2249 1697; x_wconf 86' lang='lat' dir='ltr'>lacessentis)</span> <span class='ocrx_word' id='word_1_57' title='bbox 2257 1659 2546 1677; x_wconf 90' lang='grc'><strong>......</strong></span> <span class='ocrx_word' id='word_1_58' title='bbox 2631 1611 2766 1683; x_wconf 87' lang='lat'>130</span> 
     </span>
     <span class='ocr_line' id='line_1_12' title="bbox 837 1706 2567 1810; baseline 0.002 -29"><span class='ocrx_word' id='word_1_59' title='bbox 837 1716 1019 1781; x_wconf 88' lang='lat' dir='ltr'><strong>XLI.</strong></span> <span class='ocrx_word' id='word_1_60' title='bbox 1078 1717 1156 1781; x_wconf 88' lang='lat' dir='ltr'>ln</span> <span class='ocrx_word' id='word_1_61' title='bbox 1201 1718 1480 1782; x_wconf 84' lang='lat' dir='ltr'>amicam</span> <span class='ocrx_word' id='word_1_62' title='bbox 1529 1717 1857 1783; x_wconf 88' lang='lat' dir='ltr'>Formiani</span> <span class='ocrx_word' id='word_1_63' title='bbox 1902 1706 2354 1810; x_wconf 84' lang='lat' dir='ltr'>(reprehensio</span> <span class='ocrx_word' id='word_1_64' title='bbox 2397 1716 2567 1786; x_wconf 88' lang='lat' dir='ltr'>stul-</span> 
     </span>
    </p>

    <p class='ocr_par' dir='ltr' id='par_1_8' title="bbox 1098 1817 2756 1915">
     <span class='ocr_line' id='line_1_13' title="bbox 1098 1817 2756 1915; baseline 0.003 -28"><span class='ocrx_word' id='word_1_65' title='bbox 1098 1836 1178 1888; x_wconf 85' lang='lat' dir='ltr'>tae</span> <span class='ocrx_word' id='word_1_66' title='bbox 1224 1817 1656 1915; x_wconf 83' lang='lat' dir='ltr'>arrogantiae)</span> <span class='ocrx_word' id='word_1_67' title='bbox 1686 1869 2550 1889; x_wconf 89' lang='grc'><strong>.................</strong></span> <span class='ocrx_word' id='word_1_68' title='bbox 2634 1824 2756 1895; x_wconf 81' lang='grc'>131</span> 
     </span>
    </p>

    <p class='ocr_par' dir='ltr' id='par_1_9' title="bbox 777 1922 2764 2128">
     <span class='ocr_line' id='line_1_14' title="bbox 809 1922 2764 2020; baseline 0.006 -30"><span class='ocrx_word' id='word_1_69' title='bbox 809 1928 1024 1995; x_wconf 87' lang='lat' dir='ltr'><strong>XLII.</strong></span> <span class='ocrx_word' id='word_1_70' title='bbox 1082 1931 1159 1993; x_wconf 92' lang='lat' dir='ltr'>In</span> <span class='ocrx_word' id='word_1_71' title='bbox 1205 1929 1557 2020; x_wconf 88' lang='lat' dir='ltr'>quamdam</span> <span class='ocrx_word' id='word_1_72' title='bbox 1595 1922 1974 2015; x_wconf 84' lang='lat' dir='ltr'>(insectatio</span> <span class='ocrx_word' id='word_1_73' title='bbox 2001 1927 2186 2017; x_wconf 88' lang='lat' dir='ltr'>furti)</span> <span class='ocrx_word' id='word_1_74' title='bbox 2210 1977 2551 1995; x_wconf 91' lang='grc'><strong>.......</strong></span> <span class='ocrx_word' id='word_1_75' title='bbox 2633 1929 2764 2000; x_wconf 84' lang='grc'>133</span> 
     </span>
     <span class='ocr_line' id='line_1_15' title="bbox 777 2031 2563 2128; baseline 0.002 -29"><span class='ocrx_word' id='word_1_76' title='bbox 777 2034 1025 2102; x_wconf 89' lang='lat' dir='ltr'><strong>XLIII.</strong></span> <span class='ocrx_word' id='word_1_77' title='bbox 1085 2036 1163 2100; x_wconf 93' lang='lat' dir='ltr'>In</span> <span class='ocrx_word' id='word_1_78' title='bbox 1209 2037 1487 2102; x_wconf 87' lang='lat' dir='ltr'>amicam</span> <span class='ocrx_word' id='word_1_79' title='bbox 1531 2035 1862 2103; x_wconf 86' lang='lat' dir='ltr'>Formiani</span> <span class='ocrx_word' id='word_1_80' title='bbox 1906 2031 2308 2128; x_wconf 84' lang='lat' dir='ltr'>(indignatio</span> <span class='ocrx_word' id='word_1_81' title='bbox 2352 2035 2442 2103; x_wconf 93' lang='lat' dir='ltr'>ob</span> <span class='ocrx_word' id='word_1_82' title='bbox 2487 2036 2563 2104; x_wconf 86' lang='lat' dir='ltr'>il·</span> 
     </span>
    </p>

    <p class='ocr_par' dir='ltr' id='par_1_10' title="bbox 1069 2134 2767 2234">
     <span class='ocr_line' id='line_1_16' title="bbox 1069 2134 2767 2234; baseline 0.006 -29"><span class='ocrx_word' id='word_1_83' title='bbox 1069 2138 1197 2206; x_wconf 81' lang='lat' dir='ltr'>lam</span> <span class='ocrx_word' id='word_1_84' title='bbox 1237 2166 1386 2208; x_wconf 92' lang='lat' dir='ltr'>cum</span> <span class='ocrx_word' id='word_1_85' title='bbox 1428 2142 1667 2209; x_wconf 86' lang='lat' dir='ltr'>Lesbia</span> <span class='ocrx_word' id='word_1_86' title='bbox 1707 2134 2191 2234; x_wconf 83' lang='lat' dir='ltr'>comparatam)</span> <span class='ocrx_word' id='word_1_87' title='bbox 2211 2189 2551 2207; x_wconf 89' lang='lat'><strong>.......</strong></span> <span class='ocrx_word' id='word_1_88' title='bbox 2633 2141 2767 2214; x_wconf 84' lang='lat'>135</span> 
     </span>
    </p>
   </div>
   <div class='ocr_carea' id='block_1_3' title="bbox 780 2240 2563 2332">
    <p class='ocr_par' dir='ltr' id='par_1_11' title="bbox 780 2240 2563 2332">
     <span class='ocr_line' id='line_1_17' title="bbox 780 2240 2563 2332; baseline 0.004 -24"><span class='ocrx_word' id='word_1_89' title='bbox 780 2246 1023 2313; x_wconf 87' lang='lat' dir='ltr'><strong>XLIV.</strong></span> <span class='ocrx_word' id='word_1_90' title='bbox 1082 2245 1185 2313; x_wconf 88' lang='lat' dir='ltr'>Ad</span> <span class='ocrx_word' id='word_1_91' title='bbox 1229 2247 1535 2314; x_wconf 89' lang='lat' dir='ltr'>Fundum</span> <span class='ocrx_word' id='word_1_92' title='bbox 1578 2240 1800 2332; x_wconf 83' lang='lat' dir='ltr'>(lusus</span> <span class='ocrx_word' id='word_1_93' title='bbox 1841 2249 1908 2314; x_wconf 89' lang='lat' dir='ltr'>in</span> <span class='ocrx_word' id='word_1_94' title='bbox 1952 2249 2243 2319; x_wconf 80' lang='lat' dir='ltr'>Sextium</span> <span class='ocrx_word' id='word_1_95' title='bbox 2283 2247 2563 2317; x_wconf 85' lang='lat' dir='ltr'>divitem</span> 
     </span>
    </p>
   </div>
   <div class='ocr_carea' id='block_1_4' title="bbox 713 2346 2773 4254">
    <p class='ocr_par' dir='ltr' id='par_1_12' title="bbox 1070 2346 2768 2449">
     <span class='ocr_line' id='line_1_18' title="bbox 1070 2346 2768 2449; baseline 0.004 -31"><span class='ocrx_word' id='word_1_96' title='bbox 1070 2351 1306 2446; x_wconf 86' lang='lat' dir='ltr'>frigida</span> <span class='ocrx_word' id='word_1_97' title='bbox 1352 2355 1596 2446; x_wconf 87' lang='lat' dir='ltr'>scripta</span> <span class='ocrx_word' id='word_1_98' title='bbox 1636 2355 1948 2422; x_wconf 45' lang='lat' dir='ltr'>convivis¹</span> <span class='ocrx_word' id='word_1_99' title='bbox 1975 2346 2336 2447; x_wconf 84' lang='lat' dir='ltr'>legentem)</span> <span class='ocrx_word' id='word_1_100' title='bbox 2373 2402 2396 2421; x_wconf 89' lang='lat'><strong>.</strong></span> <span class='ocrx_word' id='word_1_101' title='bbox 2426 2403 2446 2419; x_wconf 91' lang='lat'><strong>.</strong></span> <span class='ocrx_word' id='word_1_102' title='bbox 2479 2403 2499 2419; x_wconf 91' lang='lat'><strong>.</strong></span> <span class='ocrx_word' id='word_1_103' title='bbox 2534 2403 2552 2419; x_wconf 94' lang='lat'><strong>.</strong></span> <span class='ocrx_word' id='word_1_104' title='bbox 2631 2352 2768 2449; x_wconf 80' lang='lat'>137</span> 
     </span>
    </p>

    <p class='ocr_par' dir='ltr' id='par_1_13' title="bbox 803 2457 2772 2653">
     <span class='ocr_line' id='line_1_19' title="bbox 803 2457 2568 2555; baseline 0.005 -35"><span class='ocrx_word' id='word_1_105' title='bbox 803 2458 1014 2525; x_wconf 90' lang='lat' dir='ltr'><strong>XLV.</strong></span> <span class='ocrx_word' id='word_1_106' title='bbox 1076 2460 1180 2527; x_wconf 88' lang='lat' dir='ltr'>De</span> <span class='ocrx_word' id='word_1_107' title='bbox 1245 2461 1449 2530; x_wconf 87' lang='lat' dir='ltr'>Acme</span> <span class='ocrx_word' id='word_1_108' title='bbox 1516 2475 1584 2528; x_wconf 85' lang='lat' dir='ltr'>et</span> <span class='ocrx_word' id='word_1_109' title='bbox 1651 2461 1968 2554; x_wconf 86' lang='lat' dir='ltr'>Septimio</span> <span class='ocrx_word' id='word_1_110' title='bbox 2017 2457 2280 2555; x_wconf 84' lang='lat' dir='ltr'>(imago</span> <span class='ocrx_word' id='word_1_111' title='bbox 2351 2463 2568 2530; x_wconf 88' lang='lat' dir='ltr'>mutui</span> 
     </span>
     <span class='ocr_line' id='line_1_20' title="bbox 1066 2560 2772 2653; baseline 0.004 -22"><span class='ocrx_word' id='word_1_112' title='bbox 1066 2560 1337 2653; x_wconf 88' lang='lat' dir='ltr'>amoris)</span> <span class='ocrx_word' id='word_1_113' title='bbox 1372 2591 1389 2629; x_wconf 86' lang='lat'><strong>.</strong></span> <span class='ocrx_word' id='word_1_114' title='bbox 1424 2613 2555 2633; x_wconf 89' lang='lat'><strong>......................</strong></span> <span class='ocrx_word' id='word_1_115' title='bbox 2636 2571 2772 2652; x_wconf 89' lang='grc'>140</span> 
     </span>
    </p>

    <p class='ocr_par' dir='ltr' id='par_1_14' title="bbox 771 2668 2773 2873">
     <span class='ocr_line' id='line_1_21' title="bbox 771 2668 2571 2766; baseline 0.004 -31"><span class='ocrx_word' id='word_1_116' title='bbox 771 2670 1024 2736; x_wconf 89' lang='lat' dir='ltr'><strong>XLVI.</strong></span> <span class='ocrx_word' id='word_1_117' title='bbox 1087 2670 1189 2738; x_wconf 92' lang='lat' dir='ltr'>Ad</span> <span class='ocrx_word' id='word_1_118' title='bbox 1241 2697 1308 2740; x_wconf 91' lang='lat' dir='ltr'>se</span> <span class='ocrx_word' id='word_1_119' title='bbox 1354 2674 1568 2766; x_wconf 89' lang='lat' dir='ltr'>ipsum</span> <span class='ocrx_word' id='word_1_120' title='bbox 1617 2672 1700 2740; x_wconf 91' lang='lat' dir='ltr'>de</span> <span class='ocrx_word' id='word_1_121' title='bbox 1757 2673 2045 2741; x_wconf 83' lang='lat' dir='ltr'>adventu</span> <span class='ocrx_word' id='word_1_122' title='bbox 2100 2675 2273 2743; x_wconf 80' lang='lat' dir='ltr'>veris</span> <span class='ocrx_word' id='word_1_123' title='bbox 2325 2668 2571 2766; x_wconf 82' lang='lat' dir='ltr'>(profe-</span> 
     </span>
     <span class='ocr_line' id='line_1_22' title="bbox 1069 2772 2773 2873; baseline 0.003 -29"><span class='ocrx_word' id='word_1_124' title='bbox 1069 2779 1304 2846; x_wconf 89' lang='lat' dir='ltr'>ctionis</span> <span class='ocrx_word' id='word_1_125' title='bbox 1351 2772 1733 2873; x_wconf 88' lang='lat' dir='ltr'>apparatus)</span> <span class='ocrx_word' id='word_1_126' title='bbox 1745 2826 2553 2845; x_wconf 88' lang='lat'><strong>................</strong></span> <span class='ocrx_word' id='word_1_127' title='bbox 2637 2779 2773 2865; x_wconf 77' lang='lat'>143</span> 
     </span>
    </p>

    <p class='ocr_par' dir='ltr' id='par_1_15' title="bbox 713 2880 2770 3405">
     <span class='ocr_line' id='line_1_23' title="bbox 743 2880 2572 2976; baseline 0.004 -31"><span class='ocrx_word' id='word_1_128' title='bbox 743 2880 1023 2948; x_wconf 90' lang='lat' dir='ltr'><strong>XLVII.</strong></span> <span class='ocrx_word' id='word_1_129' title='bbox 1083 2882 1184 2950; x_wconf 84' lang='lat' dir='ltr'>Ad</span> <span class='ocrx_word' id='word_1_130' title='bbox 1230 2886 1537 2953; x_wconf 86' lang='lat' dir='ltr'>Porcium</span> <span class='ocrx_word' id='word_1_131' title='bbox 1586 2899 1655 2952; x_wconf 89' lang='lat' dir='ltr'>et</span> <span class='ocrx_word' id='word_1_132' title='bbox 1688 2887 2141 2954; x_wconf 88' lang='lat' dir='ltr'>Socrationem</span> <span class='ocrx_word' id='word_1_133' title='bbox 2187 2880 2572 2976; x_wconf 86' lang='lat' dir='ltr'>(insectatio</span> 
     </span>
     <span class='ocr_line' id='line_1_24' title="bbox 1068 2984 2770 3078; baseline 0.004 -24"><span class='ocrx_word' id='word_1_134' title='bbox 1068 2990 1132 3055; x_wconf 89' lang='lat' dir='ltr'>in</span> <span class='ocrx_word' id='word_1_135' title='bbox 1181 2992 1455 3059; x_wconf 88' lang='lat' dir='ltr'>comites</span> <span class='ocrx_word' id='word_1_136' title='bbox 1503 2992 1798 3059; x_wconf 81' lang='lat' dir='ltr'>Memmii</span> <span class='ocrx_word' id='word_1_137' title='bbox 1842 2984 2144 3078; x_wconf 81' lang='lat' dir='ltr'>dilectos)</span> <span class='ocrx_word' id='word_1_138' title='bbox 2162 3039 2551 3057; x_wconf 87' lang='lat'><strong>........</strong></span> <span class='ocrx_word' id='word_1_139' title='bbox 2637 2987 2770 3077; x_wconf 80' lang='grc'>145</span> 
     </span>
     <span class='ocr_line' id='line_1_25' title="bbox 713 3090 2768 3193; baseline 0.005 -37"><span class='ocrx_word' id='word_1_140' title='bbox 713 3092 1028 3160; x_wconf 87' lang='lat' dir='ltr'><strong>XLVIII.</strong></span> <span class='ocrx_word' id='word_1_141' title='bbox 1086 3094 1189 3162; x_wconf 82' lang='lat' dir='ltr'>Ad</span> <span class='ocrx_word' id='word_1_142' title='bbox 1229 3099 1610 3165; x_wconf 73' lang='lat' dir='ltr'>Iuventium</span> <span class='ocrx_word' id='word_1_143' title='bbox 1651 3090 2030 3182; x_wconf 87' lang='lat' dir='ltr'>(osculandi</span> <span class='ocrx_word' id='word_1_144' title='bbox 2070 3092 2431 3193; x_wconf 87' lang='lat' dir='ltr'>cupiditas)</span> <span class='ocrx_word' id='word_1_145' title='bbox 2478 3146 2495 3162; x_wconf 95' lang='lat'><strong>.</strong></span> <span class='ocrx_word' id='word_1_146' title='bbox 2533 3147 2551 3161; x_wconf 92' lang='lat'><strong>.</strong></span> <span class='ocrx_word' id='word_1_147' title='bbox 2643 3102 2768 3185; x_wconf 85' lang='grc'>147</span> 
     </span>
     <span class='ocr_line' id='line_1_26' title="bbox 784 3199 2769 3298; baseline 0.004 -35"><span class='ocrx_word' id='word_1_148' title='bbox 784 3199 1027 3266; x_wconf 88' lang='lat' dir='ltr'><strong>XLIX.</strong></span> <span class='ocrx_word' id='word_1_149' title='bbox 1086 3201 1186 3268; x_wconf 83' lang='lat' dir='ltr'>Ad</span> <span class='ocrx_word' id='word_1_150' title='bbox 1225 3205 1319 3270; x_wconf 92' lang='lat' dir='ltr'>M.</span> <span class='ocrx_word' id='word_1_151' title='bbox 1365 3207 1440 3270; x_wconf 88' lang='lat' dir='ltr'><strong>T.</strong></span> <span class='ocrx_word' id='word_1_152' title='bbox 1481 3205 1871 3272; x_wconf 88' lang='lat' dir='ltr'>Ciceronem</span> <span class='ocrx_word' id='word_1_153' title='bbox 1913 3199 1939 3285; x_wconf 79' lang='grc'><em>&lt;</em></span> <span class='ocrx_word' id='word_1_154' title='bbox 1954 3206 2313 3298; x_wconf 85' lang='lat' dir='ltr'>gratiarum</span> <span class='ocrx_word' id='word_1_155' title='bbox 2353 3205 2568 3290; x_wconf 76' lang='lat' dir='ltr'>actio)</span> <span class='ocrx_word' id='word_1_156' title='bbox 2639 3203 2769 3288; x_wconf 84' lang='grc'>148</span> 
     </span>
     <span class='ocr_line' id='line_1_27' title="bbox 957 3302 2769 3405; baseline 0.003 -34"><span class='ocrx_word' id='word_1_157' title='bbox 957 3306 1030 3371; x_wconf 94' lang='lat' dir='ltr'><strong>L.</strong></span> <span class='ocrx_word' id='word_1_158' title='bbox 1090 3307 1189 3373; x_wconf 88' lang='lat' dir='ltr'>Ad</span> <span class='ocrx_word' id='word_1_159' title='bbox 1230 3311 1561 3377; x_wconf 86' lang='lat' dir='ltr'>Licinium</span> <span class='ocrx_word' id='word_1_160' title='bbox 1606 3305 1936 3394; x_wconf 88' lang='lat' dir='ltr'>(narratio</span> <span class='ocrx_word' id='word_1_161' title='bbox 1975 3310 2157 3381; x_wconf 89' lang='lat' dir='ltr'>lusus</span> <span class='ocrx_word' id='word_1_162' title='bbox 2199 3302 2502 3405; x_wconf 89' lang='lat' dir='ltr'>poetici).</span> <span class='ocrx_word' id='word_1_163' title='bbox 2539 3358 2557 3373; x_wconf 93' lang='lat'><strong>.</strong></span> <span class='ocrx_word' id='word_1_164' title='bbox 2641 3309 2769 3394; x_wconf 78' lang='grc'>148</span> 
     </span>
    </p>

    <p class='ocr_par' dir='ltr' id='par_1_16' title="bbox 924 3410 2758 3617">
     <span class='ocr_line' id='line_1_28' title="bbox 924 3410 2574 3511; baseline 0.004 -34"><span class='ocrx_word' id='word_1_165' title='bbox 924 3412 1035 3478; x_wconf 92' lang='lat' dir='ltr'>LI.</span> <span class='ocrx_word' id='word_1_166' title='bbox 1094 3413 1196 3479; x_wconf 87' lang='lat' dir='ltr'>Ad</span> <span class='ocrx_word' id='word_1_167' title='bbox 1255 3416 1562 3483; x_wconf 87' lang='lat' dir='ltr'>Lesbiam</span> <span class='ocrx_word' id='word_1_168' title='bbox 1627 3410 2068 3511; x_wconf 81' lang='lat' dir='ltr'>(significatio</span> <span class='ocrx_word' id='word_1_169' title='bbox 2139 3416 2574 3485; x_wconf 88' lang='lat' dir='ltr'>ardentissimi</span> 
     </span>
     <span class='ocr_line' id='line_1_29' title="bbox 1075 3517 2758 3617; baseline 0.002 -33"><span class='ocrx_word' id='word_1_170' title='bbox 1075 3522 1317 3587; x_wconf 88' lang='lat' dir='ltr'>amoris</span> <span class='ocrx_word' id='word_1_171' title='bbox 1363 3547 1439 3589; x_wconf 89' lang='lat' dir='ltr'>ex</span> <span class='ocrx_word' id='word_1_172' title='bbox 1486 3523 1792 3617; x_wconf 89' lang='lat' dir='ltr'>Sapphus</span> <span class='ocrx_word' id='word_1_173' title='bbox 1832 3525 2126 3592; x_wconf 87' lang='lat' dir='ltr'>carmine</span> <span class='ocrx_word' id='word_1_174' title='bbox 2171 3517 2554 3608; x_wconf 86' lang='lat' dir='ltr'>conversa).</span> <span class='ocrx_word' id='word_1_175' title='bbox 2639 3520 2758 3592; x_wconf 84' lang='lat'>151</span> 
     </span>
    </p>

    <p class='ocr_par' dir='ltr' id='par_1_17' title="bbox 889 3621 2564 3721">
     <span class='ocr_line' id='line_1_30' title="bbox 889 3621 2564 3721; baseline 0.006 -36"><span class='ocrx_word' id='word_1_176' title='bbox 889 3623 1039 3688; x_wconf 90' lang='lat' dir='ltr'><strong>LII.</strong></span> <span class='ocrx_word' id='word_1_177' title='bbox 1099 3624 1199 3690; x_wconf 85' lang='lat' dir='ltr'>Ad</span> <span class='ocrx_word' id='word_1_178' title='bbox 1246 3629 1531 3721; x_wconf 83' lang='lat' dir='ltr'>scipsum</span> <span class='ocrx_word' id='word_1_179' title='bbox 1577 3627 1660 3696; x_wconf 89' lang='lat' dir='ltr'>de</span> <span class='ocrx_word' id='word_1_180' title='bbox 1706 3630 1975 3696; x_wconf 87' lang='lat' dir='ltr'>Struma</span> <span class='ocrx_word' id='word_1_181' title='bbox 2020 3644 2088 3697; x_wconf 86' lang='lat' dir='ltr'>et</span> <span class='ocrx_word' id='word_1_182' title='bbox 2117 3629 2381 3698; x_wconf 84' lang='lat' dir='ltr'>Vatinio</span> <span class='ocrx_word' id='word_1_183' title='bbox 2428 3621 2564 3714; x_wconf 83' lang='lat' dir='ltr'>(in-</span> 
     </span>
    </p>

    <p class='ocr_par' dir='ltr' id='par_1_18' title="bbox 1072 3734 2766 3925">
     <span class='ocr_line' id='line_1_31' title="bbox 1074 3734 2570 3827; baseline 0.005 -32"><span class='ocrx_word' id='word_1_184' title='bbox 1074 3735 1343 3800; x_wconf 87' lang='lat' dir='ltr'>sectatio</span> <span class='ocrx_word' id='word_1_185' title='bbox 1385 3735 1449 3799; x_wconf 90' lang='lat' dir='ltr'>in</span> <span class='ocrx_word' id='word_1_186' title='bbox 1481 3734 1618 3801; x_wconf 91' lang='lat' dir='ltr'>duo</span> <span class='ocrx_word' id='word_1_187' title='bbox 1650 3735 2155 3827; x_wconf 82' lang='lat' dir='ltr'>magistratuum</span> <span class='ocrx_word' id='word_1_188' title='bbox 2190 3736 2570 3804; x_wconf 86' lang='lat' dir='ltr'>dehonesta-</span> 
     </span>
     <span class='ocr_line' id='line_1_32' title="bbox 1072 3834 2766 3925; baseline 0.004 -24"><span class='ocrx_word' id='word_1_189' title='bbox 1072 3835 1323 3925; x_wconf 89' lang='lat' dir='ltr'>menta)</span> <span class='ocrx_word' id='word_1_190' title='bbox 1328 3887 2549 3907; x_wconf 89' lang='lat'><strong>........................</strong></span> <span class='ocrx_word' id='word_1_191' title='bbox 2633 3834 2766 3919; x_wconf 79' lang='grc'>154</span> 
     </span>
    </p>

    <p class='ocr_par' dir='ltr' id='par_1_19' title="bbox 836 3939 2766 4254">
     <span class='ocr_line' id='line_1_33' title="bbox 848 3939 2565 4040; baseline 0.006 -36"><span class='ocrx_word' id='word_1_192' title='bbox 848 3939 1027 4006; x_wconf 92' lang='lat' dir='ltr'><strong>LIII.</strong></span> <span class='ocrx_word' id='word_1_193' title='bbox 1090 3945 1191 4009; x_wconf 91' lang='lat' dir='ltr'>Dc</span> <span class='ocrx_word' id='word_1_194' title='bbox 1234 3945 1520 4036; x_wconf 90' lang='lat' dir='ltr'>quodam</span> <span class='ocrx_word' id='word_1_195' title='bbox 1567 3960 1635 4013; x_wconf 82' lang='lat' dir='ltr'>et</span> <span class='ocrx_word' id='word_1_196' title='bbox 1666 3944 1878 4015; x_wconf 88' lang='lat' dir='ltr'>Calvo</span> <span class='ocrx_word' id='word_1_197' title='bbox 1914 3940 2193 4033; x_wconf 86' lang='lat' dir='ltr'>(dictum</span> <span class='ocrx_word' id='word_1_198' title='bbox 2229 3945 2565 4040; x_wconf 86' lang='lat' dir='ltr'>cujusdam</span> 
     </span>
     <span class='ocr_line' id='line_1_34' title="bbox 1070 4045 2766 4146; baseline 0.004 -33"><span class='ocrx_word' id='word_1_199' title='bbox 1070 4072 1105 4113; x_wconf 90' lang='lat' dir='ltr'>e</span> <span class='ocrx_word' id='word_1_200' title='bbox 1163 4051 1356 4117; x_wconf 84' lang='lat' dir='ltr'>turba</span> <span class='ocrx_word' id='word_1_201' title='bbox 1402 4050 1590 4119; x_wconf 82' lang='lat' dir='ltr'>Calvi</span> <span class='ocrx_word' id='word_1_202' title='bbox 1652 4051 2093 4146; x_wconf 89' lang='lat' dir='ltr'>eloquentiam</span> <span class='ocrx_word' id='word_1_203' title='bbox 2151 4045 2564 4140; x_wconf 86' lang='lat' dir='ltr'>admirantis)</span> <span class='ocrx_word' id='word_1_204' title='bbox 2634 4047 2766 4119; x_wconf 82' lang='grc'>155</span> 
     </span>
     <span class='ocr_line' id='line_1_35' title="bbox 836 4149 2760 4254; baseline 0.006 -40"><span class='ocrx_word' id='word_1_205' title='bbox 836 4150 1011 4217; x_wconf 88' lang='lat' dir='ltr'><strong>LIV.</strong></span> <span class='ocrx_word' id='word_1_206' title='bbox 1075 4154 1191 4221; x_wconf 89' lang='lat' dir='ltr'>Ad</span> <span class='ocrx_word' id='word_1_207' title='bbox 1227 4159 1554 4224; x_wconf 65' lang='lat' dir='ltr'>Caesarem</span> <span class='ocrx_word' id='word_1_208' title='bbox 1607 4149 1986 4242; x_wconf 85' lang='lat' dir='ltr'>(insectatio</span> <span class='ocrx_word' id='word_1_209' title='bbox 2032 4155 2436 4254; x_wconf 83' lang='lat' dir='ltr'>spurcitiei).</span> <span class='ocrx_word' id='word_1_210' title='bbox 2470 4206 2488 4222; x_wconf 91' lang='lat'><strong>.</strong></span> <span class='ocrx_word' id='word_1_211' title='bbox 2523 4205 2541 4221; x_wconf 94' lang='lat'><strong>.</strong></span> <span class='ocrx_word' id='word_1_212' title='bbox 2632 4155 2760 4248; x_wconf 82' lang='lat'>157</span> 
     </span>
    </p>
   </div>
  </div>
 </body>
</html>
