2986 4935
700 422 847 512 294

1218 422 1293 486 C.
1341 419 1777 485 VALERII
1835 418 2294 486 CATULLI

911 554 1103 620 Mens
1139 550 1594 618 animi:tantis
1638 550 1912 618 fluctuat
1951 551 2093 644 ipsa
2139 546 2360 618 malis!

786 660 1108 750 ,Namque
1153 658 1280 724 mei
1319 680 1532 750 nuper
1571 657 1841 724 Lethaeo
1887 656 2145 750 gurgite
2190 656 2407 724 fratris

911 761 1300 830 Pallidulum
1334 754 1613 829 matiana
1645 759 1832 829 alluit;
1865 762 2042 830 unda
2078 761 2355 856 pedem;

807 870 1007 937 Troia
1049 869 1333 936 Rhoeteo
1371 893 1566 961 quern
1607 868 1832 935 subter
1870 866 2063 936 litore
2101 867 2294 937 tellus

914 978 1235 1066 Ereptum
1282 976 1525 1042 nostris
1568 974 1813 1042 obterit
1853 999 1933 1041 ex
1974 972 2200 1042 oculiS.

804 1079 1168 1172 Alloquar?
1208 1080 1566 1148 audierone
1611 1103 1902 1173 unquam
1942 1094 2057 1148 tua
2099 1080 2277 1149 facta*
2312 1079 2740 1173 loquentem?

914 1189 1269 1278 Nunquam
1315 1211 1438 1280 ego
1476 1201 1580 1272 te,
1611 1187 1744 1253 vita
1789 1186 1991 1255 frater
2027 1184 2411 1272 amabilior,

703 1361 1011 1414 confusione
1043 1360 1149 1412 vid.
1182 1361 1299 1412 Nic.
1326 1362 1497 1411 Helm.
1527 1361 1594 1414 ad
1622 1361 1724 1413 Ov.
1810 1361 2126 1414 Theocritus
2149 1361 2325 1421 XXV,
2348 1351 2567 1430 9.«Ᾰ).λ’
2587 1364 2638 1413 αἱ
2660 1363 2745 1429 μέν
2770 1364 2827 1430 ῥα

707 1442 842 1492 Fast.
891 1442 1001 1500 111,
1057 1440 1166 1509 725
1187 1478 1203 1502 ,
1249 1452 1302 1492 et
1332 1441 1599 1493 Burmann.
1657 1440 1724 1493 ad
1810 1442 2009 1501 νάοντος
2038 1443 2119 1491 ἐπ’
2146 1442 2308 1507 ὄχθαις
2340 1441 2462 1509 ἀμφ’
2489 1429 2820 1500 Danubium.-

709 1520 939 1584 Quintil.
966 1519 1111 1571 Decl.
1142 1519 1227 1582 II,
1258 1525 1308 1581 4.
1338 1551 1416 1559 -—
1447 1519 1622 1572 Sensus
1643 1521 1726 1572 vel

694 1602 844 1670 fletus
874 1599 930 1650 in
961 1599 1099 1662 aliis,
1124 1597 1267 1669 quod
1305 1600 1565 1667 posterius
1599 1600 1727 1651 reti·

709 1678 941 1730 nendum
962 1691 1138 1729 censet
1158 1679 1376 1729 Vossius
1390 1696 1402 1729 :
1418 1678 1577 1729 dulces
1577 1681 1729 1749 fletus

708 1758 849 1809 enim
890 1758 1158 1809 Catullum
1203 1776 1389 1809 vocare
1434 1771 1582 1827 putat
1626 1759 1728 1810 ele-

709 1856 801 1906 gos
817 1875 831 1899 ‚
852 1836 1118 1908 praecipue
1146 1836 1362 1907 elegiam
1393 1850 1695 1907 sequentem
1714 1875 1730 1901 ‚

711 1935 829 1986 quae
843 1918 907 1968 sit
927 1918 1071 1986 quasi
1085 1915 1239 1968 fletus
1253 1933 1418 1968 comae
1438 1917 1730 1975 Berenices,

713 2016 873 2064 quam
898 1997 1199 2066 loquentem
1226 1995 1431 2047 inducit
1461 1997 1733 2048 Poeta.—

716 2077 825 2129 MS.
859 2077 994 2127 Bibl.
1028 2095 1136 2146 reg.
1170 2066 1237 2127 n⁰
1279 2094 1299 2127 1
1320 2075 1422 2127 165
1443 2116 1457 2140 ,
1482 2074 1573 2127 dat
1602 2103 1621 2121 ιι
1646 2095 1731 2127 ex-

714 2175 959 2225 promere
1000 2157 1177 2221 foetus,
1207 2183 1227 2201 ι
1249 2174 1364 2225 quae
1401 2156 1627 2224 genuina
1659 2156 1735 2207 le-

714 2238 820 2288 ctio
847 2248 899 2287 et
920 2235 1213 2288 Catulliana
1235 2235 1364 2286 mihi
1384 2234 1608 2287 videtur.
1625 2237 1691 2287 N.

801 2322 852 2376 4.
884 2316 989 2365 Icta
1029 2316 1167 2363 malis
1210 2315 1470 2383 eleganter
1522 2316 1737 2386 conjicit

719 2393 962 2446 Heinsius
989 2394 1040 2444 in
1074 2394 1212 2443 notis
1244 2392 1307 2444 ad
1342 2394 1734 2446 Cat.—Passim

718 2476 859 2525 enim
900 2472 965 2524 ad
1005 2492 1261 2537 summam
1302 2473 1407 2523 vim
1438 2476 1737 2543 exprimen-

718 2553 838 2604 dam
868 2573 994 2602 ἠοω
1025 2556 1119 2602 icta
1151 2552 1315 2602 dolore
1335 2593 1347 2611 ,
1385 2565 1531 2611 metu,
1563 2556 1700 2604 malis
1719 2595 1733 2615 ,

721 2631 948 2696 dicitur;
973 2630 1082 2684 vid.
1111 2651 1206 2682 uos
1235 2629 1301 2683 ad
1327 2633 1500 2684 Carni.
1526 2634 1740 2696 LXIII,

728 2731 824 2781 79,
852 2712 904 2762 in
935 2725 1041 2762 not.
1066 2712 1294 2761 —Mens
1319 2714 1492 2774 animi,
1526 2714 1740 2782 antiqua

723 2790 973 2861 loquendi
1000 2791 1160 2855 ratic,
1191 2792 1438 2843 Lucretio
1468 2804 1519 2842 et
1555 2793 1740 2844 Plauto

722 2870 1007 2929 familiaris.
1042 2871 1303 2922 Homerus
1337 2889 1470 2940 saepe
1506 2874 1649 2942 θυμὸς
1693 2874 1738 2923 ἐν

722 2953 874 3021 φρεσί.
909 2951 991 3003 Cf.
1015 2951 1267 3003 Schrader.
1295 2949 1362 3002 ad
1391 2952 1667 3015 Musaeuin,
1692 2970 1738 3003 c.

728 3054 788 3099 9,
827 3053 878 3101 p.
934 3051 1057 3099 ¹9²·
1095 3033 1264 3082 -De
1308 3032 1408 3083 hoc
1435 3049 1627 3100 genere
1661 3029 1742 3081 di-

724 3110 876 3164 cendi
905 3112 1117 3162 consule
1147 3110 1318 3162 Plaut.
1343 3111 1540 3163 Cistell.
1572 3111 1657 3173 ΙΙ,
1695 3128 1741 3174 1,

724 3197 775 3246 b‘,
802 3182 956 3261 Epid.
980 3188 1079 3252 IV,
1104 3209 1150 3251 1,
1169 3191 1390 3251 4‚Lucr.
1408 3191 1506 3250 IV,
1524 3190 1738 3258 758.N.

810 3271 859 3321 5.
897 3270 1076 3319 Lethen·
1099 3274 1293 3338 gurgite
1324 3270 1376 3320 in
1407 3266 1554 3320 librr.
1591 3269 1739 3320 MSS.

724 3348 894 3400 Statii.
919 3381 998 3389 —
1026 3350 1244 3418 Namque
1266 3353 1381 3405 mei.
1413 3361 1512 3401 ete.
1536 3350 1568 3399 J
1574 3367 1739 3419 unge:

728 3456 747 3473 ο-
767 3446 992 3498 namque
1019 3425 1160 3480 unda
1191 3429 1347 3480 Loth.
1386 3428 1591 3498 gurgite
1632 3447 1741 3479 ma·

724 3527 852 3559 nans
876 3507 1184 3576 pallidulum
1216 3508 1389 3560 Fratris
1420 3509 1524 3559 mei
1550 3506 1740 3578 pedem

722 3606 894 3658 nuper
923 3586 1096 3650 alluit;
1123 3615 1141 3633 ·
1182 3585 1421 3657 expende
1455 3599 1703 3637 ornatum
1726 3625 1740 3649 ‚

722 3686 820 3738 pro
848 3667 1048 3737 vulgari
1085 3693 1105 3712 ι
1136 3686 1265 3719 nam.
1300 3668 1460 3718 frater
1492 3684 1639 3716 meus
1678 3683 1739 3716 ex

721 3748 827 3800 vita
876 3767 1046 3816 nuper
1095 3746 1339 3816 migravit
1385 3743 1450 3796 ad
1506 3745 1699 3796 inferos
1722 3782 1739 3807 ‚

721 3836 959 3879 mortuus
987 3839 1082 3878 est.
1110 3826 1442 3877 .-.Manans
1475 3823 1605 3874 unda
1621 3844 1740 3891 gur-

714 3911 817 3974 gite
843 3906 1032 3957 Lechaeo
1058 3906 1272 3968 dicitur,
1310 3917 1366 3955 ut
1394 3901 1536 3974 apud
1578 3902 1737 3955 Ovid.

716 3987 863 4038 Rem.
893 3989 1075 4036 Amor.
1110 3988 1173 4036 61
1189 3986 1218 4036 8
1242 4001 1256 4036 ε
1280 4009 1301 4029 ιι
1325 3985 1403 4034 De
1434 4002 1603 4054 prope
1625 4001 1740 4034 cur-

714 4067 850 4115 renti
915 4065 1134 4117 flumine
1185 4076 1359 4115 manat
1411 4081 1560 4132 aqua.
1593 4088 1614 4107 ·
1651 4062 1736 4113 Sic

1813 1552 1893 1563 —
1927 1523 2081 1591 Aqua
2129 1520 2272 1571 lento
2316 1518 2537 1570 flumine
2578 1518 2830 1572 decedens

1816 1620 2007 1651 mamare
2048 1599 2263 1669 proprie
2317 1596 2546 1662 dicitur,
2580 1612 2635 1651 et
2683 1599 2742 1650 h.
2792 1600 2824 1649 l.

1814 1680 2016 1750 optime
2043 1678 2362 1749 appositum.
2393 1678 2460 1728 N.
2484 1679 2823 1738 -Ρααὶᾰω,

1815 1760 2046 1810 solemne
2061 1776 2237 1809 rerum
2261 1758 2587 1809 infernarum
2612 1757 2825 1828 epithet.

1900 1857 1951 1906 7.
1981 1839 2029 1889 Τ
2025 1844 2131 1888 ποῖα
2151 1837 2287 1887 tellus
2307 1855 2408 1907 pro
2440 1837 2588 1887 Troia
2615 1836 2831 1896 dictum,

1819 1931 1877 1970 ut
1932 1908 2131 1987 (supra
2176 1916 2355 1969 Garm.
2397 1916 2671 1980 xxxlx,
2721 1907 2829 1985 17)

1829 2000 1979 2049 Terra
2021 1995 2277 2049 Celtiberia
2290 2037 2306 2059 ,
2350 1995 2442 2047 ubi
2476 1993 2584 2047 vid.
2625 2009 2735 2048 not.
2758 2028 2828 2036 —

1822 2078 2014 2132 Rhaweo
2080 2077 2215 2126 litore
2239 2113 2252 2132 ,
2315 2071 2543 2127 Troadis
2613 2076 2834 2145 regionis

1820 2155 2218 2227 promontorio,
2261 2155 2343 2206 vel
2385 2154 2558 2224 Ajacis
2600 2155 2832 2226 sepulcro

1822 2250 1942 2288 saus
1971 2248 2116 2287 noto,

1906 2316 1957 2367 8.
2013 2315 2214 2383 Oba-git
2260 2314 2315 2365 in
2356 2311 2678 2383 quibusdam
2715 2325 2830 2366 vett.

1823 2408 1950 2446 teste
1995 2395 2200 2446 Vossio.
2237 2394 2418 2444 Obruit
2451 2394 2689 2446 tentabat
2728 2394 2832 2445 Sta·

1825 2475 1941 2528 tius.
1965 2507 2043 2515 -—
2067 2475 2259 2526 Obterit
2279 2474 2490 2543 gravius
2527 2486 2584 2524 et
2615 2473 2834 2545 exquisi-

1826 2556 1928 2606 tius
1949 2573 2046 2623 pro
2067 2554 2265 2624 vulgari
2287 2554 2498 2622 obtegi&
2523 2553 2598 2605 sic
2618 2567 2753 2605 terra
2772 2554 2839 2604 in·

1825 2646 1964 2703 gesta
2006 2635 2237 2703 sepultus
2279 2639 2424 2704 apud
2471 2633 2686 2685 Luci-et.
2731 2634 2839 2691 111,

1830 2733 1861 2781 9
1875 2717 1941 2765 16
1963 2711 2161 2764 dicitur
2191 2713 2412 2765 obtritus
2425 2714 2641 2781 pondere
2666 2724 2815 2764 term.

1910 2813 1960 2859 9.
1992 2792 2148 2843 Hunc
2175 2811 2414 2855 versum,
2448 2804 2697 2862 tanquam
2726 2811 2837 2862 spu·

1830 2873 1994 2934 rium,
2016 2889 2113 2922 nec
2140 2873 2193 2923 in
2227 2872 2334 2923 ullo
2370 2872 2514 2923 libro
2542 2872 2655 2924 kls.
2689 2889 2836 2942 appa·

1829 2963 2062 3013 rentem,
2091 2949 2407 3003 damnarunt
2431 2951 2630 3003 Statius
2661 2965 2716 3005 et
2734 2954 2840 3003 δα·
2937 2994 2938 2999 ,

1831 3029 1989 3099 liger;
2009 3029 2096 3081 sed
2117 3029 2480 3083 reducendum
2498 3048 2623 3082 eum
2647 3030 2837 3101 putavit
2937 3066 2938 3099 }

1835 3111 2083 3161 Vossius:
2109 3108 2359 3181 idemque
2387 3110 2445 3161 in
2474 3108 2630 3161 editt.
2659 3112 2838 3163 Venet.

1833 3189 2042 3259 Gryph.
2073 3189 2267 3241 Mutet.
2293 3202 2346 3240 et
2377 3189 2609 3259 antiquis
2637 3191 2755 3242 aliis
2776 3189 2840 3240 le·

1830 3269 1992 3338 gitur.
2039 3269 2211 3321 Habet
2255 3282 2395 3321 certe
2442 3268 2533 3319 ille
2585 3269 2724 3322 nihil
2765 3269 2845 3319 ab·
2937 3270 2938 3281 ¹

1830 3348 1941 3399 soni
1961 3389 1977 3412 ‚
1995 3366 2094 3400 nec
2123 3349 2275 3400 facile
2297 3350 2368 3399 ob
2385 3347 2640 3400 orationis
2657 3366 2841 3400 nexum

1828 3426 2116 3480 desiderari
2153 3441 2340 3499 potest.
2374 3458 2452 3467 —-
2478 3426 2582 3479 Pro
2610 3430 2757 3494 sacta
2794 3428 2841 3478 in

1828 3507 2144 3577 quibusdam
2163 3510 2310 3574 sata,
2334 3525 2452 3577 quae
2472 3523 2611 3577 sape
2638 3509 2843 3561 confusa

1828 3599 1974 3650 sunt;
2024 3586 2134 3638 vid.
2183 3585 2571 3639 Dmchenbooeh.
2617 3586 2691 3640 ad
2735 3586 2840 3638 Liv.

1828 3667 1943 3731 III,
1973 3674 2041 3730 40
2062 3703 2078 3729 ,
2104 3686 2159 3736 p.
2186 3666 2317 3735 705.
2335 3697 2412 3707 -—
2430 3665 2598 3716 Verba
2620 3666 2676 3718 in
2699 3664 2842 3718 editt.

1831 3746 2019 3798 Venet.
2065 3745 2281 3815 Gryph.
2333 3745 2524 3796 Mutet.
2577 3776 2659 3787 -—
2700 3748 2845 3798 Deest

1827 3822 2040 3895 quidem
2069 3825 2158 3878 hio
2174 3842 2354 3878 versus
2379 3824 2436 3875 in
2461 3842 2582 3875 meo
2605 3825 2726 3877 MS.
2751 3823 2846 3877 Sed

1825 3904 2049 3956 nothum
2085 3905 2231 3959 hune
2271 3923 2379 3957 non
2419 3903 2571 3954 facile
2611 3903 2847 3956 credide·

1825 3982 1958 4047 rim,
1981 4002 2089 4054 quo
2116 3985 2332 4038 affectus
2354 3982 2516 4035 animi
2544 3994 2651 4035 tam
2680 3981 2847 4035 vivida

1827 4081 2056 4132 veraque
2084 4064 2309 4134 imagine
2336 4061 2677 4131 exprimitur.
2703 4064 2772 4115 N.
