2986 4935
698 496 790 564 38

1224 497 1298 561 C.
1342 495 1780 562 VALERII
1840 496 2302 563 CATULLI

1010 631 1093 695 Et
1133 640 1453 720 quantum
1485 641 1586 695 est
1618 628 1960 696 hominum
1995 624 2487 697 venustiorum!

1017 738 1243 802 Passer
1277 749 1580 803 mortuus
1615 748 1713 802 est
1745 759 1906 802 meae
1941 732 2175 827 puellae
2197 788 2215 819 ,

1013 843 1274 922 Passer,
1321 839 1569 909 deliciae
1614 866 1776 910 nieae
1819 839 2092 935 puellae,

1012 947 1234 1034 Quem
1269 944 1418 1039 plus
1450 945 1558 1013 illa
1592 946 1799 1016 oculis
1837 948 1969 1014 suis
2006 947 2270 1015 amabat
2301 974 2316 1013 ;

1012 1053 1186 1119 Nam
1235 1051 1523 1122 mellitus
1567 1068 1744 1138 erat,
1777 1076 2094 1148 suamque
2135 1068 2328 1121 norat

1014 1162 1234 1252 Ipsam
1273 1173 1409 1227 tam
1447 1161 1654 1244 bene,
1689 1183 1887 1251 quam
1927 1158 2142 1253 puella
2183 1174 2459 1227 matrem
2493 1185 2507 1225 ε

1014 1268 1156 1333 Nec
1189 1290 1329 1334 sese
1360 1290 1397 1332 a
1436 1266 1691 1359 gremio
1727 1264 1896 1334 illius
1930 1266 2273 1350 movebat3

1019 1373 1149 1440 Sed
1181 1373 1660 1442 circumsiliens
1694 1372 1895 1441 modo
1931 1373 2100 1456 huc,
2134 1372 2333 1440 modo
2373 1369 2559 1454 illue,

1020 1478 1118 1545 Ad
1157 1476 1361 1545 solam
1399 1478 1736 1547 dominam
1772 1504 1978 1572 usque.
2014 1478 2345 1573 pipilabat.
2801 1517 2846 1538 ‚0

791 1720 838 1750 2.
866 1699 1108 1765 Quantum
1129 1710 1199 1747 est
1220 1699 1340 1747 hom.
1365 1710 1551 1748 venust.
1587 1699 1640 1750 h.
1676 1718 1721 1749 e.

706 1790 962 1849 quotquot
991 1791 1109 1828 sunt
1132 1776 1371 1828 homines
1389 1778 1645 1845 elegantes
1676 1790 1727 1828 et

706 1857 932 1910 delicati.
958 1858 1092 1908 Nam
1125 1870 1349 1907 ‘venustus
1381 1876 1489 1908 non
1525 1874 1729 1926 semper

706 1937 774 1988 ad
795 1938 1036 1999 formam,
1051 1934 1223 2004 sed‚ad
1241 1954 1450 1987 morum
1468 1954 1603 2005 saepe
1618 1955 1729 1987 sua·

708 2018 914 2068 vitatem
957 2030 1005 2066 et
1044 2015 1349 2085 elegantiam
1388 2015 1642 2079 refertur,
1680 2028 1730 2066 et

709 2095 850 2148 idem
872 2109 970 2157 est,
986 2094 1130 2166 quod
1147 2096 1297 2146 nobis
1313 2112 1324 2145 :
1339 2096 1514 2164 gentil,
1534 2096 1727 2163 galam,

710 2176 841 2227 infra
863 2194 1023 2228 carm.
1045 2176 1232 2238 XXII,
1259 2195 1285 2225 2
1303 2212 1317 2233 ,
1344 2177 1479 2225 Ιιυηιο
1501 2186 1569 2223 est
1588 2194 1732 2225 venu-

712 2269 810 2306 stus
826 2293 840 2314 ,
872 2268 919 2306 et
950 2256 1119 2316 dicax,
1144 2269 1190 2305 et
1209 2254 1416 2305 urbanus
1430 2295 1444 2317 ,
1472 2255 1633 2314 XIII,
1665 2260 1697 2307 6
1717 2293 1732 2319 ‚

710 2335 778 2386 ad
802 2336 1079 2386 Fabullum
1122 2348 1306 2385 venuste
1340 2346 1514 2385 noster.
1548 2335 1732 2385 Cicero

712 2414 779 2465 de
806 2415 950 2465 Orat.
982 2415 1033 2463 II
1052 2450 1068 2473 .,
1089 2434 1134 2466 c.
1170 2418 1258 2465 56.
1282 2413 1382 2465 Sed
1401 2433 1504 2463 cum
1529 2417 1734 2464 omm‘um

711 2500 774 2544 sis
790 2498 1140 2544 venustissimus
1159 2508 1207 2542 e!
1221 2493 1569 2544 urbanissimus.
1586 2493 1731 2545 Idem

711 2574 814 2624 Pro
846 2575 1017 2624 Domo
1051 2591 1095 2624 c.
1136 2575 1203 2634 34
1225 2611 1240 2634 ,
1269 2571 1335 2624 de
1376 2573 1614 2624 facilitate
1653 2576 1733 2642 jo-

713 2651 862 2704 candi
885 2672 1035 2702 sermo
1068 2665 1280 2702 venustus
1305 2665 1352 2701 e!
1366 2654 1586 2702 urbanus.
1602 2654 1737 2702 Con-

710 2745 787 2783 tra
809 2735 1071 2783 invenustus
1086 2773 1101 2794 ‚
1123 2731 1381 2802 quidquid
1404 2732 1666 2801 elegantiae
1685 2745 1734 2782 et

711 2812 965 2864 honestati
1013 2826 1292 2880 repugnat,
1338 2812 1522 2878 gauclze
1540 2852 1553 2872 ‚
1594 2831 1733 2878 gros-

711 2897 823 2942 sier.
854 2892 996 2942 Infra
1029 2910 1190 2942 carm.
1227 2892 1358 2953 XII,
1396 2893 1454 2953 5,
1489 2890 1556 2942 de
1597 2892 1735 2942 furto

710 2970 902 3023 sudarii
917 2993 987 3021 res
1002 2984 1071 3020 est
1085 2971 1277 3021 sordida
1293 2983 1337 3020 el
1350 2976 1609 3021 invenusta.
1625 2971 1733 3021 Nec

710 3051 815 3102 huc
867 3052 1107 3103 traxerim
1160 3051 1452 3102 felicitatem
1508 3051 1700 3100 amoris
1720 3087 1733 3111 ,

709 3149 866 3199 quarn
897 3131 1162 3181 notionem
1192 3130 1601 3199 interpretationi
1631 3147 1734 3179 suae

707 3210 961 3261 immiscet
981 3209 1060 3261 Cl.
1078 3209 1275 3260 Harlesi
1283 3228 1342 3259 us
1361 3210 1412 3259 in
1435 3209 1731 3261 Chrestom.

708 3290 854 3340 Poet.
895 3291 1010 3340 Lat.
1060 3290 1160 3340 155
1186 3326 1201 3351 ,
1235 3290 1472 3357 quamvis
1511 3300 1734 3338 venustus

708 3369 969 3437 eleganter
998 3368 1122 3418 alias
1154 3366 1347 3419 dicitur
1364 3406 1378 3431 ‚
1399 3371 1476 3418 cui
1499 3368 1553 3416 V
1549 3387 1661 3417 enus
1686 3371 1734 3418 in

708 3467 866 3498 amore
878 3450 1016 3513 favet
1036 3489 1050 3510 ‚
1074 3452 1340 3498 irwenustus
1362 3438 1733 3517 (ἀναφρόδιτος)

706 3528 790 3578 cui
821 3547 925 3578 non
958 3527 1111 3578 favet.
1136 3526 1260 3579 Vid.
1286 3527 1645 3578 HemsterliuS.
1667 3525 1733 3578 ad

708 3607 927 3658 Lucian·
958 3621 994 3659 t.
1021 3608 1045 3656 Ι
1063 3643 1078 3668 ,
1103 3626 1154 3676 p.
1183 3614 1314 3669 ²42·
1336 3606 1439 3660 Sed
1459 3607 1570 3658 haec
1588 3606 1732 3656 notio

705 3687 811 3739 huc
830 3705 937 3738 non
955 3685 1195 3755 quadrat.
1211 3687 1453 3741 Citantur
1472 3687 1613 3737 enim
1631 3686 1734 3738 Ve-

705 3785 886 3826 neres,
930 3765 1246 3835 CupidineS,
1283 3780 1332 3817 et
1372 3765 1733 3836 elegantissimi

709 3846 908 3917 quique
923 3845 1161 3898 homines
1174 3844 1239 3898 ad
1257 3846 1506 3915 lugubres
1520 3846 1736 3914 passeris

710 3924 976 3995 exsequias
1029 3945 1136 3975 non
1189 3925 1340 3976 aliam
1381 3924 1452 3975 ob
1491 3943 1697 3976 causam
1714 3961 1730 3987 ,

708 4023 867 4074 quam
904 4003 1050 4075 quod
1078 4006 1189 4074 ipse
1218 4023 1394 4075 passer
1425 4004 1593 4055 suerat
1611 4002 1732 4056 dul-

709 4084 943 4135 cissimus
970 4084 1454 4153 mellitissimusque.

810 4170 860 4225 4.
920 4163 1017 4214 Hic
1076 4183 1250 4216 versus
1306 4165 1447 4215 abest
1502 4165 1552 4213 in
1611 4162 1732 4213 Stat.

1816 1697 1971 1749 MSS.
2003 1710 2053 1748 et
2083 1696 2195 1747 aliis
2226 1695 2573 1759 editionibus,
2595 1695 2687 1747 sed
2721 1696 2847 1750 Sm-

1816 1776 1945 1846 liger
1971 1796 2092 1827 eum
2113 1777 2166 1827 in
2194 1794 2289 1826 suo
2318 1774 2431 1826 MS.
2455 1776 2675 1828 invenit.
2702 1778 2848 1829 Tue-

1817 1868 1902 1906 tur
1927 1854 2172 1907 eumdem
2194 1855 2610 1925 Cantabrigensis
2632 1856 2763 1909 edit.
2785 1878 2848 1910 ex

1817 1935 1922 1987 fide
1970 1935 2121 1987 MSS.
2163 1937 2329 2005 Auget
2362 1948 2502 1987 certe
2541 1935 2630 1987 hic
2667 1957 2851 1989 versus

1818 2016 1924 2066 vim
1953 2013 2177 2078 doloris,
2211 2035 2306 2067 nec
2338 2012 2578 2085 displicet
2605 2016 2848 2085 ejusdem

1820 2113 1996 2146 versus
2018 2113 2079 2144 ex
2101 2094 2354 2164 superiori
2372 2094 2602 2146 carmine
2623 2095 2845 2147 iteratio.

1903 2175 1953 2226 5.
1989 2174 2140 2243 Quem
2166 2176 2277 2244 plus
2303 2176 2450 2225 oculis
2483 2178 2580 2224 suis
2608 2176 2843 2236 amabat,

1819 2253 1922 2305 hoc
1955 2268 2060 2317 est,
2098 2273 2204 2324 quo
2232 2253 2364 2306 nihil
2396 2254 2492 2322 ipsi
2525 2254 2623 2306 suit
2656 2255 2847 2307 carius.

1823 2335 1905 2383 Ab
1933 2333 2100 2384 oculis
2126 2335 2269 2384 enim
2286 2373 2300 2397 ,
2329 2333 2696 2403 pretiosissima
2729 2354 2848 2387 cor-

1820 2413 1964 2482 poris
1980 2413 2140 2465 nostri
2165 2426 2337 2483 parte,
2365 2413 2519 2465 variae
2545 2415 2739 2466 summi
2763 2413 2850 2466 de·

1820 2491 2054 2545 clarandi
2126 2494 2319 2545 amoris
2373 2496 2613 2545 formulae
2672 2496 2849 2564 petitae

1820 2572 2127 2631 sunt3conf.
2153 2574 2357 2624 Mosch.
2382 2572 2539 2643 ldyll.
2562 2575 2642 2624 111
2664 2613 2678 2636 ,
2714 2593 2771 2641 9,
2798 2588 2850 2627 et

1804 2671 1937 2721 ‚quae
2001 2652 2071 2703 ibi
2140 2654 2378 2704 observat
2439 2654 2852 2721 elegantissimus

1821 2732 2023 2782 Mauso,
2053 2732 2210 2781 Plura
2241 2731 2347 2783 vid.
2368 2730 2509 2802 apud
2534 2733 2846 2785 Rittershus.

1821 2809 1886 2861 ad
1940 2811 2168 2880 Oppian.
2217 2811 2442 2863 Halieut.
2489 2812 2515 2861 I
2537 2850 2551 2874 ,
2598 2811 2706 2879 703
2729 2852 2747 2875 ‚
2797 2826 2850 2865 et

1824 2891 2020 2960 Spanli.
2052 2889 2120 2941 ad
2158 2891 2464 2943 Calliniach.
2501 2891 2568 2940 Η.
2608 2891 2660 2941 in
2690 2892 2849 2944 Dian.

1828 2989 1856 3021 α
1873 2987 1890 3020 1
1911 2987 1955 3020 1.
1979 2970 2194 3023 Plautus
2220 2970 2405 3040 saepius
2429 2992 2440 3020 ε
2476 2971 2676 3021 oculitus
2709 2992 2852 3022 ama-

1823 3069 1903 3107 re,·
1927 3050 1993 3100 cf.
2021 3049 2151 3100 infra
2186 3068 2345 3100 carm.
2373 3051 2523 3112 xlv,
2558 3067 2604 3102 1.

1904 3132 1957 3179 6.
1983 3131 2096 3197 Ipsa
2123 3130 2338 3180 Vossius
2369 3143 2418 3181 et
2446 3129 2595 3180 MSS.
2623 3128 2751 3181 Stat.
2768 3162 2854 3171 —

1821 3208 2057 3279 Suamque
2077 3223 2216 3258 norat
2235 3209 2394 3278 Ipsam
2415 3222 2510 3259 tam
2530 3209 2644 3259 bene
2657 3228 2677 3269 ,·
2699 3226 2854 3261 suam

1823 3289 1984 3358 ipsam
2005 3327 2020 3351 .,
2040 3289 2142 3340 hoc
2156 3308 2201 3339 e.
2222 3307 2368 3339 suam
2395 3287 2687 3340 dominam.
2709 3287 2856 3341 Nam

1821 3372 1923 3438 ipsa
1951 3368 2268 3419 substantive
2295 3387 2392 3437 pro
2431 3370 2623 3419 domina
2653 3365 2858 3420 dicitur

1823 3466 1970 3499 more
2001 3448 2311 3499 Groecorum
2332 3485 2348 3510 ,
2378 3450 2469 3517 qui
2505 3466 2642 3517 saepe
2672 3446 2859 3500 domi·

1821 3546 1948 3578 num
1988 3529 2152 3588 αὐτὸν,
2184 3540 2236 3579 et
2267 3523 2536 3579 dominam
2570 3529 2725 3583 αὐτὴν
2755 3546 2859 3580 vo-

1820 3622 1955 3658 cant.
1985 3606 2071 3658 Sic
2112 3607 2353 3670 Plautus,
2386 3607 2600 3672 Casina,
2626 3621 2728 3660 act.
2775 3625 2860 3672 tv,

1826 3705 1853 3736 2
1876 3725 1891 3749 ‚
1920 3705 1987 3737 10
2013 3704 2026 3737 :
2051 3686 2195 3755 «Ego
2224 3705 2318 3749 ρο,
2344 3706 2452 3755 quo
2481 3705 2565 3738 me
2586 3689 2701 3756 Ipsa
2727 3679 2859 3754 (do-

1821 3758 1996 3830 mina)
2023 3766 2217 3829 misit-;
2243 3763 2354 3819 vid.
2387 3785 2521 3836 quos
2546 3765 2727 3819 laudat
2751 3764 2861 3817 do-

1821 3846 1954 3896 ctisS.
2011 3845 2275 3898 Harlesius
2337 3845 2405 3898 ad
2429 3842 2859 3899 ‘Chrestomath.

1823 3924 1995 3978 Graec.
2025 3945 2078 3996 p.
2105 3925 2132 3977 5
2149 3943 2194 3977 1.

1914 4023 1994 4058 ιο.
2034 4005 2264 4075 Pipiabat
2300 4006 2513 4058 Vossius
2559 4017 2611 4057 et
2657 4005 2885 4071 Canta·,

1824 4083 2124 4154 brigiensis;
2156 4085 2244 4137 alii
2273 4086 2520 4155 piplabat,
2553 4085 2821 4154 pipulaba‘t
2843 4129 2860 4150 ‚

1820 4166 2061 4232 Jn‘pilubut
2077 4187 2093 4224 ,·
2111 4167 2356 4235 pippiebat
2385 4165 2760 4218 Muret.--Ad
2772 4166 2866 4217 do-
