2986 4935
794 459 1227 527 CARMEN
1284 463 1612 528 LXXII.

699 693 1234 779 CARMEN
1302 653 1734 783 [xxii.

944 928 1049 971 AD
1108 928 1483 973 LESBIAM.

263 1116 571 1179 Dtcnnas
611 1111 976 1204 quondam,
1019 1112 1228 1180 solum
1275 1128 1338 1181 te
1381 1139 1571 1182 nosse
1615 1117 1979 1202 Catullum,

364 1216 637 1300 Lesbia;
672 1242 793 1284 nec
832 1243 966 1311 prae
1003 1245 1107 1285 me
1151 1217 1317 1286 velle
1357 1234 1577 1289 tenere
1596 1209 1859 1293 dovem.

268 1321 477 1390 Dilexi
518 1338 655 1390 tum
695 1338 791 1409 te,
837 1348 968 1391 non
1003 1338 1255 1393 tantum
1296 1340 1369 1392 ut
1404 1325 1637 1419 volgus
1669 1332 1976 1417 amicam,

278 1489 283 1499 .
365 1428 494 1496 Sed
537 1444 723 1521 pater
765 1444 841 1496 ut
884 1445 1114 1524 gnatos
1152 1428 1363 1523 diligit
1397 1446 1465 1497 et
1500 1457 1792 1524 generos.

264 1535 461 1602 Nunc
503 1549 567 1602 te
611 1536 1188 1630 cognovi:quare‚
1232 1538 1352 1604 etsi
1391 1540 1744 1632 impensius
1790 1566 1984 1629 uror,
2251 1583 2269 1616 ε»

367 1639 585 1712 Multo
625 1643 714 1708 mi
759 1657 975 1709 tamen
1020 1667 1090 1711 es
1132 1641 1322 1730 vilior
1360 1658 1427 1711 et
1470 1642 1692 1714 levior.

257 1746 396 1834 Qui
437 1748 607 1840 potis
650 1745 785 1816 est?
825 1748 1054 1840 inquis.
1095 1748 1293 1835 Quod
1331 1765 1657 1819 amantem
1697 1753 1932 1846 injuria
1965 1756 2106 1825 talis

238 1959 378 2009 Aac.
402 1958 624 2008 Accusat
645 1954 920 2026 perfidiam
945 1956 1142 2008 Lesbiae
1162 1996 1177 2020 ,

156 2055 317 2106 quam
332 2076 348 2100 ,
372 2034 542 2087 donec
565 2035 754 2087 sanctis
776 2037 888 2105 eJus
909 2035 1176 2106 promissis

155 2114 322 2167 fidem
378 2115 625 2167 habuerit
658 2153 674 2178 ,
729 2134 836 2166 non
888 2113 1174 2166 libidinoso

158 2207 395 2260 tantum,
416 2192 505 2247 sed
527 2196 681 2247 etiam
707 2194 796 2262 pio
816 2194 1175 2264 benevoleque

158 2275 343 2327 animo
405 2273 703 2343 amplexum
762 2292 869 2325 esse
924 2285 1177 2336 testatur3

157 2372 309 2406 nunc
338 2366 514 2405 antem
538 2392 551 2415 ,
583 2365 852 2424 perspecta
887 2355 996 2422 ejus
1022 2354 1181 2422 perfi-

156 2433 270 2497 dia,
286 2431 559 2485 libidinem
574 2430 785 2503 quidem
803 2432 1070 2493 mansisse,
1088 2432 1183 2483 im·

154 2533 253 2566 mo
276 2513 536 2565 incensam
560 2513 720 2583 magis
730 2530 838 2563 esse
851 2510 1179 2564 obtrectandi

155 2591 379 2656 studio,
420 2590 510 2643 sed
542 2592 814 2664 pristinam
847 2592 1093 2660 pietatem
1130 2604 1181 2643 et

155 2672 590 2725 benevolentiam
618 2671 772 2742 plane
804 2688 866 2721 ex
887 2671 1063 2724 animo
1084 2690 1179 2722 suo

155 2751 388 2804 deletam
426 2764 477 2802 et
520 2749 832 2802 eradicatam
873 2768 979 2801 esse
1020 2750 1180 2800 libere

161 2832 380 2884 fatetur.

250 2927 277 2961 1
312 2922 365 2961 et
396 2927 446 2960 α.
476 2909 739 2977 Compara
771 2908 830 2960 C.
860 2908 1045 2972 Lxx,
1078 2925 1096 2957 ι
1131 2920 1182 2959 et

161 3001 292 3053 ’,εἰ
310 2989 528 3040 observa
544 3025 561 3052 ,
587 3006 744 3058 quam
769 2987 1030 3057 eleganter
1049 3005 1181 3038 eam-

155 3069 292 3121 dem
336 3067 649 3119 sententian
689 3067 847 3118 Poeta
888 3066 1180 3118 variaverit.

152 3181 239 3192 ·-
265 3146 440 3198 Nosse.
462 3146 734 3199 Amatorio
755 3164 912 3198 sensu
924 3149 979 3199 τὸ
1003 3165 1180 3213 cogno·

153 3246 294 3279 mre
312 3226 489 3281 Latini
512 3225 1071 3295 dicebant-Turpiter
1094 3225 1177 3278 illa

154 3307 340 3359 virum
360 3305 607 3374 cognovit
619 3303 854 3356 adultera
867 3306 1030 3374 virge.
1045 3303 1176 3357 ·Ov.

152 3384 390 3439 Heroid.
410 3385 519 3446 VI,
567 3383 695 3437 133.
726 3384 792 3436 N.
822 3416 902 3428 —--
928 3386 1042 3435 Prae
1068 3404 1137 3433 me
1161 3425 1174 3445 ,

152 3484 245 3517 me
272 3463 594 3534 posthabito.
622 3465 910 3524 —Tcnere5
932 3465 997 3516 cs.
1023 3481 1178 3534 supra

153 3543 224 3597 ad
264 3546 450 3597 Can-m.
480 3544 683 3605 LXIV,
713 3543 795 3594 28.

244 3623 304 3676 3.
341 3623 508 3673 Dilexi
541 3635 637 3673 mm
667 3634 743 3682 te,
776 3623 1013 3674 consulto
1045 3620 1177 3674 dixit

153 3704 318 3755 dilexi
335 3743 350 3764 ,
385 3702 439 3753 h.
460 3721 508 3754 e.
537 3728 557 3746 ι
582 3721 687 3753 non
712 3703 883 3754 ooium
907 3714 956 3753 te
979 3702 1144 3753 amavi
1164 3741 1180 3764 ‚

155 3782 256 3835 sed
288 3783 441 3834 etiam
473 3782 645 3851 magni
682 3780 798 3833 feci.
820 3808 841 3827 ι
880 3781 1098 3850 Diliget-e
1129 3795 1182 3833 et

155 3882 332 3914 amare
374 3862 589 3932 proprie
633 3860 773 3913 inter
822 3879 873 3911 se
924 3860 1178 3913 differunt

155 3944 231 3995 ita
256 3981 276 4005 ‚
317 3956 374 3993 ut
415 3939 544 3992 illud
584 3939 792 3992 dicatur
838 3938 906 3991 de
941 3958 1003 3991 eo
1031 3978 1046 4003 ,
1088 3940 1179 4010 qui

158 4024 390 4074 aiterum
428 4022 499 4071 ob
549 4022 660 4090 ejus
701 4019 933 4090 cognitas
967 4019 1180 4071 virtutes

158 4100 500 4172 magnifacit;
524 4099 625 4151 hoc
646 4099 712 4150 de
742 4117 833 4160 eo,
853 4100 944 4169 qui
969 4099 1180 4150 alterius

1259 1956 1456 2018 forma,
1487 1970 1783 2021 venustate,
1815 1975 1910 2013 etc.
1944 1966 2172 2019 suaviter
2200 1973 2272 2020 af-

1259 2036 1467 2100 ficitur3
1498 2037 1699 2104 ‹litiget-e
1729 2041 1870 2091 enim
1915 2044 2267 2110 proficiscitur

1260 2134 1286 2166 a
1303 2114 1531 2185 judicio,
1563 2135 1722 2167 amare
1740 2137 1768 2169 a
1789 2138 1936 2171 sensu
1958 2144 1971 2180 ς
1992 2141 2265 2192 possumus

1260 2195 1419 2264 igitur
1438 2195 1666 2265 aliquem
1686 2217 1872 2253 amare,
1905 2218 2000 2251 nec
2024 2204 2263 2257 eumdem

1261 2287 1431 2327 tamen
1447 2275 1677 2344 diligere,
1707 2290 1758 2327 et
1776 2277 1889 2329 vice
1916 2296 2086 2341 ‘vex-sm
2109 2302 2267 2353 quarn

1259 2352 1474 2423 quidem
1501 2353 1687 2406 horum
1707 2358 1987 2410 verborum
2014 2358 2264 2416 disseren-

1262 2433 1381 2485 tiam
1416 2451 1554 2503 saepe
1581 2448 1787 2487 secutus
1813 2451 1887 2489 est
1920 2439 2120 2492 Cicero,

1344 2512 1393 2564 5.
1432 2514 1479 2564 T
1474 2535 1501 2563 e
1522 2553 1537 2574 ,
1574 2525 1718 2567 tuam
1750 2517 2023 2586 perfidiam
2063 2533 2114 2573 et
2139 2522 2264 2575 levi-

1260 2604 1432 2644 tatem.

1341 2676 1392 2722 6.
1436 2672 1597 2723 Multo
1630 2676 1698 2724 ita
1741 2688 1792 2726 tu
1828 2696 1949 2728 nunc
1999 2699 2067 2729 me
2106 2680 2267 2735 editio

1260 2751 1462 2801 Veneta
1495 2747 1723 2820 (1493);
1754 2756 1970 2827 antique
1999 2772 2170 2810 autem
2200 2784 2269 2813 me

1259 2847 1359 2899 pro
1390 2831 1506 2880 milei
1532 2833 1760 2900 positum
1789 2853 1896 2885 esse
1926 2837 2165 2891 observat
2195 2842 2268 2894 ibi

1261 2908 1570 2960 Parthenius
1580 2950 1591 2961 .
1605 2911 1763 2961 Multo
1781 2916 1847 2963 ita
1863 2934 1920 2963 ne
1931 2920 1994 2966 mi
2009 2929 2057 2967 tu
2071 2920 2269 2987 primus

1259 2988 1587 3057 impresserat
1612 2989 1790 3042 Aldus.
1833 2993 1989 3043 Multo
2012 3000 2079 3044 tea
2101 3018 2185 3048 nec
2200 3020 2270 3050 me

1263 3080 1313 3117 tu
1340 3068 1488 3117 vilior
1513 3068 1563 3117 in
1595 3068 1911 3137 quibusdam
1936 3071 2267 3129 editionibus.

1261 3178 1337 3187 —-
1353 3146 1508 3197 MSS.
1532 3146 1658 3198 Stat.
1681 3149 1973 3202 offerebant
1994 3191 2008 3214 ,
2028 3155 2187 3204 Multo
2202 3163 2270 3209 ita

1261 3245 1331 3276 me
1363 3244 1446 3275 nec
1485 3227 1654 3288 viltor,
1685 3228 1765 3278 vel
1796 3230 1956 3281 Multo
1982 3237 2049 3281 ita
2082 3253 2168 3285 nec
2202 3258 2270 3288 me

1258 3304 1514 3366 vilior;sed
1529 3305 1616 3357 hic
1625 3304 1768 3359 deest
1783 3327 1881 3360 vox
1893 3314 2268 3384 monosyllaba.

1259 3402 1419 3455 quam
1436 3385 1593 3454 exigit
1612 3388 1762 3438 metri
1779 3389 1926 3441 rati0.
1943 3424 2017 3432 —
2031 3392 2267 3447 Nostram

1258 3464 1536 3515 lectionem
1574 3466 1814 3535 plurimis
1848 3470 1952 3539 jam
1993 3474 2265 3541 probatam

1259 3543 1491 3613 vulgavit
1507 3543 1877 3598 Guarinus.-—
1893 3549 2061 3601 Levior
2076 3588 2092 3612 ‚
2115 3554 2271 3606 levio·

1260 3642 1332 3674 ris
1359 3624 1534 3692 pretii.

1341 3721 1371 3770 7
1396 3716 1446 3754 et
1469 3705 1522 3755 8.
1550 3703 1670 3767 Quis
1689 3709 1817 3773 potis
1840 3720 1908 3756 est
1931 3709 2008 3758 vel
2040 3716 2119 3778 qui
2139 3720 2267 3779 potis

1260 3800 1308 3831 es
1338 3782 1392 3831 in
1425 3780 1759 3851 quibusdam.
1789 3818 1866 3827 —
1893 3786 2086 3838 Statius
2109 3802 2270 3843 tenta-

1262 3860 1378 3923 bat,
1412 3862 1511 3927 Qui
1537 3876 1652 3929 pote
1689 3872 1756 3913 stc
1793 3865 1871 3915 vel
1901 3869 1982 3936 qui
2011 3872 2137 3935 potis
2165 3871 2264 3923 hoc.

1263 3971 1337 3981 —
1356 3940 1512 4007 Quam
1532 3954 1762 3992 amantem
1782 3944 1830 3994 in
1852 3946 2094 3997 omnibus
2115 3950 2264 4003 MSS.

1264 4018 1436 4079 Statii,
1474 4018 1615 4071 unde
1657 4021 1743 4072 ille
1774 4023 2000 4093 primum
2031 4028 2235 4082 volebat
2256 4074 2268 4084 .

1268 4118 1372 4168 quae
1391 4111 1622 4149 amantem
1638 4140 1649 4157 ,
1677 4098 1868 4154 deinde
1887 4105 2004 4173 quid
2019 4121 2266 4163 amantem.
