2986 4935
983 311 1429 381 CARMEN
1486 313 1622 381 VI.

543 439 998 533 pulvinusque
1032 466 1335 536 peraeque
1372 457 1435 510 et
1474 442 1580 510 hic
1614 455 1679 509 et
1709 440 1836 509 illic

551 550 870 631 Attritus,
906 547 1298 643 tremulique
1332 573 1569 642 quassa
1607 546 1756 619 lecti
2327 593 2372 617 ,ο

551 654 902 748 Argutatio
945 654 1551 749 inambulatioque:

551 764 724 829 Nam
765 763 855 828 mi
898 761 1212 854 praevalet
1246 763 1368 830 ista
1406 761 1499 830 nil
1536 776 1773 830 tacere.

231 942 293 995 ad
325 942 516 995 Silium
551 941 669 993 Ital.
699 941 822 1000 XV,
862 960 991 1009 117,
1029 953 1083 993 et
1122 943 1256 994 Ben-

234 1024 378 1074 tleius
415 1020 487 1073 ad
530 1021 712 1073 Horat.
752 1018 859 1072 Od.
888 1021 973 1085 11,
1013 1038 1128 1086 xn,
1162 1023 1254 1074 25.

232 1104 463 1154 -Sertis
477 1121 539 1153 ac
555 1100 844 1170 Synsmgr.
867 1100 1011 1154 olivo,
1033 1100 1156 1152 Non
1177 1119 1259 1153 ca·

232 1183 380 1253 pillos
402 1195 609 1235 tantum
638 1179 914 1249 unguentis
933 1192 1165 1232 saturare
1181 1198 1260 1232 so-

232 1264 401 1314 lebant
419 1261 666 1313 homines
682 1258 891 1312 delicati
908 1273 960 1312 et
978 1259 1259 1326 boetiores,

231 1341 318 1393 sed
345 1341 572 1393 lectulos
609 1340 764 1393 etiam
812 1340 1068 1408 inungere
1103 1341 1260 1392 rebus

230 1420 526 1474 odoriferis.
564 1419 652 1472 Sic
713 1418 849 1471 infra
895 1419 1095 1483 LXIV,
1145 1420 1217 1488 87
1243 1458 1258 1484 ,

232 1522 389 1553 suaves
417 1501 590 1552 odores
617 1503 861 1568 exspirare
897 1498 1096 1550 lectulus
1126 1497 1257 1552 dici·

232 1595 342 1647 tu13
373 1582 448 1634 ef.
482 1581 737 1632 Muretus.

309 1682 359 1731 9.
384 1662 487 1713 Hic
507 1672 557 1710 et
579 1660 660 1711 ille
681 1659 808 1711 Stat.
834 1659 925 1728 qni
955 1657 1185 1728 priorem
1207 1671 1260 1710 et

231 1741 533 1793 interiorem
562 1741 757 1791 lectum
789 1737 1045 1808 intelligit.

315 1840 334 1873 ι
345 1841 398 1874 ο.
425 1822 563 1872 Lecti
578 1820 827 1888 argutatio
844 1838 952 1870 nou
969 1817 1037 1870 de
1057 1818 1256 1886 crepitu

233 1901 343 1953 lecti
390 1919 518 1953 cum
552 1898 714 1951 Statio
751 1895 1126 1968 intelligenda,
1166 1896 1258 1949 sed

227 1981 415 2033 eodem
453 1981 566 2032 fere
590 1998 771 2042 sensu,
793 1996 901 2049 quo
925 1977 1255 2029 inambulatio.

228 2062 307 2113 Sic
319 2062 545 2128 fullones
572 2058 713 2129 apud
736 2057 970 2109 Nonium
998 2059 1050 2107 in
1070 2057 1255 2127 fragm.

230 2142 416 2193 veteris
442 2140 714 2211 scriptoris
744 2139 844 2202 IV,
876 2137 948 2199 34
969 2176 984 2200 ,
1009 2135 1259 2188 dicuntur

226 2224 451 2287 argutari
486 2219 691 2290 pedibus
722 2212 1066 2280 (ὀξυποὸεἶν);
1114 2217 1254 2268 conf.

224 2301 430 2353 Ernesti
474 2298 545 2352 ad
580 2300 744 2350 Tacit.
785 2297 972 2349 Annal.
1010 2297 1124 2358 XI,
1166 2299 1253 2349 28.

222 2413 297 2421 —
338 2380 631 2442 Nimium,
672 2379 880 2449 opinor,
920 2375 1118 2428 Ernesti
1160 2394 1253 2428 au-

218 2460 449 2514 ctoritati
481 2459 794 2529 Doeringius
834 2454 1057 2520 detulit,
1090 2474 1253 2526 quum

216 2541 407 2594 eodm
441 2541 560 2593 fere
590 2558 743 2590 seusu
782 2556 966 2588 vocem
1012 2540 1259 2604 argutatio

212 2618 627 2693 intelligendam
657 2637 767 2688 quo
802 2617 1114 2669 inambulatio
1150 2616 1258 2667 exi-

211 2700 544 2763 stimaverit,
595 2697 838 2749 videlicet
881 2696 1109 2748 nominis
1136 2695 1259 2746 salsa

210 2780 664 2852 interpretatione
720 2775 927 2828 ductus.
984 2778 1048 2827 At
1118 2773 1257 2826 idem

213 2861 422 2913 Nonius
440 2861 523 2913 sic
547 2875 738 2909 vocem
766 2859 989 2924 argutari
1010 2855 1260 2924 explicat,

209 2955 265 2994 ut
305 2943 422 2994 sula
444 2980 462 3005 ,
487 2942 767 3008 loquaciter
802 2937 1051 3006 proloqui,
1079 2938 1259 3005 juncta

208 3038 328 3072 curn
367 3021 556 3075 verbo
583 3017 784 3085 pedibus
804 3057 818 3078 ,
861 3017 1077 3067 subsilire
1102 3014 1259 3084 signi-

203 3099 344 3153 ficet.
375 3105 577 3172 Atque
604 3098 673 3148 ita
702 3097 810 3149 sere
838 3095 943 3149 dici
980 3094 1142 3165 possit
1177 3114 1258 3143 ar-

1347 943 1473 993 nihil
1496 955 1671 1006 tacere,
1700 942 1803 995 Cur
1826 962 1922 994 non
1944 954 2040 993 tam
2062 945 2213 995 latera
2236 948 2370 1013 exsu-

1348 1033 1452 1072 tuta
1468 1022 1682 1091 pandam
1701 1063 1717 1085 ,
1753 1023 1856 1074 Nec
1884 1035 1936 1074 tu
1968 1024 2261 1095 qm'dsacias
2294 1031 2367 1078 ἱπ-

1345 1104 1581 1171 eptiarum
1600 1109 1630 1152 ι’
1657 1100 1800 1154 unde
1820 1103 1974 1168 fecit3
2003 1105 2132 1157 Nam
2152 1146 2165 1167 ‚
2192 1110 2248 1157 ni
2266 1118 2370 1158 stu-

1339 1200 1436 1251 pra
1455 1220 1470 1244 ,
1511 1184 1648 1233 valet
1686 1183 1812 1234 nihil
1849 1194 2004 1234 tacere
2023 1225 2038 1246 ,
2072 1178 2250 1247 [Cure‘
2277 1206 2371 1238 non

1349 1273 1446 1311 tam
1468 1262 1619 1313 latera
1638 1264 1858 1329 exfututa
1871 1262 2161 1333 pandam-²]
2186 1260 2291 1317 Nec
2319 1280 2370 1318 tu

1344 1340 1465 1412 quid
1480 1343 1644 1406 facias
1664 1346 1960 1411 ineptiarum.
1990 1345 2367 1415 Antiquitatem

1344 1420 1584 1474 lectionis
1613 1421 1859 1492 Scaligeri
1895 1423 2212 1477 confirmant
2242 1426 2368 1479 Stat.

1345 1499 1495 1553 MSS.
1534 1515 1586 1554 et
1612 1503 1785 1554 Vossii
1826 1503 2052 1574 exempl.
2090 1503 2188 1557 nisi
2224 1505 2369 1576 quod

1344 1579 1433 1632 ille
1464 1600 1563 1650 pro
1589 1582 1804 1652 pandam
1845 1582 1968 1651 legit
1997 1585 2166 1653 panda
2197 1599 2250 1637 et
2280 1586 2370 1638 hic

1337 1660 1562 1729 pandas,
1613 1662 1771 1715 habet
1817 1675 1991 1714 tamen
2048 1665 2368 1718 Commelini

1343 1740 1479 1793 liber
1535 1740 1592 1793 in
1655 1742 1892 1812 margine
1948 1743 2103 1812 pada.
2155 1745 2373 1798 Vossius

1344 1819 1487 1873 hunc
1525 1821 1704 1873 locum
1748 1834 2055 1892 corruptum
2108 1824 2179 1875 ita
2223 1826 2369 1878 resti·

1345 1911 1489 1952 tuere
1521 1913 1737 1951 conatus
1767 1914 1874 1953 est:
1904 1902 2031 1953 Nam
2072 1906 2124 1952 m'
2161 1907 2332 1974 istapee
2351 1946 2365 1968 ,

1342 1980 1479 2029 valet
1499 1979 1626 2030 nihil
1645 1993 1824 2042 tacere,
1854 1981 1950 2031 Cui
1976 2001 2072 2031 non
2085 1986 2192 2051 jam
2215 1986 2368 2035 latera

1343 2060 1566 2123 esfictuta
1596 2060 1819 2128 pandant
1854 2061 2015 2111 Noctu
2056 2064 2178 2131 quial
2205 2066 2368 2129 facias

1345 2142 1672 2209 ineptiarum?
1709 2140 1883 2202 Quam
1911 2140 2190 2192 lectionem
2224 2162 2366 2195 rece-

1344 2218 1676 2287 pitGraevius
1689 2233 1741 2271 et
1754 2219 2001 2289 Vulpius.
2021 2221 2128 2271 Nec
2145 2223 2368 2275 multum

1343 2295 1568 2351 discedit
1593 2296 1717 2350 edit.
1754 2299 2195 2369 Cantabrigiensis
2214 2340 2229 2365 ,
2255 2322 2372 2373 quae

1343 2395 1444 2447 pro
1469 2381 1548 2428 cui
1570 2397 1664 2428 non
1698 2378 1910 2431 exhibet
1941 2385 2020 2430 cui
2047 2400 2186 2433 nunc.
2209 2383 2372 2434 Hein-

1344 2458 1449 2510 sius
1491 2458 1544 2509 in
1589 2472 1697 2510 not.
1739 2456 1808 2510 ad
1853 2460 2118 2513 Catullum
2170 2476 2370 2515 tentat:

1348 2540 1509 2604 Quum
1531 2540 1605 2589 nil
1619 2540 1850 2603 pra-:valet
1866 2545 1958 2590 ista
1978 2545 2043 2591 mi
2068 2555 2242 2605 tacere,
2270 2543 2372 2596 Cur

1346 2638 1469 2668 nunc
1476 2622 1583 2688 jam
1604 2620 1755 2668 latera
1779 2622 1997 2685 exsatiata
2011 2627 2217 2690 pandas.
2243 2624 2373 2675 Bon-

1346 2696 1514 2749 danus
1552 2699 1606 2749 in
1654 2699 1780 2750 Var.
1824 2703 1965 2752 Lect.
2013 2721 2064 2770 p.
2118 2702 2224 2753 130
2244 2740 2258 2765 ‚
2306 2724 2369 2755 ex

1345 2779 1590 2847 Excerpt.
1629 2778 1778 2830 MSS.
1825 2798 1851 2830 a
1905 2781 2225 2832 Rhunkenio
2289 2803 2372 2836 ac-

1346 2859 1540 2927 ceptis,
1585 2858 1783 2909 affert:
1826 2861 1952 2910 Nam
1992 2864 2044 2910 ni
2080 2874 2124 2909 te
2153 2864 2365 2929 pudeat,

1347 2938 1471 2987 nihil
1501 2949 1691 2988 taceres.
1730 2936 1874 2990 Idem
1905 2942 1985 2990 vir
2010 2938 2196 2991 doctus
2226 2955 2375 2994 testa·

1347 3018 1506 3069 turin
1529 3018 1764 3087 margine
1780 3016 1984 3070 Aldinae
1999 3018 2245 3072 editionis
2265 3022 2366 3091 legi

1351 3098 1423 3149 Ni
1440 3110 1485 3146 te
1501 3101 1688 3166 pigeat,
1706 3097 1848 3167 quod
1867 3099 2077 3150 fortasse
2103 3119 2165 3151 ex
2181 3100 2370 3152 eodem

1349 3177 1493 3228 fonte
1544 3176 1709 3228 fluxit.
1749 3178 1944 3229 Totum
1979 3180 2153 3230 locum
2194 3194 2367 3232 autem

201 3186 371 3246 gutturi
402 3178 645 3232 manibus
662 3216 678 3237 ,
709 3176 859 3227 oculis
876 3217 891 3237 ‚
925 3194 1023 3245 pro
1050 3176 1262 3225 celeriter

198 3280 384 3314 nomm
416 3278 612 3313 manus
626 3295 640 3316 ,
678 3256 856 3308 oculos.
890 3256 1262 3324 Argutationem

196 3343 362 3412 igitur
383 3340 605 3394 eodem
629 3353 782 3388 sensu
797 3354 904 3405 quo
925 3341 1148 3395 sonitum,
1167 3353 1264 3383 cre·

188 3426 370 3489 pirum,
404 3417 679 3475 Catullus
709 3416 845 3468 mihi
872 3415 1082 3466 videtur
1108 3412 1263 3466 adhi-

194 3504 399 3568 buisse,
419 3514 479 3555 et
506 3500 674 3552 hunc
693 3497 876 3547 locum
909 3495 976 3547 ita
996 3494 1263 3564 explanari

194 3584 355 3635 velim
378 3602 396 3637 :
433 3583 705 3648 lectusque
735 3587 845 3627 tuus
882 3578 952 3626 ita
979 3586 1256 3646 quassatus,

194 3677 251 3717 ut
270 3679 565 3734 compago
596 3656 743 3709 male
770 3655 1043 3717 consistat,
1063 3665 1145 3717 et,
1178 3654 1258 3704 vel

192 3745 425 3796 minimo
472 3736 733 3808 impulsu
764 3773 778 3798 ‚
814 3735 1038 3785 tremula
1068 3738 1263 3801 crepitet

190 3817 527 3896 (argutetur)
543 3830 604 3868 et
614 3815 825 3866 vacillet
836 3810 1258 3875 (inambulet).N.

276 3925 359 3957 ια.
398 3902 606 3955 Prisca
636 3894 798 3946 lectio
817 3932 832 3956 ‚
859 3904 1075 3945 testante
1103 3891 1264 3944 Scali-

187 4003 311 4053 gem
330 4025 344 4050 ‚
398 3982 510 4034 fuit
562 3998 578 4029 t
625 3975 759 4026 Nam
809 3977 860 4022 m'
904 3975 995 4022 ista
1032 3973 1263 4041 praevalet

1349 3257 1422 3306 sic
1474 3256 1680 3326 refingit
1722 3257 2040 3310 Boudanus:
2071 3261 2198 3309 Nam
2239 3263 2291 3312 m‘
2326 3273 2370 3311 te

1344 3336 1527 3404 pudeat
1543 3377 1555 3394 ‚
1580 3338 1703 3387 nihil
1726 3349 1919 3398 tace-res,
1946 3340 2104 3404 (heum
2130 3360 2253 3390 nunc
2276 3352 2370 3390 tam

1352 3416 1506 3466 latera
1542 3418 1747 3480 essutma
1774 3419 1997 3486 pandant
2015 3459 2029 3480 ‚
2063 3421 2225 3470 Noctu
2257 3422 2376 3491 quid

1342 3496 1506 3560 facias
1534 3500 1834 3565 ineptiarum.
1861 3500 1994 3562 Quae
2035 3498 2252 3569 quidem
2298 3501 2369 3550 le·

1348 3577 1454 3627 ctio
1488 3575 1832 3628 commodum
1872 3597 1992 3629 mne
2037 3591 2087 3630 et
2125 3580 2376 3630 orationis

1350 3655 1498 3706 seriei
1525 3655 1675 3706 valde
1690 3656 2149 3709 accommodatum
2164 3677 2370 3709 sensum

1351 3734 1553 3798 fundit,
1577 3734 1668 3786 sed
1700 3736 1855 3787 nimis
1884 3736 2094 3788 videtur
2125 3738 2202 3787 vis
2239 3738 2371 3789 sacta

1350 3833 1456 3864 esse
1478 3815 1706 3884 antiquae
1736 3817 1961 3868 lectioni.
1993 3818 2107 3867 Pari
2138 3816 2297 3867 modo
2321 3837 2373 3870 se

1350 3893 1510 3944 habet
1524 3912 1644 3945 cum
1668 3895 1908 3963 plurimis
1922 3895 2376 3948 emendationibus

1353 3973 1631 4025 Corradiui
1663 3973 1730 4026 de
1759 3974 1914 4036 Allia,
1939 3977 1989 4025 in
2025 3975 2213 4044 quibus
2239 3995 2372 4046 saepe
