2986 4935
728 461 1175 531 CARMEN
1229 416 1602 531 xxxiv,

2093 462 2231 534 115

526 594 802 679 Puellae,
846 610 912 664 et
956 596 1140 690 pueri
1185 598 1459 689 integri3

532 703 811 771 Dianam
851 704 1039 795 pueri
1078 703 1310 796 integri
1334 705 1387 786 ,’

530 806 895 899 Puelloeque
932 831 1261 876 canamus.

633 916 696 981 Ο
734 916 1014 983 Latonia
1037 968 1055 999 ‚
1093 915 1358 982 maximi
2225 939 2247 977 ⁵

528 1020 775 1113 Magna
818 1021 1164 1113 progenies
1200 1021 1418 1104 Jovis‚

528 1128 748 1214 Quam
790 1141 998 1194 mater
1030 1150 1239 1220 prope
1275 1125 1536 1194 Deliam

530 1233 874 1325 Deposivit
908 1231 1148 1300 olivam
1169 1258 1188 1316 ;

633 1339 966 1407 Montium
1004 1338 1269 1407 domina
1307 1352 1380 1406 ut
1411 1338 1616 1423 foreS‚

532 1442 985 1537 Silvarumque
1020 1446 1370 1512 virentium
1392 1498 1412 1527 ‚

531 1548 957 1644 Saltuumque
990 1550 1480 1619 reconditorum
1497 1605 1515 1635 ‚

533 1657 971 1750 Amniumque
1009 1671 1382 1725 sonantum.

110 1834 197 1904 qui
216 1829 444 1884 omnino
468 1845 588 1881 cum
614 1841 792 1880 nostro
822 1846 1130 1899 comparan-

111 1913 209 1964 dus
237 1924 333 1963 est.
360 1910 426 1960 ln
471 1921 652 1970 nostro
680 1907 896 1979 quidem
930 1909 1133 1979 hymno

115 2004 331 2062 uterque
391 2006 681 2058 puerorum
733 1987 1133 2058 puellarumque

111 2072 304 2123 chorus
326 2069 510 2121 Dianae
529 2065 708 2119 laudes
729 2067 981 2131 celebrat,
1004 2069 1135 2135 ejus-

112 2169 212 2221 que
240 2146 492 2220 prasidio
517 2148 673 2198 totius
690 2147 877 2218 populi
909 2141 1134 2198 Romani

111 2232 329 2283 satutem
353 2225 661 2288 committit3
686 2224 773 2278 scd
797 2224 940 2297 apud
969 2224 1135 2277 Hora-

111 2310 240 2360 tium
274 2308 426 2376 pueri
467 2305 743 2376 sejunctim
780 2304 1040 2376 Apollinis
1083 2318 1134 2357 et

110 2387 301 2458 puella
351 2387 532 2437 Dianoe
573 2383 750 2437 laudes
796 2384 1007 2438 alternis
1047 2402 1132 2436 ca-

110 2481 261 2520 nunt.
328 2465 578 2535 Denique
643 2483 704 2516 ex
767 2464 944 2517 multis
1007 2464 1135 2516 locis

112 2561 354 2599 veterum
377 2556 580 2597 constat
596 2582 610 2607 ,
632 2563 738 2596 non
761 2543 928 2596 solum
957 2545 1134 2596 Dianae

106 2641 157 2679 et
197 2624 502 2697 Apollinis,
556 2622 646 2674 sed
699 2625 854 2676 etiam
907 2623 1132 2675 aliorum

109 2709 350 2758 Deorum
391 2701 573 2756 laudes
600 2722 630 2755 a
654 2704 914 2755 nobilium
943 2721 1134 2772 puero-

107 2805 226 2838 rum
261 2783 674 2856 puellarumque
699 2782 875 2834 choris
899 2780 1138 2834 decanta-

106 2879 181 2917 tas
204 2865 380 2918 fuisse
399 2880 412 2914 t
434 2861 507 2913 cf.
526 2861 710 2913 Horat.
736 2861 840 2914 Od.
865 2862 964 2925 lv,
989 2864 1042 2924 1,
1063 2881 1086 2911 2
1102 2860 1131 2912 5

109 2963 248 3016 seqq.
296 2956 355 2994 et
395 2959 514 3011 qua
547 2940 619 2992 ihi
655 2943 854 2993 notavit
887 2941 968 2993 cl.
995 2940 1133 2991 Jani.

110 3027 252 3076 -Α,
275 3024 356 3075 U.
380 3022 648 3091 545jussu
667 3021 978 3090 pontificum
994 3058 1009 3084 ‚
1039 3020 1141 3070 vir·

107 3105 252 3173 gines
280 3115 369 3153 ter
394 3118 641 3163 novenae,
662 3118 870 3151 carmen
896 3100 962 3150 ab
986 3099 1137 3150 Livio

108 3181 432 3236 Andronico
459 3177 731 3230 eonditum
759 3177 985 3249 prodigii
1014 3198 1137 3248 pro-

104 3259 335 3315 curandi
414 3277 569 3311 causa
625 3258 926 3309 cecinerunt
974 3252 994 3318 (
1021 3259 1135 3309 Liv.

109 3343 266 3396 XXV
271 3341 332 3393 11
352 3378 368 3403 ,
404 3334 527 3408 37);
561 3350 611 3389 et
637 3351 812 3408 postea
844 3337 966 3388 item
993 3335 1137 3388 aliud

105 3441 134 3473 a
161 3421 388 3474 Licinio
408 3417 611 3487 Tegula
648 3417 838 3468 finctum
876 3435 996 3467 ann.
1029 3418 1134 3468 552

106 3493 253 3567 (Liv.
269 3498 519 3559 XXXII,
540 3514 562 3547 1
579 3494 651 3558 2).
669 3497 860 3547 Utrum
873 3497 944 3546 ob
963 3495 1140 3548 Dianae

105 3582 299 3633 festum
331 3598 405 3630 an
435 3594 529 3646 per
556 3576 724 3627 lusum
756 3575 1014 3646 poeticum
1040 3578 1140 3628 Ca-

104 3662 269 3712 tullus
310 3658 427 3710 hoc
455 3673 668 3707 carmen
706 3674 735 3706 e
771 3673 938 3725 graeco
968 3673 1138 3705 exem-

102 3741 240 3810 ptari
255 3734 591 3808 expresserit
607 3734 687 3785 vel
705 3753 764 3784 ex
785 3734 1142 3803 ingenioeom·

103 3819 354 3889 posuerit
368 3814 520 3885 ,quis
533 3813 693 3884 possit
706 3812 1020 3865 decernere?
1040 3812 1088 3863 N
1093 3844 1103 3861 t

191 3919 210 3952 ι
238 3918 346 3949 -².
391 3896 449 3947 In
481 3891 616 3963 fide,
651 3892 707 3944 h.
736 3911 782 3947 e.
824 3892 1060 3943 clientela
1098 3906 1149 3944 et

103 3977 424 4049 patrocinio
445 4013 461 4036 ,
491 3986 549 4024 ut
582 3971 856 4024 sexcenties
885 3971 1029 4023 alibi.
1065 3971 1148 4023 In-

107 4064 248 4128 feg-n‘,
278 4054 422 4111 oesti
445 4067 497 4105 et
518 4049 802 4103 indelibati.
823 4051 988 4102 Diana
1011 4051 1150 4103 enim

104 4153 150 4189 et
181 4140 306 4209 ipsa
345 4132 595 4187 servabat
620 4130 900 4182 castitatem
932 4143 982 4182 et
1007 4151 1037 4183 a
1070 4148 1154 4186 ca-

1221 1827 1309 1879 stis
1343 1826 1448 1878 coli
1484 1827 1727 1879 volebat:
1753 1828 1820 1881 cf.
1854 1828 2138 1900 Spanbem.
2170 1831 2235 1884 ad

1221 1905 1430 1959 Gallim.
1474 1907 1672 1978 Hymn.
1716 1908 1771 1958 in
1815 1908 1971 1960 Dian.
2015 1910 2080 1975 53
2114 1911 2240 1964 hinc

1221 1986 1331 2056 ipsa
1360 2004 1571 2057 quoque
1595 1986 1664 2036 ab
1692 1987 1911 2039 Horatio
1939 2004 2156 2043 vocatur
2172 1996 2243 2043 in·

1224 2079 1358 2134 tegra
1409 2066 1525 2127 111,
1582 2063 1686 2116 Od.
1740 2072 1770 2127 4
1791 2105 1804 2128 ,
1850 2085 1934 2136 7o.
1976 2068 2237 2122 Caeterum

1223 2145 1358 2196 hanc
1408 2158 1457 2196 et
1508 2145 1747 2196 ultimam
1796 2145 1953 2216 hujus
1994 2150 2241 2201 carminis

1219 2225 1488 2295 stropham
1522 2237 1744 2294 uterque
1779 2225 1971 2277 chorus
2015 2231 2240 2296 coniun-

1220 2303 1316 2355 ctis
1340 2303 1559 2355 vocibus
1581 2303 1823 2355 cecinisse
1848 2303 2075 2357 videtur.

1303 2383 1356 2434 3.
1371 2383 1583 2433 Dianam
1591 2385 1731 2451 pueri
1748 2387 1939 2451 integri,
1967 2404 2131 2455 quum
2151 2388 2237 2441 hic

1222 2481 1399 2514 versus
1418 2461 1616 2515 deesset
1640 2462 1692 2514 In
1709 2462 1860 2515 MSS.
1888 2478 1938 2516 et
1965 2464 2090 2519 edit.
2112 2482 2235 2521 vett.

1222 2542 1517 2611 felicissime
1562 2562 1590 2594 a
1620 2543 1745 2593 viris
1772 2542 1938 2595 doctis
1968 2561 2241 2600 revocatus

1221 2636 1270 2674 et
1299 2621 1534 2693 primum
1571 2622 1638 2672 ab
1669 2620 1804 2672 Aldo
1836 2623 2117 2693 impressus
2146 2642 2239 2680 est.

1304 2719 1356 2769 7,
1389 2704 1441 2755 8.
1471 2702 1631 2769 Prope
1667 2703 1869 2753 Deliam.
1904 2704 1982 2754 De
2008 2704 2240 2758 dissensu

1223 2782 1477 2832 Veterum
1522 2781 1574 2831 in
1621 2781 1799 2849 Dianae
1845 2782 2088 2835 natalitiis
2131 2786 2236 2837 vid.

1223 2860 1418 2930 Spanli.
1462 2858 1531 2911 ad
1561 2860 1767 2912 Gallim.
1799 2861 1995 2929 Hymn.
2031 2863 2082 2913 in
2120 2866 2234 2916 Del.

1230 2941 1335 2992 255
1355 2978 1369 3002 ‚
1398 2952 1447 2990 et
1473 2937 1541 2989 ad
1576 2943 1704 2990 262.
1727 2971 1804 2980 —-
1833 2940 2081 3007 Deposim't
2103 2946 2238 2996 anti-

1223 3038 1325 3087 que
1371 3037 1468 3088 pro
1505 3018 1734 3086 deposuit.
1780 3019 2023 3089 Deponere
2063 3035 2237 3075 autem

1222 3099 1353 3149 sicut
1399 3097 1707 3149 Graecorum
1755 3099 2068 3151 ἀποτίθεσθαι
2115 3120 2241 3170 pro-

1224 3177 1339 3247 prie
1365 3175 1563 3227 dicitur
1580 3175 1646 3227 de
1675 3189 1852 3245 partu,
1878 3177 1968 3248 qui
1992 3191 2260 3251 tauquam,

1224 3275 1358 3307 onus
1400 3254 1704 3326 deponitur.
1737 3256 1865 3309 Vid.
1910 3257 2113 3311 Ernesti
2170 3261 2240 3314 ad

1227 3335 1432 3388 Gallim.
1470 3335 1668 3405 Hymn.
1716 3335 1769 3386 in
1808 3337 1995 3388 Jovem
2047 3340 2151 3403 15,
2191 3356 2244 3394 et

1227 3416 1514 3466 Burmann.
1536 3414 1603 3465 ad
1628 3413 1831 3466 Phaedr.
1859 3415 1982 3468 Fab.
2004 3418 2056 3482 Ι,
2074 3422 2161 3484 18,
2188 3420 2241 3474 5.

1310 3516 1358 3560 9.
1385 3494 1545 3544 Mont.
1577 3495 1703 3543 dnm.
1737 3506 1791 3544 ut
1809 3495 1976 3557 sores,
2012 3510 2109 3550 etc.
2141 3502 2245 3552 Ac..

1227 3572 1505 3625 commode
1539 3572 1721 3623 Horat.
1758 3574 1869 3637 111,
1896 3573 1999 3626 Od.
2032 3588 2099 3629 αὴ
2120 3619 2135 3643 ,
2175 3597 2197 3630 1
2229 3602 2242 3632 ε

1229 3653 1464 3703 Montium
1493 3665 1646 3701 custos
1673 3671 2024 3723 nemorumque,
2058 3658 2113 3705 V
2108 3662 2240 3727 irgo,

1230 3732 1297 3783 cf.
1321 3729 1564 3782 eumdem
1594 3734 1616 3780 I
1639 3771 1654 3795 ,
1682 3729 1785 3783 Od.
1820 3750 1883 3783 αι
1908 3770 1922 3795 ,
1952 3735 2002 3785 5.
2037 3736 2250 3790 Precata

1234 3811 1374 3862 enim
1395 3811 1562 3863 fuerat
1587 3810 1751 3863 Diana
1773 3829 1799 3861 a
1827 3812 1962 3865 Jove
1981 3830 2128 3883 patre
2160 3821 2244 3877 Αὀς

1237 3885 1297 3940 δι’
1319 3911 1399 3960 μοι
1428 3890 1570 3959 οὔρεσι
1589 3890 1759 3941 πάντα.
1783 3891 1926 3961 apud
1951 3893 2151 3946 callim.
2183 3897 2248 3949 H.

1238 3971 1292 4021 in
1323 3970 1475 4022 Dian.
1503 3988 1550 4020 ν.
1587 3972 1650 4021 18
1670 4009 1685 4033 ‚
1709 3971 1798 4021 ubi
1827 3971 1933 4023 vid.
1963 3974 2248 4043 Spanhem.

1245 4050 1382 4102 Hinc
1404 4049 1603 4102 Graecis
1622 4047 1759 4102 dicta
1775 4053 1962 4120 οὐραῖα,
1980 4054 2252 4125 ὀριοκόμος.

1331 4149 1350 4181 1
1369 4149 1415 4181 π.
1451 4127 1714 4181 Sonantum
1741 4149 1838 4200 pro
1865 4137 2129 4184 sonantium
2151 4177 2164 4198 ,
2202 4148 2259 4188 ut

1878 4229 1955 4300 8,
