2986 4935
1191 385 1265 451 C.
1311 383 1749 451 VALERII
1810 383 2276 452 CATULLI

975 518 1116 585 Cur
1157 539 1336 583 nunc
1374 530 1508 582 tam
1553 513 1757 583 latera
1797 514 2095 583 exfututa
2130 514 2381 610 pandas
2409 569 2427 602 ,

977 624 1067 689 Ni
1110 636 1182 690 tu
1223 621 1382 714 quid
1426 621 1627 689 facias
1671 620 2113 714 ineptiarum?

978 730 1205 816 Quare
1247 727 1567 820 quidquid
1608 727 1814 796 habes
1858 728 2016 795 boni
2054 725 2369 820 malique,
2753 754 2796 793 ‚⁵

982 837 1111 903 Dic
1156 833 1363 902 nobis,
1396 832 1570 903 Volo
1607 848 1670 902 te
1708 859 1786 902 ac
1825 849 1973 902 tuos
2013 858 2270 902 amores

985 941 1082 1008 Ad
1121 939 1352 1009 caelum
1394 940 1613 1033 lepido
1649 964 1888 1009 vocare
1927 965 2140 1009 versu.

667 1171 764 1205 nec
800 1153 916 1203 vola
938 1169 1034 1202 nec
1060 1149 1338 1219 vestigium
1364 1150 1594 1220 antiquae
1613 1151 1692 1201 le-

670 1233 858 1284 ctionis
904 1245 1136 1301 apparet.
1174 1230 1458 1299 Bipontina
1496 1229 1693 1292 editio,

670 1311 739 1364 ad
792 1328 952 1382 quam
998 1323 1164 1362 textus
1208 1308 1454 1360 editionis
1506 1323 1694 1360 nostrae

671 1391 1025 1443 conformatus
1061 1402 1168 1451 est,
1204 1389 1440 1459 sequitur
1481 1389 1694 1441 Gottin-

672 1490 899 1541 gensem.
923 1502 1001 1512 -—
1020 1471 1081 1520 In
1111 1469 1213 1520 hoc
1240 1469 1358 1519 loco
1382 1482 1486 1520 tam
1517 1487 1695 1520 emen·

675 1548 853 1602 dando
886 1567 1041 1618 quam
1072 1545 1382 1618 explicando
1414 1548 1607 1598 mirum
1642 1548 1696 1599 in

674 1628 896 1681 modum
946 1647 998 1679 se
1045 1641 1308 1680 torserunt
1369 1625 1702 1697 interpretes.

678 1707 935 1762 Vid.Var.
956 1709 1071 1759 lect.
1096 1726 1211 1777 sup.
1237 1705 1339 1758 Sed
1361 1705 1601 1757 nondum
1618 1726 1697 1758 re-

676 1803 829 1841 motae
851 1801 971 1838 sunt
994 1786 1327 1838 difficultates
1342 1825 1356 1849 ‚
1380 1787 1575 1854 quibus
1595 1798 1698 1837 tam

676 1870 835 1920 verba
866 1905 881 1930 ‚
940 1885 1097 1935 quam
1152 1866 1264 1934 ipse
1319 1884 1496 1916 sensus
1551 1865 1698 1916 labo-

674 1961 770 2001 rat.
806 1948 981 2010 Quam
1011 1965 1108 1997 nos
1145 1943 1385 1996 dedimus
1423 1944 1698 1996 lectionem

679 2027 732 2079 in
756 2040 893 2078 textu
913 2065 928 2089 ,
954 2038 1136 2076 contra
1168 2023 1417 2095 loquendi
1443 2025 1700 2076 rationem

678 2119 728 2158 et
749 2105 1000 2157 orationis
1029 2124 1222 2156 nexum
1252 2105 1516 2173 explicant
1537 2123 1549 2156 τ
1571 2105 1702 2155 Num

682 2188 798 2237 mihi
821 2187 1016 2255 prodest
1046 2189 1138 2234 istu
1162 2187 1234 2234 m'l
1261 2197 1427 2234 tacet-c.
1450 2181 1634 2247 Quid?
1661 2184 1702 2234 si

681 2264 885 2317 duabus
912 2265 1112 2316 voculis
1138 2264 1457 2333 transpositis
1488 2264 1630 2314 hunc
1650 2263 1701 2313 in

680 2343 900 2395 modurn
945 2343 1144 2413 legatur
1176 2344 1459 2394 versiculus
1486 2361 1499 2394 2
1531 2365 1549 2383 α
1567 2343 1701 2393 Nam

678 2424 753 2475 nil
798 2424 1043 2494 praevalet
1082 2423 1173 2474 ista
1226 2422 1297 2473 mi
1348 2435 1574 2484 tacereu,
1602 2422 1704 2474 hoc

683 2521 864 2555 sensu:
889 2522 996 2552 nam
1021 2504 1094 2551 nil
1106 2503 1336 2572 proevalet
1355 2542 1369 2563 ,
1394 2502 1535 2552 nulla
1557 2520 1707 2553 causa

682 2595 883 2634 tantum
925 2580 1069 2651 apud
1116 2594 1164 2633 te
1207 2582 1379 2633 valere
1420 2579 1609 2642 debet,
1655 2596 1708 2632 ut

686 2666 778 2713 ista
796 2702 811 2723 ,
845 2681 962 2731 quae
991 2680 1225 2712 amorem
1259 2673 1410 2712 tuum
1441 2673 1672 2730 spectant
1691 2699 1706 2725 ,

686 2746 772 2800 mi,
794 2741 889 2792 tibi
909 2740 1224 2792 amicissimo
1241 2779 1256 2804 ‚
1279 2754 1455 2801 taceas,
1476 2740 1706 2794 reticeas,

694 2824 874 2872 Tacere
906 2820 1123 2892 aliquid,
1162 2840 1260 2891 pro
1293 2820 1484 2870 reticere
1513 2822 1705 2889 passim

686 2900 897 2953 dicitur.
912 2902 1124 2952 Terent.
1149 2899 1392 2952 Eunuch.
1422 2901 1479 2964 1,
1509 2918 1554 2950 11
1573 2939 1587 2966 ,
1617 2900 1707 2963 23,

688 2981 901 3033 Cornel.
935 2982 1002 3032 N.
1040 2981 1119 3043 X,
1156 2998 1200 3031 11
1223 3020 1236 3045 ‚
1258 2979 1327 3031 ¹5.
1362 2983 1467 3030 Aut
1504 2980 1708 3049 egregie

687 3061 857 3124 fallor,
882 3073 971 3112 aut
1000 3059 1202 3129 egregie
1234 3059 1305 3110 sic
1331 3059 1509 3110 omnia
1536 3060 1708 3113 cohae·

682 3153 797 3192 rent
823 3141 1028 3209 sibique
1052 3137 1386 3208 respondent.
1407 3139 1517 3190 Nec
1531 3157 1710 3209 quem·

686 3237 844 3290 quam
901 3216 1171 3270 offendere
1233 3217 1391 3270 debet
1455 3217 1711 3288 particula

687 3299 838 3357 Nam,
863 3317 1019 3368 quam
1041 3337 1055 3361 ,
1084 3298 1207 3367 quia
1232 3311 1560 3368 praecesserat
1581 3317 1630 3349 v,
1655 3304 1706 3356 6,

687 3378 910 3431 mutavit
955 3378 1075 3429 Nic.
1130 3376 1375 3429 Heinsius
1418 3376 1471 3427 in
1531 3378 1707 3444 Quum.

687 3455 792 3509 Sed
814 3476 919 3509 non
947 3456 1081 3509 vidit
1103 3469 1380 3526 utramque
1397 3458 1709 3526 particulam

685 3536 880 3590 habere
897 3575 912 3601 ‚
944 3556 1051 3607 quo
1086 3537 1358 3588 referatur.
1384 3535 1565 3587 Primo
1593 3536 1711 3589 loco

690 3637 798 3669 nam
820 3613 1156 3671 referendum
1185 3629 1260 3668 est
1283 3612 1350 3668 ad
1373 3615 1534 3669 verba
1557 3620 1712 3671 nescio

1783 1150 1902 1219 quid
1909 1150 2194 1215 febriculosi
2214 1152 2360 1199 scorti
2376 1149 2541 1217 diligis
2561 1189 2574 1210 ,
2599 1166 2724 1201 nam
2752 1147 2808 1200 id

1783 1242 1998 1281 testatur
2019 1229 2212 1282 cubile.
2232 1229 2411 1280 Altero
2427 1229 2566 1292 loc0,
2595 1226 2664 1280 ad
2691 1247 2809 1281 ver·

1783 1309 1849 1360 ba
1890 1328 1973 1359 nec
2006 1321 2158 1359 tacet-e
2178 1327 2340 1378 posses
2358 1349 2372 1370 ,
2413 1327 2534 1359 nam
2566 1308 2663 1359 tibi
2693 1327 2810 1360 sunt

1782 1388 2128 1440 amicissimus
2145 1428 2159 1452 ‚
2190 1388 2276 1439 cui
2298 1387 2375 1438 nil
2398 1387 2604 1439 reticeri
2632 1387 2809 1440 debet.

1783 1468 1964 1520 —Hic
1981 1468 2262 1520 versiculus
2280 1467 2389 1518 sine
2405 1467 2507 1518 ulla
2524 1468 2813 1519 verborum

1785 1547 2186 1620 transpositione
2207 1547 2359 1598 facile
2379 1546 2598 1616 intelligi
2622 1560 2812 1617 potest.

1786 1627 1913 1678 Nam
1934 1629 2007 1677 nil
2022 1639 2176 1678 tacere
2190 1630 2280 1677 ista
2304 1627 2679 1694 milu'proevalet‚
2707 1627 2742 1678 i.
2766 1646 2813 1678 e.

1783 1726 1891 1757 non
1922 1707 2138 1759 reticere
2165 1724 2283 1777 quae
2311 1719 2364 1758 tu
2389 1706 2497 1775 agis
2519 1708 2656 1758 male
2677 1706 2814 1758 mihi

1784 1787 1940 1838 satius
1961 1786 2194 1850 videtur3
2222 1804 2393 1855 neque
2423 1804 2530 1855 quo
2558 1786 2819 1857 particula

1787 1885 1896 1915 nam
1916 1863 2524 1919 referaturlaborandum
2542 1879 2633 1918 est.
2646 1867 2820 1918 Abru-

1788 1958 1876 2014 pta
1903 1947 2140 1997 oratione
2164 1944 2341 1996 vivide
2368 1945 2601 2016 erumpit
2619 1945 2818 1997 Catulli

1787 2023 2082 2095 indignatio
2101 2064 2114 2085 ‚
2147 2026 2294 2096 quasi
2316 2023 2514 2076 diceret
2535 2064 2549 2090 ,
2569 2026 2649 2076 Te
2679 2026 2820 2076 inse·

1788 2106 1971 2156 embor
1998 2118 2049 2156 et
2064 2124 2307 2175 arguam,
2325 2123 2552 2173 namque
2579 2104 2707 2155 nolo
2737 2125 2820 2156 re·

1791 2184 1947 2236 ticere
1962 2202 2078 2254 quae
2099 2182 2415 2255 reprehendi
2435 2182 2594 2234 debes
2610 2203 2626 2248 ;
2645 2186 2718 2236 ita
2736 2203 2825 2237 sae-

1788 2263 2539 2335 pissimefloratiuscaeterique
2555 2265 2824 2334 poetae.N.

1879 2344 1966 2396 13.
1994 2345 2096 2394 Cur
2125 2363 2248 2394 nunc
2276 2356 2372 2393 tam
2406 2343 2559 2393 latera
2594 2348 2826 2411 exsatura

1784 2424 1996 2494 pandas,
2022 2437 2119 2476 ete.
2147 2424 2258 2476 Cur
2278 2424 2436 2475 latera
2451 2424 2660 2475 Venere
2681 2423 2823 2476 adeo

1794 2506 2039 2555 exhausta
2060 2517 2111 2555 et
2129 2503 2329 2554 viribus
2343 2502 2544 2555 defecta
2560 2500 2826 2568 ostendas,

1797 2602 1904 2652 prae
1938 2598 1986 2635 te
2019 2584 2175 2646 feras,
2216 2584 2476 2652 explices,
2518 2583 2618 2634 nisi
2657 2599 2829 2637 noctu

1793 2663 1880 2715 illa
1904 2665 2154 2714 lassentur
2176 2662 2449 2731 palaestrai’
2475 2664 2554 2714 vel
2576 2679 2589 2712 ε
2614 2662 2732 2715 Cur
2752 2665 2832 2716 in·

1794 2762 1977 2795 curvas
2003 2739 2061 2801 (a
2086 2741 2334 2810 pandat-e)
2377 2754 2426 2793 et
2466 2740 2832 2813 pandicularis

1795 2822 1941 2892 quasi
1995 2821 2155 2873 latera
2192 2820 2398 2873 infirma
2414 2860 2428 2885 ,
2457 2822 2556 2873 nisi
2597 2822 2833 2875 Veneris

1801 2921 1894 2953 usu
1908 2901 2075 2952 nimio
2089 2914 2249 2952 noctu
2265 2900 2640 2953 exerceantur?
2656 2901 2831 2955 ovid.

1797 2985 1980 3033 Amor.
2004 2982 2086 3031 111
2104 3019 2118 3043 ,
2144 2998 2196 3031 x1
2221 3019 2234 3042 ,
2275 2981 2339 3033 13
2365 2999 2380 3032 :
2413 3007 2434 3025 ι
2455 2978 2583 3032 Vidi
2609 3020 2623 3045 ‚
2652 3000 2831 3053 quum

1798 3061 2000 3113 foribus
2065 3060 2225 3111 lassus
2287 3058 2524 3131 prodiret
2588 3074 2833 3125 amator,

1799 3138 2100 3193 Invalidum
2141 3140 2371 3192 referens
2435 3141 2834 3213 emeritumque

1797 3221 1945 3273 latus.
1977 3247 1998 3266 ο

1885 3301 1972 3353 15.
2002 3299 2256 3371 Quidquid
2278 3299 2437 3353 habes.
2469 3298 2716 3352 Imitatus
2755 3312 2836 3352 est

1798 3379 1983 3431 Horat.
2026 3378 2130 3431 Od.
2170 3380 2229 3446 Ι,
2265 3398 2451 3444 xxvn,
2485 3397 2551 3449 17
2581 3396 2595 3430 :
2628 3404 2650 3425 ι
2680 3380 2840 3451 quio-

1799 3458 1925 3529 quid
1956 3459 2142 3520 habeS,
2167 3478 2263 3529 age
2282 3498 2298 3526 ,
2322 3461 2541 3529 Depone
2575 3457 2705 3512 tutis
2734 3478 2837 3512 au-

1797 3539 1961 3591 ribus.
1984 3564 2005 3586 ι
2031 3562 2109 3573 -·
2131 3539 2262 3592 Boni
2286 3540 2453 3591 malive
2472 3538 2605 3592 vult.
2627 3539 2838 3594 clariss·

1797 3619 1830 3671 J
1832 3620 1919 3672 ani
1944 3616 2012 3672 ad
2039 3618 2182 3674 hunc
2203 3618 2411 3673 Horatii
2425 3619 2622 3673 locum.
