2986 4935
865 459 1304 527 CARMEN
1364 458 1645 528 LXVI.
2178 459 2314 529 301

412 595 499 661 Et
536 592 758 660 fratris
796 594 928 659 cari
969 592 1183 661 flebile
1227 593 1592 661 discidium.

300 703 532 790 Quum
568 699 829 792 penitus
867 713 1132 767 moestas
1170 699 1386 768 exedit
1417 723 1574 767 cura
1610 698 1963 776 medullas;

407 807 505 872 Ut
544 804 661 872 tibi
702 829 881 872 nunc
920 818 1061 872 toto
1105 821 1376 899 pectore
1412 805 1701 873 sollicitae

305 911 620 981 Sensibus
655 911 897 1004 ereptis
936 936 1121 978 mens
1160 908 1424 979 excidit!
1478 913 1674 1004 Atqui
1721 935 1844 1004 ego
1883 926 2059 978 certe
2287 935 2333 974 2⁵

198 1095 365 1166 Vulp.
398 1091 524 1146 edit.
550 1092 787 1162 Gotting.
815 1105 864 1142 et
889 1091 993 1144 alii.
1024 1091 1129 1144 Sed
1157 1111 1222 1143 ne

196 1175 271 1227 sic
301 1171 526 1245 quidem
554 1170 795 1242 procedit
822 1171 1019 1236 oratio;
1055 1184 1115 1224 ut
1148 1186 1223 1224 ta-

197 1273 376 1315 ceam,
404 1253 731 1303 substitutam
761 1252 1073 1322 particulam
1111 1272 1226 1303 vero

199 1334 361 1385 nimis
387 1331 695 1385 dissimilem
737 1350 844 1383 esse
876 1330 1105 1402 antiquae
1150 1333 1225 1382 le·

201 1413 373 1465 ctioni
395 1411 861 1463 nom—Vitiosum
880 1411 1023 1462 hunc
1049 1412 1227 1462 locum

202 1511 344 1555 esse,
384 1510 414 1542 e
450 1508 590 1562 quo,
629 1504 687 1542 ut
717 1509 861 1542 nunc
892 1489 1100 1560 legitur,
1130 1509 1226 1541 nec

200 1588 415 1623 sensum
470 1567 812 1621 commodum
866 1569 1040 1621 elicias
1060 1608 1074 1630 ,
1132 1588 1229 1620 noc

200 1669 403 1703 nexum
433 1650 585 1701 facile
612 1650 667 1700 in
696 1668 760 1701 eo
783 1668 902 1701 cum
928 1648 1230 1701 anteceden-

204 1730 351 1782 tibus
395 1727 791 1799 deprehendas»,
836 1741 1019 1799 sponte
1067 1747 1229 1800 appa·

203 1822 321 1873 ηις
342 1827 502 1880 quem
521 1806 736 1878 quidem
753 1808 1012 1859 levissima
1036 1808 1231 1860 immu-

202 1890 408 1941 tatione
458 1885 725 1940 emendari
768 1904 917 1957 posse
960 1901 1089 1957 puto
1125 1889 1231 1951 sic,

207 1969 252 2018 si
279 1980 336 2020 ue
357 1986 461 2039 pro
492 1980 546 2018 ae
566 1980 618 2019 et
650 1986 774 2018 nunc
799 1984 896 2036 pro
919 1986 1011 2017 non
1043 1968 1230 2018 rescri-

207 2048 413 2118 pseris:
445 2047 514 2097 Ut
556 2059 606 2098 tu
643 2066 766 2097 nunc
797 2046 960 2097 orbum
998 2047 1123 2097 leuci
1150 2048 1228 2097 de·

208 2140 341 2178 serta
383 2127 552 2178 cubile.
592 2153 614 2172 ι
637 2125 686 2177 Ο
709 2145 867 2196 quarn
898 2125 1072 2178 luxisti
1110 2139 1234 2177 tunc

208 2199 427 2277 (inquit
446 2195 654 2270 Coma),
681 2224 845 2275 quum
873 2205 988 2256 viro
1016 2224 1154 2256 novo
1180 2206 1233 2256 in

210 2287 418 2338 bellum
450 2286 695 2356 profecto
725 2282 925 2336 deserta
959 2286 1153 2354 jaceres
1182 2286 1235 2336 in

210 2368 352 2419 lecto
376 2363 570 2417 viduo!
596 2391 616 2410 ι
649 2364 737 2417 Sic
758 2365 892 2415 bene
909 2363 1008 2416 sibi
1027 2382 1239 2433 respon·

211 2444 346 2499 dent
363 2446 560 2499 omnia.
598 2445 666 2497 Ut
686 2457 761 2496 est
787 2444 1040 2515 particula
1070 2441 1237 2496 admi-

212 2528 418 2589 rantis,
465 2538 515 2577 et
552 2544 676 2576 nunc
718 2536 778 2576 ut
818 2537 928 2575 tunc
959 2523 1239 2594 saepissime

210 2605 283 2658 de
303 2624 365 2657 re
381 2617 522 2675 gesta
539 2603 645 2656 dici
663 2605 808 2656 solet.
825 2603 952 2655 vid.
973 2605 1239 2656 Burmann.

210 2685 283 2737 ad
304 2682 469 2737 Ovid.
496 2683 710 2737 Heroid.
735 2684 954 2747 XVIII,
981 2684 1243 2753 95.Egre-

210 2768 300 2835 gie
319 2777 498 2816 autem
522 2765 656 2816 hanc
679 2762 1099 2815 emendationem
1123 2781 1244 2814 con·

210 2849 400 2897 iix-mat
422 2863 471 2895 v,
512 2850 611 2906 24,
643 2844 734 2894 ubi
761 2856 813 2895 ut
834 2856 880 2894 et
907 2862 1029 2893 nunc
1058 2840 1241 2893 eodem

214 2924 390 2977 modo
426 2921 649 2986 dicitur3
686 2923 770 2974 cui
812 2942 875 2974 eo
911 2922 1071 2992 magis
1103 2923 1247 2973 locus

206 3000 607 3073 relinquendus
640 3002 868 3065 videtur,
900 3000 1042 3072 quod
1081 3001 1244 3070 parti-

207 3085 356 3136 culae
387 3095 442 3133 ue
469 3094 521 3134 et
542 3093 621 3143 ae,
646 3101 772 3133 nunc
797 3094 849 3133 et
873 3101 967 3132 non
988 3121 1001 3141 ‚
1040 3080 1091 3132 in
1121 3093 1243 3132 vett.

206 3162 438 3233 scriptis
465 3160 740 3232 saepissime
773 3160 1003 3212 confusae
1037 3174 1157 3212 sunt
1183 3160 1247 3210 li·

207 3243 527 3296 brariorum
562 3240 911 3310 negligentia3
940 3239 1006 3291 de
1035 3250 1087 3291 ut
1120 3254 1169 3292 et
1199 3252 1249 3288 at

210 3320 341 3375 vid.
387 3320 456 3372 N.
503 3320 674 3372 Heius.
727 3318 794 3371 ad
840 3317 998 3371 Ovid.
1031 3317 1248 3371 Heroid.

211 3401 341 3454 XII
360 3438 376 3461 ,
422 3417 471 3462 ι,
506 3397 573 3451 de
602 3417 728 3451 nunc
758 3412 807 3450 et
839 3418 930 3450 non
979 3398 1250 3450 Drackenb.

201 3480 291 3534 ad
323 3480 446 3531 Liv.
467 3478 578 3543 IX,
605 3498 660 3548 7,
684 3480 713 3532 5
739 3491 901 3543 ‚tom.
927 3479 1008 3539 11,
1034 3498 1087 3549 p.
1119 3481 1247 3531 856.

1312 1090 1456 1144 editt.
1489 1093 1546 1143 in
1574 1092 1773 1144 dissidio
1796 1092 1937 1144 enim
1959 1106 2032 1144 est
2055 1091 2334 1154 dissensio,

1313 1172 1367 1223 in
1390 1171 1591 1224 discidio
1618 1185 1792 1224 autem
1816 1171 2087 1242 sejunctio.
2119 1173 2252 1226 Fuse
2283 1190 2333 1228 et

1313 1264 1557 1304 accurate
1595 1249 1662 1304 de
1687 1251 1882 1303 horum
1912 1252 2197 1304 verborum
2225 1253 2333 1306 dis-

1315 1331 1535 1383 crimine
1568 1343 1619 1382 et
1646 1331 2029 1402 permutatione
2049 1329 2334 1402 disputavit

1316 1410 1365 1462 J.
1388 1411 1452 1462 F.
1483 1409 1755 1463 Gronovius
1786 1408 1852 1462 ad
1883 1412 1995 1463 Liv.
2030 1412 2207 1478 XXV,
2239 1416 2337 1478 18,

1317 1503 1368 1542 et
1395 1502 1514 1561 post
1540 1509 1660 1541 eum
1691 1490 2040 1543 Broucklzusius
2070 1490 2137 1542 ad
2175 1492 2335 1564 Prop.

1318 1571 1401 1631 11,
1442 1588 1544 1638 19,
1575 1572 1672 1632 16,
1701 1583 1752 1621 et
1774 1568 1838 1620 ad
1868 1570 2066 1622 Tibull.
2097 1572 2156 1635 Ι,
2185 1573 2211 1625 5
2235 1612 2249 1639 ,
2280 1580 2331 1636 4.

1320 1649 1485 1700 -Ee
1500 1650 1673 1714 fratris
1694 1669 1713 1701 .·
1737 1648 1803 1700 cf.
1822 1669 2025 1720 argum.

1406 1727 1497 1780 23.
1552 1730 1708 1797 Quam
1768 1730 1971 1798 egregie
2040 1729 2336 1783 emendavit

1321 1807 1586 1860 Bentleius
1613 1809 1667 1860 in
1701 1820 1809 1860 not.
1834 1807 1903 1860 ad
1939 1807 1994 1860 h.
2028 1810 2063 1861 l.
2094 1809 2338 1865 Confusae

1320 1901 1440 1938 sunt
1469 1887 1550 1939 hae
1580 1888 1847 1958 particulae
1886 1901 1937 1939 et
1977 1888 2031 1939 in
2058 1889 2174 1941 aliis
2208 1893 2336 1945 scri·

1322 1966 1582 2035 ptoribus.
1607 1968 1687 2019 Cf.
1715 1967 2097 2021 Drakenborch.
2124 1969 2193 2022 ad
2222 1971 2335 2024 Liv.

1323 2046 1564 2109 XXVII,
1600 2048 1668 2099 28
1688 2083 1703 2108 ‚
1734 2047 1764 2099 5
1784 2083 1797 2103 ,
1824 2061 1948 2099 tom.
1972 2049 2073 2111 IV,
2089 2066 2144 2118 p.
2167 2069 2342 2118 90.—

1329 2125 1519 2193 Quum,·
1557 2125 1670 2194 lege
1700 2125 1908 2195 potius,
1938 2127 1978 2176 si
2011 2127 2087 2178 vis
2118 2130 2340 2182 orationi

1326 2205 1628 2267 consulere,
1657 2223 1776 2256 cum
1805 2206 2041 2256 Bentleio
2070 2207 2243 2274 Quam.
2266 2242 2342 2250 —-

1328 2284 1514 2335 Exedit
1550 2303 1663 2338 cura
1706 2282 1823 2336 med.
1870 2285 1937 2335 cf.
1976 2303 2123 2355 supr.
2164 2288 2341 2340 Carm-

1327 2363 1540 2414 XXXV
1558 2401 1574 2426 ‚
1633 2363 1721 2415 15.
1771 2390 1792 2409 ιι
1831 2364 1973 2433 Ignis
2040 2364 2342 2421 interiorem

1328 2441 1492 2495 edunt
1538 2441 1843 2495 medullam.
1870 2470 1891 2489 ι-
1920 2443 2027 2496 Ubi
2068 2447 2206 2499 conf.
2237 2461 2344 2501 not.

1329 2523 1414 2575 Sic
1446 2523 1625 2575 Horat.
1667 2544 1806 2575 curas
1840 2523 2005 2574 edaces
2026 2565 2038 2586 ,
2088 2525 2349 2580 Hesiodus

1327 2604 1600 2673 γυιοβόρους
1625 2599 1906 2672 μιλεὸὣνας
1935 2602 2083 2657 dixit.

1415 2702 1440 2733 α
1455 2690 1504 2744 ά.
1540 2684 1674 2734 Tunc
1692 2684 1746 2734 in
1764 2683 1880 2735 aliis
1901 2702 1962 2735 ex
1988 2680 2210 2737 solemni
2228 2704 2349 2738 con·

1331 2762 1535 2813 fusione
1566 2760 1938 2832 particularum
1968 2776 2079 2814 tunc
2110 2778 2160 2815 et
2191 2785 2314 2817 nunc
2331 2786 2349 2826 ,·

1334 2839 1440 2893 vicl.
1478 2840 1858 2893 Drakenborch.
1892 2841 1957 2893 ad
1986 2843 2102 2895 Liv.
2141 2845 2251 2908 ΙΙΙ,
2283 2851 2315 2898 0
2334 2882 2352 2908 ‚

1342 2941 1392 2985 ι,
1421 2934 1550 2974 tom.
1574 2921 1600 2972 1
1626 2959 1639 2984 ,
1663 2940 1779 2992 pag.
1810 2922 1919 2982 654
1939 2960 1955 2984 ‚
1983 2922 2120 2974 conf.
2147 2938 2253 2975 not.
2284 2924 2351 2977 ad

1334 3019 1465 3051 verS.
1506 3019 1594 3051 αι.

1420 3080 1487 3130 25
1510 3117 1525 3142 ,
1573 3082 1662 3132 26.
1713 3079 1935 3131 Sensibus
1988 3102 2012 3130 e
2061 3085 2197 3132 rectis
2235 3082 2357 3137 fecit

1336 3159 1554 3209 Vossius
1575 3177 1637 3209 ex
1663 3159 1887 3211 lectione
1911 3156 2122 3230 antiqua
2147 3163 2355 3215 sensibus

1338 3241 1518 3288 erectis.
1556 3270 1635 3280 -—
1676 3239 1839 3309 Atque
1873 3257 1961 3307 ego
2017 3239 2229 3293 Venett.
2276 3276 2353 3285 —-—

1341 3318 1439 3369 Ast
1460 3337 1550 3387 ego
1575 3315 1783 3388 Gryph.
1811 3318 2004 3371 Mutet.
2020 3320 2160 3370 -Α
2165 3333 2184 3369 t
2205 3333 2248 3372 te
2268 3343 2356 3393 ego

1340 3398 1490 3448 Voss.
1523 3425 1601 3437 ——
1628 3397 1870 3450 Nostram
1912 3397 2191 3451 lectionem
2232 3420 2358 3472 pro-

1340 3476 1517 3547 posuit
1535 3476 1664 3529 Stat.
1692 3496 1850 3548 quem
1872 3490 2077 3530 secutus
2097 3492 2172 3532 est
2191 3480 2360 3536 editor

314 3579 412 3613 22.
442 3558 541 3609 Sed
546 3560 752 3624 fratris,
786 3559 992 3627 ‘peperit
1020 3559 1154 3610 hanc
1181 3557 1254 3608 le·
1344 3555 1495 3608 Cant.
1539 3556 1794 3620 Gravius.
1829 3587 1906 3596 —
1934 3557 2191 3611 Turbavit
2222 3576 2361 3615 certe

200 3642 468 3695 ctionem
506 3638 690 3689 vitiosa
724 3638 878 3689 lectio
923 3654 1099 3688 versus
1146 3656 1252 3688 ma-
1341 3637 1622 3705 particulas
1653 3641 1790 3707 atqui
1815 3649 1868 3705 et
1903 3649 2043 3707 atque
2080 3642 2365 3694 sexcenties

196 3720 396 3792 jor-323
429 3730 567 3769 recte
600 3717 758 3786 igitur
793 3719 900 3785 jam
935 3717 1148 3768 Vossius
1174 3734 1255 3767 re·
1344 3712 1630 3768 scribarum
1683 3715 2023 3786 negligentia3
2067 3715 2174 3770 vid.
2223 3720 2349 3771 Dra-

198 3798 406 3854 sstituit
423 3809 486 3848 et.
508 3796 709 3866 Saepius
725 3812 939 3867 quoque
959 3792 1157 3847 voculae
1178 3796 1263 3846 sed
1346 3794 1621 3846 ekenborch.
1652 3794 1720 3847 ad
1743 3795 1859 3846 Liv.
1882 3796 1997 3859 ΠΙ,
2023 3798 2090 3848 52
2105 3835 2120 3860 ,
2146 3798 2177 3849 8
2198 3837 2213 3860 ‚
2231 3811 2360 3853 tom.

198 3894 273 3933 et
296 3890 357 3930 et
377 3887 715 3930 commutata:
730 3889 849 3927 sunt
863 3875 1154 3926 scribarum
1176 3895 1261 3926 ne·
1348 3873 1374 3924 1
1393 3914 1407 3938 ,
1435 3893 1485 3943 p.
1513 3878 1624 3944 760
1640 3894 1655 3939 ;
1674 3874 1762 3926 sed
1784 3887 1919 3926 recte
1942 3888 2117 3926 monet
2143 3876 2278 3931 Cot-t.
2298 3879 2364 3932 ad

192 3957 525 4033 gligentia3
585 3953 696 4007 vid.
747 3955 1129 4007 Drackenborch.
1196 3952 1264 4006 ad
1354 3953 1561 4007 Sallust.
1588 3953 1834 4023 Jugurth.
1864 3954 1965 4014 IV,
2004 3953 2068 4018 3,
2104 3968 2246 4029 atque
2284 3959 2372 4011 in-

195 4041 359 4094 ljv.
393 4035 558 4096 XXI,
600 4037 669 4087 26
690 4073 705 4098 ,
735 4039 766 4085 6
786 4072 803 4099 ,
828 4047 958 4086 tom.
1000 4036 1107 4097 111,
1148 4051 1264 4105 pag.
1357 4032 1564 4085 terdum
1587 4034 1716 4103 poni
1739 4052 1837 4104 pro
1865 4036 2025 4103 atqui,
2061 4047 2110 4086 et
2142 4055 2369 4109 occupa·

203 4129 374 4186 4⁰²·
392 4116 744 4165 —Dissidium
773 4113 905 4165 male
927 4113 979 4164 in
1005 4113 1271 4165 nonnullis
1359 4112 1489 4164 tioni
1532 4113 1814 4164 inserviens
1845 4110 1984 4163 idem
2017 4128 2198 4167 notare
2228 4119 2372 4188 quod
