2986 4935
840 385 1294 458 CARMEN
1350 390 1636 460 XXIV.

2204 399 2305 494 95

476 515 631 583 Non
666 539 962 610 unquam
999 518 1275 613 digitum
1314 524 1658 616 inquinare
1696 529 1926 620 possis.

479 623 638 688 Haec
680 637 754 690 tu
793 625 1145 694 commoda
1187 642 1322 695 tam
1365 629 1595 717 beata,
1632 634 1824 719 Furi,

474 725 628 796 Noli
666 753 1015 822 spernere,
1053 758 1177 802 nec
1215 750 1450 827 putare
1485 739 1706 831 parvi;

473 835 561 902 Et
605 837 937 924 sestertia,
966 864 1114 932 quae
1158 839 1361 928 soles,
1404 846 1662 937 precari

479 941 767 1010 Centum
815 942 1076 1031 desine,
1119 971 1275 1016 nam
1319 963 1420 1019 sat
1460 976 1531 1020 es
1571 950 1821 1020 beatus,

255 1140 337 1189 26.
371 1137 493 1207 Quoe
514 1139 638 1190 soles
676 1139 785 1192 scil.
815 1142 1038 1210 precari.
1079 1144 1179 1194 De·

183 1218 268 1266 sine
295 1221 507 1286 precari,
556 1232 684 1271 voto
726 1220 822 1272 tibi
865 1239 1170 1293 egposcere,

1263 1144 1472 1216 diligit,
1505 1165 1628 1200 eum
1656 1166 1765 1201 nou
1784 1164 1952 1220 potest
1981 1172 2087 1204 non
2128 1156 2293 1226 paeni·

1263 1238 1406 1290 tere,
1448 1225 1594 1295 quod
1631 1247 1834 1282 musam
1875 1233 2289 1289 venustissimam

182 1309 354 1365 optare.
380 1297 628 1369 Quisquis
667 1297 939 1370 ingenium
978 1302 1174 1356 Catulli
1262 1316 1403 1357 tanta
1430 1307 1683 1376 spurcitie
1704 1310 1994 1364 collutulet.

704 1504 1269 1598 CARMEN
1334 1512 1714 1601 XXIV.

603 1733 715 1778 AD
788 1733 1343 1783 JIJVENTIUM
1422 1741 1833 1788 PUERUM.

460 1921 524 1987 O
569 1942 697 2001 Qm
747 1919 1059 1989 flosculus
1104 1946 1173 1989 es
1216 1925 1717 2016 Juventiorum,

466 2027 620 2095 Non
666 2026 906 2094 horum
954 2027 1188 2115 mod0‚
1226 2029 1341 2097 sed
1377 2047 1541 2124 quot
1577 2051 1691 2103 aut
1733 2036 2034 2125 fuerunt,

466 2133 595 2201 Aut
626 2133 906 2226 posthac
943 2132 1086 2203 aliis
1124 2152 1320 2204 erunt
1357 2138 1424 2204 in
1468 2142 1691 2226 annis,

463 2237 734 2307 Mallem
782 2240 1041 2309 divitias
1082 2242 1242 2310 mihi
1279 2242 1567 2314 dedisses

237 2448 366 2503 Auo.
386 2448 523 2502 Cum
536 2448 804 2514 Juventio,
818 2449 1027 2522 egregio
1041 2470 1165 2521 gen-

163 2527 220 2578 tis
231 2547 326 2581 suae
339 2543 662 2591 ornamento,
684 2531 999 2600 expostulat,
1015 2531 1162 2603 quod

162 2606 345 2661 homini
374 2610 563 2661 misero
600 2623 651 2661 et
685 2609 833 2681 inopi
861 2605 1032 2671 (haud
1060 2610 1161 2663 du-

161 2687 235 2739 bie
257 2680 443 2755 Furio)
474 2688 659 2741 florem
689 2691 847 2741 oetatis
870 2708 974 2742 suae
1003 2704 1160 2743 attre-

158 2768 388 2821 cundum
403 2766 628 2834 dederit,
645 2771 794 2841 cujus
806 2770 1030 2840 egestati,
1046 2784 1161 2823 utut

158 2846 282 2900 illam
304 2867 550 2901 excusare
572 2861 751 2912 tentet,
769 2850 1041 2902 consulere
1064 2870 1160 2920 po·

160 2927 247 2977 tius
268 2927 492 2981 debebat
514 2928 647 2998 stipe
671 2941 722 2979 et
750 2929 986 2999 pecunia.
1021 2930 1158 2981 Cum

159 3009 395 3076 superiori
436 3008 541 3060 hoc
587 3025 798 3059 carmen
835 3010 1160 3079 conjungen·

157 3083 270 3138 dum
289 3106 393 3140 esee
414 3106 603 3160 parum
618 3087 962 3158 probabiliter
987 3090 1163 3141 statuit

157 3164 381 3220 Heinsius
399 3169 455 3219 in
479 3166 617 3218 notis
640 3164 709 3218 ad
733 3165 922 3219 Catull.
943 3186 998 3237 p.
1023 3171 1159 3237 639.

231 3267 275 3300 ι.
312 3248 363 3300 O
388 3251 476 3319 qui
485 3247 724 3317 flosculus
750 3266 833 3307 es,·
874 3249 1076 3318 egregie
1104 3249 1157 3300 in

151 3340 287 3394 gente
321 3340 409 3379 tua
448 3325 836 3397 exsplendescis
865 3339 916 3378 et
948 3328 1156 3398 praemi·

152 3424 244 3458 nes,
275 3408 327 3459 F
324 3407 553 3458 losculum
573 3408 798 3476 etflorem
818 3425 954 3476 saepe
978 3406 1044 3459 de
1063 3426 1156 3460 cu·

147 3485 339 3551 jnslibet
362 3488 439 3539 rei
461 3487 784 3577 prestantis,
802 3488 1067 3559 praecipue
1089 3486 1156 3540 de

146 3566 347 3632 juvenili
377 3579 529 3619 aetate
560 3565 703 3629 dici,
751 3566 804 3618 in
842 3567 1028 3637 vulgus
1059 3588 1159 3619 no-

149 3656 261 3701 tum.
288 3646 548 3718 Exempla
574 3644 696 3697 vide
717 3644 858 3717 apud
877 3647 1071 3699 Muret.
1090 3645 1159 3699 ad

145 3722 190 3776 h.
211 3726 243 3778 l.
270 3740 321 3779 et
349 3745 449 3778 nos
470 3723 541 3778 ad
558 3727 738 3779 Carm.
763 3727 943 3791 XVII,
972 3733 1055 3789 14.
1080 3730 1159 3779 De

144 3806 400 3859 nobilitate
449 3819 631 3858 autem
683 3806 849 3876 gentis
897 3808 930 3858 J
935 3808 1160 3859 uventiae

143 3887 336 3938 consule
358 3886 650 3956 vulpium.

213 3985 258 4017 ιι.
276 3967 387 4020 Non
402 3968 576 4017 horum
591 3964 752 4027 mod0‚
774 3979 872 4019 etc.
891 3966 962 4019 cf.
978 3967 1155 4021 Carm.

145 4042 300 4098 XLIX
315 4086 330 4110 ,
362 4066 413 4099 π.

1333 2459 1384 2520 15,
1414 2454 1561 2517 Mihi,
1597 2470 1655 2509 ut
1679 2457 1789 2521 sibi,
1823 2458 1929 2522 tibi,
1957 2462 2110 2523 nobis,
2136 2466 2277 2518 vobis

1250 2552 1386 2604 saepe
1416 2537 1646 2605 παρέλκει
1687 2557 1793 2589 non
1824 2541 1992 2593 solum
2022 2544 2075 2594 in
2111 2565 2277 2614 graeca

1250 2626 1299 2664 et
1337 2614 1522 2679 latina,
1564 2616 1655 2669 sed
1692 2621 1938 2672 omnibus
1976 2642 2126 2692 paene
2172 2629 2271 2680 lin-

1248 2693 1381 2762 guis.
1422 2695 1547 2748 vid.
1586 2697 1895 2752 Rittershus.
1932 2701 1998 2753 ad
2039 2705 2268 2777 Oppian.

1250 2773 1544 2844 Cyneg.1,
1584 2780 1674 2844 89.
1730 2781 2269 2840 Drackenl›orch.ad

1247 2850 1337 2904 Sil.
1355 2854 1471 2906 Ital.
1491 2856 1537 2919 Ι,
1561 2859 1653 2918 46.
1674 2858 2042 2913 Burmann.ad
2061 2865 2266 2919 Phaedr.

1250 2932 1295 2994 1,
1327 2952 1417 2996 αα,
1446 2933 1496 2996 3,
1525 2949 1577 2987 et
1599 2955 1732 3005 quos
1752 2937 1929 2991 laudat
1952 2942 2020 2994 cl.
2044 2944 2183 2997 Beck
2201 2946 2269 2998 ad

1246 3013 1513 3083 Aristoph.
1548 3019 1714 3078 AveS‚
1757 3036 1806 3069 v.
1862 3024 1987 3080 146.
2033 3055 2111 3063 —--
2140 3026 2265 3078 vid.

1248 3090 1407 3143 Carni
1446 3096 1548 3159 ΙΙΙ,
1584 3100 1669 3147 16.
1697 3097 1748 3146 N
1754 3099 2048 3151 .·-Mallem
2072 3103 2269 3158 delicias

1247 3173 1366 3221 milu'
1396 3173 1621 3237 dedisses,
1677 3176 1835 3244 Quam
1866 3181 1957 3229 rista·
1995 3182 2189 3238 Mutet.
2218 3199 2270 3239 et

1245 3250 1301 3301 in
1342 3253 1657 3322 quibusdam
1700 3268 1823 3310 vett.
1853 3262 1921 3309 mi
1950 3261 2155 3314 dedisses
2187 3266 2268 3317 in-

1246 3331 1446 3383 venisse
1499 3352 1552 3384 se
1608 3333 1679 3385 ait
1704 3337 1919 3390 Vossius
1981 3342 2035 3393 in
2095 3347 2269 3398 omni·

1246 3409 1345 3462 bus
1390 3412 1522 3465 libb.
1562 3414 1740 3485 script.
1772 3416 1912 3470 unde
1953 3421 2076 3473 fecit
2110 3425 2266 3478 Me‘dce

1246 3490 1469 3545 dedisses.
1498 3493 1744 3546 Heinsius
1774 3497 1827 3547 in
1852 3512 1960 3551 not.
1989 3499 2059 3553 ad
2088 3504 2267 3556 Catul-

1246 3570 1358 3622 lum
1404 3584 1573 3624 totum
1613 3574 1792 3627 locum
1833 3577 1903 3628 ita
1947 3584 2269 3636 constituen-

1247 3648 1376 3701 dum
1403 3651 1691 3706 arbitratur
1709 3694 1722 3705 .
1763 3682 1784 3702 ι
1807 3656 2020 3710 Mallem
2053 3659 2269 3717 delicias

1248 3730 1380 3781 mihi
1407 3729 1666 3799 dedisses,
1697 3734 1868 3798 Quam
1899 3738 1971 3788 sic
2000 3752 2048 3791 te
2076 3742 2271 3796 sineres

1245 3810 1313 3861 ab
1342 3810 1440 3862 isto
1467 3813 1660 3880 amari,
1687 3813 1821 3879 Isto,
1849 3818 1933 3868 cui
1969 3839 2138 3889 neque
2162 3843 2268 3875 ser-

1249 3908 1344 3940 vus
1370 3903 1443 3941 est
1473 3910 1644 3962 neque
1671 3912 1812 3957 arca,
1842 3896 2028 3959 Quid?
2062 3918 2169 3953 non
2197 3919 2271 3956 est

1247 3967 1410 4021 homo
1436 3970 1637 4023 bellus?
1669 3973 1889 4044 inquies,
1905 4002 1924 4020 ι·
1944 3977 2046 4030 Sed
2072 3980 2175 4032 hoc
2197 3998 2271 4034 est

1248 4048 1507 4118 refingere
1525 4054 1755 4105 carmina
1771 4095 1786 4118 ,
1801 4074 1905 4106 uon
1921 4056 2271 4129 interpretari.
