2986 4935
614 463 763 560 276

1131 455 1692 524 C.VALER11
1752 451 2216 519 CATULLI

720 593 1015 666 Candida
1056 613 1389 686 purpurea
1428 611 1625 680 quam
1649 587 1824 677 Tyro
1871 585 2233 651 incinxerat
2272 605 2424 663 ora3

722 708 808 768 At
846 726 1035 769 roseo
1072 700 1278 765 niveae
1321 693 1696 764 residebant
1733 692 1977 758 vertice
2016 691 2232 774 vittae,
2697 711 2773 745 3...

619 873 823 922 mulum
860 865 1308 938 complectebatur
1347 861 1506 913 vestis
1543 877 1636 909 un-

619 950 781 1022 dique
832 967 1032 1020 quercu
1082 945 1164 996 vel
1215 942 1375 994 ramis
1430 939 1636 991 foliisve

621 1030 838 1102 quernis
866 1028 1108 1079 distincta
1126 1064 1140 1088 ‚
1173 1023 1323 1091 cujus
1351 1038 1500 1071 oram
1525 1019 1640 1069 lim·

623 1114 694 1162 bo
725 1126 993 1182 purpureo
1026 1105 1262 1157 cinxerat
1292 1100 1516 1170 pulchra
1536 1098 1643 1166 Ty-

626 1211 703 1242 το.
738 1217 758 1235 1·
819 1186 1035 1256 Accipio
1094 1183 1253 1251 igitur
1300 1197 1519 1250 quercum
1576 1175 1644 1227 de

627 1284 767 1320 veste
815 1269 956 1338 picta
984 1305 999 1328 ‚
1046 1263 1131 1315 cui
1180 1260 1380 1330 species
1420 1274 1646 1328 quercus

635 1353 828 1400 intexta
853 1347 991 1410 fuit;
1023 1360 1247 1414 quercus
1279 1341 1446 1402 enim,
1475 1353 1647 1407 quum

633 1429 789 1480 arbor
829 1428 891 1478 sit
933 1422 1142 1476 fatidica
1170 1458 1186 1485 ,
1227 1431 1287 1472 ut
1331 1439 1392 1469 ex
1435 1415 1648 1468 oraculo

631 1507 778 1558 Jovis
810 1504 1083 1558 Dodonaeo
1120 1510 1346 1559 constat,
1389 1511 1508 1567 apte
1542 1497 1651 1566 jam

634 1601 832 1638 vestem
855 1588 1085 1636 Dearum
1112 1577 1440 1632 fatidicarum
1461 1594 1651 1627 ornare

638 1666 864 1718 videtur.
897 1696 977 1706 —-
1014 1660 1335 1729 Compleclens
1369 1658 1480 1708 scil.
1514 1667 1646 1715 erat,

639 1762 689 1799 et
719 1747 825 1797 hoc
850 1763 950 1815 pro
977 1738 1395 1810 complectebatur,
1431 1749 1490 1786 ut
1520 1753 1651 1786 νει-ε.

646 1828 674 1879 3
690 1827 753 1876 18
772 1865 783 1885 ,
824 1827 1065 1876 exstantia
1091 1831 1228 1870 erant
1254 1837 1352 1888 pro
1380 1815 1650 1867 exstabant.

643 1907 725 1960 Cf.
749 1925 906 1976 supra
923 1901 993 1954 ad
1012 1903 1192 1954 Carm.
1213 1899 1396 1949 LXIII
1415 1935 1429 1958 ,
1454 1896 1545 1965 57.

729 1986 853 2052 309.
880 1984 1018 2035 Mire
1040 1981 1094 2031 in
1113 1980 1217 2030 hoc
1237 1997 1390 2029 versu
1410 1992 1516 2026 tam
1535 1973 1657 2025 scri·

647 2067 725 2137 pti
770 2084 928 2135 quam
971 2059 1210 2132 impressi
1252 2056 1376 2107 libri
1423 2055 1655 2106 turbant.

657 2148 784 2198 Tuos
806 2149 1066 2196 intimet-at
1083 2140 1138 2189 in
1156 2137 1365 2188 duobus
1385 2134 1535 2186 MSS.
1556 2132 1662 2183 Sta-

648 2228 742 2290 tii,
772 2227 825 2278 in
855 2243 962 2275 uno
992 2223 1146 2290 Tyros
1177 2221 1466 2275 incinxerat,
1504 2230 1661 2282 quam

646 2307 928 2359 lectionem
971 2310 1253 2369 agnoscunt
1294 2312 1507 2365 quoque
1549 2292 1662 2342 Me-

655 2387 811 2455 leagri
830 2382 957 2435 libri
979 2398 1166 2450 papyr.
1195 2376 1359 2426 Palat.
1382 2387 1434 2424 et
1460 2369 1663 2424 Comel.

640 2455 797 2519 ⁸unde
842 2460 1037 2514 Statius
1071 2478 1084 2509 ε
1126 2459 1279 2526 Tyros
1318 2456 1663 2505 intertinxerut.

655 2580 734 2589 -—
760 2547 1104 2612 Purpureaque
1137 2538 1289 2608 Ίῖγνοε
1315 2532 1442 2586 edit.
1471 2535 1534 2583 R.
1564 2529 1667 2582 Sed

655 2625 886 2693 Scaliger
927 2619 1151 2692 priscam
1194 2613 1470 2665 lectionem
1516 2610 1669 2662 fuisse

656 2716 871 2756 testatur
896 2696 1120 2752 Candida
1131 2714 1373 2765 purpurea
1397 2693 1443 2742 T
1432 2696 1568 2762 yrios
1587 2711 1668 2740 es·

661 2790 901 2844 tin.rerat,·
937 2781 991 2831 in
1020 2776 1253 2845 margine
1288 2785 1461 2823 autem
1496 2789 1672 2822 emen-

662 2865 843 2916 datum
889 2860 1048 2912 fuisse
1092 2861 1354 2915 inlexerat,
1402 2849 1545 2901 unde
1585 2849 1672 2899 ille

663 2946 789 3016 legit
814 2958 1057 3013 purpurea
1094 2937 1264 3009 Tyrios
1297 2937 1532 2984 inte-xerat
1570 2948 1673 2980 ora.

664 3058 741 3068 -—
773 3020 996 3076 Candida
1024 3017 1272 3088 purpureis
1297 3014 1442 3063 ramis
1469 3014 1676 3062 intinxe-

669 3118 745 3156 rat
776 3124 860 3153 ora
892 3103 948 3152 in
982 3096 1108 3150 edit.
1145 3095 1389 3146 Parthen.
1426 3123 1506 3131 -—
1544 3090 1675 3141 Can-

666 3185 781 3236 deda
825 3198 1064 3251 purpurea
1110 3176 1233 3226 talos
1277 3177 1545 3224 incinxerat
1591 3188 1677 3219 ora

665 3263 876 3334 Gryph.
918 3261 1114 3310 Muret.
1151 3255 1324 3306 Graev.
1369 3251 1496 3303 silv.
1540 3250 1677 3302 Can-

666 3344 853 3411 tabrig.
873 3361 953 3373 -·
985 3335 1208 3388 Candida
1228 3351 1469 3403 purpurea
1505 3332 1676 3398 Tyrios

668 3442 809 3496 quum
831 3424 1087 3471 incinxerat
1107 3434 1193 3464 ora
1214 3413 1267 3463 in
1291 3412 1529 3480 Gotting.
1557 3427 1679 3459 con·

670 3517 744 3555 tra
775 3501 930 3552 metri
958 3497 1129 3565 leges;
1160 3494 1371 3544 sortasse
1393 3507 1675 3561 operarum

667 3584 821 3653 culpa
843 3598 941 3650 pro
974 3578 1146 3646 Ίζγνίω
1170 3592 1327 3645 quam.
1348 3571 1563 3640 Optima
1588 3587 1679 3619 no-

668 3665 747 3717 his
777 3662 881 3712 visa
913 3670 987 3709 est
1017 3656 1170 3706 lectio
1196 3651 1369 3703 Vossii
1389 3689 1404 3716 ,
1433 3668 1590 3720 quam
1623 3649 1677 3698 in

666 3756 863 3797 textum
908 3735 1222 3805 recepimuS.
1264 3764 1343 3773 —-
1394 3731 1527 3799 Tyro
1569 3728 1677 3780 filia

669 3818 928 3877 Salmonei
975 3813 1249 3884 (Propert.
1293 3812 1410 3873 111,
1460 3827 1560 3876 19,
1612 3805 1675 3868 3)

669 3922 811 3975 quae,
840 3911 897 3950 nt
925 3898 1126 3956 Parcae,
1163 3888 1305 3962 apud
1332 3890 1528 3940 inferos
1561 3907 1678 3939 ver-

667 3996 824 4035 satur.
848 3979 1089 4046 Propert.
1112 3973 1186 4034 11,
1209 3973 1299 4031 28,
1322 3968 1350 4021 5
1368 3987 1386 4019 1
1401 4009 1413 4020 .
1432 3968 1673 4020 Cf.Voss.

669 4076 722 4112 et
752 4061 834 4113 Cl.
872 4055 1051 4109 Barth.
1074 4053 1132 4105 in
1163 4050 1313 4102 clav.
1344 4049 1587 4119 Propert.
1621 4068 1674 4117 p.

669 4150 697 4206 4
709 4148 801 4202 ⁰5·
826 4170 901 4180 —-
915 4133 1137 4188 Candicla
1157 4130 1395 4201 pulchra.

1810 859 1945 910 310.
1994 854 2164 906 Nimis
2204 853 2438 905 liberalis
2471 853 2526 903 in
2574 854 2777 922 conje-

1728 938 1890 989 cturis
1922 949 1998 988 est
2030 933 2309 986 Gurlittus.
2343 932 2446 985 Pro
2478 951 2615 983 roseo
2649 935 2776 1001 pri-

1731 1036 1875 1067 mum
1905 1026 2069 1066 tentat
2100 1033 2209 1062 raso
2241 1013 2320 1063 vel
2352 1026 2483 1064 tonso
2499 1032 2521 1072 ,-
2549 1009 2656 1062 sed
2681 1011 2776 1063 cui

1730 1115 1838 1147 nou
1886 1094 2107 1147 ridicula
2141 1092 2383 1144 videatur
2413 1089 2779 1144 sacerdotalis

1735 1176 1821 1228 illa
1846 1176 2015 1246 capite
2042 1190 2276 1225 resarum
2309 1172 2594 1224 Parcarum
2627 1170 2783 1240 figu-

1736 1256 1839 1306 ra?
1875 1257 1956 1306 vel
1997 1273 2135 1304 cauo.
2178 1256 2277 1316 At,
2312 1271 2347 1302 o
2381 1253 2557 1312 bone,
2590 1269 2779 1320 quam

1737 1334 2012 1386 dissimiles
2055 1333 2209 1404 plane
2242 1327 2395 1383 voc‘es
2431 1343 2554 1383 sunt
2596 1351 2777 1392 cano,

1740 1428 1874 1466 tonso
1890 1453 1905 1476 ,
1941 1426 1994 1465 et
2025 1432 2158 1463 roseo
2172 1419 2203 1461 .'‘
2223 1442 2301 1453 —
2323 1411 2404 1463 vel
2429 1423 2481 1460 at
2500 1429 2671 1461 ruseoe
2705 1432 2786 1461 ne-

1744 1515 1849 1555 e·e0;
1865 1512 1961 1546 nec
1982 1492 2086 1544 hoe
2106 1510 2266 1562 opus;
2289 1489 2395 1542 vid.
2417 1502 2532 1544 not.
2553 1490 2670 1541 inf.
2691 1491 2781 1542 ve!

1695 1618 1710 1630 ,
1741 1573 1970 1644 denique
1989 1572 2258 1631 ambrosio,·
2280 1569 2535 1640 posterius
2549 1570 2780 1641 placuit

1743 1655 1878 1706 Viro
1907 1655 2075 1704 Docto
2109 1651 2164 1702 in
2190 1650 2334 1702 Actis
2360 1649 2610 1701 litet-ariis
2636 1650 2790 1702 Got-

1744 1735 1964 1804 tingens.
1992 1723 2161 1798 (Scid.
2191 1734 2319 1794 148,
2351 1720 2519 1798 1788)
2542 1727 2644 1781 sed
2676 1749 2786 1782 au-

1744 1826 1944 1865 ctorem
1977 1812 2133 1863 habet
2159 1810 2270 1862 haec
2297 1810 2599 1878 conjectura
2626 1809 2785 1861 VuJ.

1744 1895 1909 1964 pium.
1940 1923 2020 1933 —-
2047 1890 2123 1942 At
2151 1909 2244 1940 ros.
2277 1893 2371 1941 niv.
2400 1887 2595 1940 resideh.
2639 1904 2783 1941 vert.

1747 1978 1857 2024 viee.
1896 1971 1950 2023 Si
1991 1971 2176 2022 Parcas
2209 1970 2492 2039 cogitamus
2529 1971 2789 2034 vetulas,

1749 2072 1847 2122 pro
1891 2052 1969 2104 Ae
2012 2070 2171 2113 roseo,
2218 2046 2367 2119 quod
2407 2046 2634 2099 minime
2671 2050 2788 2102 iuis

1750 2131 2020 2194 convenit,
2053 2130 2136 2181 vel
2165 2126 2446 2199 legendum
2469 2144 2596 2178 cum
2628 2129 2785 2182 Vul-

1751 2212 1840 2282 pio
1856 2210 2129 2273 Ambrosio,
2143 2210 2224 2260 vel
2246 2204 2530 2259 dicendum
2554 2221 2663 2273 est,
2681 2209 2789 2262 C..

1754 2291 1943 2342 tullum
1977 2291 2046 2340 ita
2076 2308 2139 2341 ex
2170 2307 2316 2340 more
2341 2298 2618 2356 poetarum
2653 2308 2785 2360 per-

1755 2383 1976 2422 mutasse
2013 2368 2273 2438 epitheta,
2311 2379 2369 2418 ut
2400 2364 2667 2419 vertendo
2701 2390 2787 2420 m·

1754 2471 1858 2502 sens
1897 2446 1966 2501 ad
1998 2449 2152 2500 vittas
2181 2460 2233 2498 et
2261 2449 2417 2499 niveus
2447 2442 2516 2497 ad
2542 2452 2788 2501 verticem

1755 2528 2093 2582 referendum
2115 2528 2195 2579 sit.
2217 2528 2281 2578 In
2301 2524 2522 2598 proclivi
2545 2528 2783 2596 quidem

1758 2623 1833 2662 est
1867 2609 2128 2679 corrigere
2168 2608 2245 2660 Ae
2278 2627 2424 2657 roseae
2463 2607 2600 2657 niveo
2620 2628 2645 2668 ,-
2686 2609 2786 2662 sed

1757 2691 2035 2741 innumera
2064 2700 2340 2758 poetarum
2367 2678 2608 2757 exempla
2638 2688 2789 2743 hanc

1759 2768 2112 2838 epithetorum
2151 2766 2590 2837 permutationem
2626 2771 2790 2821 evin-

1760 2861 1905 2899 cunt.
1950 2846 2036 2899 Sic
2077 2845 2238 2899 Ovid.
2285 2842 2501 2897 Heroid.
2550 2846 2763 2901 XVIII
2774 2890 2788 2914 ,

1772 2934 1920 2991 144:
1962 2929 2128 2980 Aurea
2167 2927 2382 2994 lanigero
2424 2925 2602 2976 vellem
2643 2935 2788 2981 wie

1766 3012 1879 3060 ovis.
1901 3007 2020 3059 Dici
2041 3007 2182 3059 enim
2195 3006 2407 3076 proprie
2424 3003 2660 3060 debebat
2670 3012 2789 3061 ovis

1767 3089 1982 3155 lanigera
2015 3099 2066 3138 et
2098 3086 2262 3137 vellus
2290 3105 2500 3137 aureum.
2541 3086 2630 3138 Ne
2667 3093 2794 3159 quis

1766 3187 1892 3218 vero
1933 3181 2037 3218 tam
2072 3164 2440 3218 humiliterde
2463 3166 2636 3236 poetis
2666 3187 2790 3221 sen-

1768 3248 1891 3309 tiat,
1935 3259 1989 3297 ut
2029 3245 2084 3296 in
2124 3245 2194 3305 iis.
2226 3257 2430 3297 tantum
2467 3245 2598 3298 locis
2627 3248 2791 3301 ‘hanc

1767 3326 2123 3396 epithetorum
2152 3325 2217 3375 ab
2242 3324 2343 3376 illis
2369 3323 2654 3377 admissam
2678 3347 2791 3381 esse

1766 3407 2047 3458 arbitretur
2067 3404 2511 3475 permutationem
2525 3443 2540 3467 ‚
2557 3405 2652 3457 ubi
2681 3426 2793 3459 me-

1767 3499 1906 3542 trum
1941 3484 2084 3537 illam
2115 3484 2376 3552 exigeret,
2405 3503 2570 3536 unum
2596 3488 2792 3539 saltem

1766 3584 1836 3616 ex
1883 3564 2135 3616 sexcentis
2179 3582 2377 3633 ponam
2427 3565 2742 3634 exemplum
2773 3588 2790 3617 t

1767 3644 1949 3696 Horat.
1985 3641 2088 3695 Od.
2125 3644 2183 3706 1,
2213 3644 2282 3694 28
2305 3681 2322 3706 ‚
2359 3646 2475 3697 18:
2510 3645 2694 3697 Exitio
2722 3660 2796 3696 est

1768 3725 1954 3776 avidum
1999 3742 2126 3773 mare
2161 3725 2323 3773 nautis
2359 3743 2377 3775 .·
2415 3723 2583 3775 noluit
2623 3725 2799 3793 igitur

1768 3804 2048 3868 Horatiu3‚
2086 3800 2231 3873 quod
2277 3816 2519 3873 poterat,
2556 3806 2800 3857 scribere

1768 3885 1938 3935 avidis.
1963 3882 2138 3946 Quam
2158 3880 2375 3951 quidem
2401 3894 2689 3954 poetarum
2710 3904 2804 3936 ra-

1767 3965 1965 4016 tionem
1989 3980 2153 4032 quum
2175 3960 2492 4032 plerumque
2518 3963 2664 4015 ferre
2687 3984 2808 4016 ιιοιι

1764 4055 1975 4114 possent
2003 4060 2190 4093 eorum
2216 4041 2565 4112 interpretes,
2589 4043 2809 4114 ubique

1767 4125 1875 4176 sere
1914 4118 2173 4193 ejusmodi
2207 4121 2362 4181 locos
2397 4122 2465 4174 ab
2501 4122 2566 4175 iis
2607 4123 2809 4193 impu-
