2986 4935
731 499 879 579 2¹4

1259 498 1335 562 C.
1378 493 1812 564 VALERII
1873 498 2333 566 CATULLI

832 630 1283 721 Quatiensque
1321 643 1508 722 terga
1546 632 1717 696 tauri
1754 631 1997 697 teneris
2034 653 2199 697 cava
2234 630 2453 723 digitis
2477 686 2494 715 ‚

834 735 1091 802 Canere
1125 734 1265 803 haec
1301 737 1434 802 suis
1480 733 1711 802 adorta
1751 752 1850 803 est
1893 735 2329 803 tremebunda
2375 738 2756 807 comitibus:

843 868 877 901 (ι
901 842 1126 935 Agite,
1172 842 1259 909 ite
1301 839 1385 909 ad
1423 839 1588 925 alta,
1619 840 1862 927 Gallae,
1899 840 2178 935 Cybeles
2224 865 2499 909 nemora
2546 844 2770 930 simul;

831 946 1036 1014 Simul
1081 949 1205 1029 ite,
1252 946 1688 1038 Dindymenae
1730 946 2012 1015 dominae
2054 972 2222 1042 vaga
2262 971 2548 1042 pecora,

726 1129 1120 1186 accommodata
1137 1126 1327 1181 additis
1339 1128 1512 1179 verbis
1531 1139 1635 1188 tua,
1650 1145 1747 1177 ma·

733 1227 834 1275 ter,
871 1214 1041 1271 ἱηὶιία,
1081 1208 1399 1281 quemlibet,
1430 1203 1499 1257 ad
1530 1206 1749 1258 virtutes

729 1291 963 1364 poeticas
976 1289 1157 1359 paullo
1171 1286 1470 1357 diligentius
1480 1283 1749 1338 attenden-

727 1385 862 1435 tem,
891 1371 1039 1422 facile
1066 1385 1338 1421 sensurum
1367 1384 1474 1417 esse
1498 1365 1744 1417 arbitror.

729 1485 807 1494 —
829 1452 862 1504 J
867 1470 962 1504 ure
983 1447 1199 1521 quidem
1228 1448 1280 1497 in
1303 1445 1406 1497 hoc
1429 1464 1584 1496 versu
1609 1445 1741 1506 tuba,

729 1534 880 1602 cujus
895 1530 1137 1599 nuspiam
1162 1529 1212 1577 in
1240 1527 1400 1578 sacris
1421 1524 1646 1593 Cybeles
1663 1524 1744 1576 di-

727 1625 861 1664 serte
889 1609 1084 1661 mentio
1113 1608 1196 1670 fit,
1221 1608 1274 1659 in
1297 1606 1487 1676 quibus
1510 1623 1619 1655 non
1647 1606 1745 1656 nisi

727 1703 1019 1761 tympanum,
1048 1689 1332 1759 cymbalum,
1361 1688 1498 1745 tibia,
1528 1703 1673 1734 corma
1696 1699 1749 1736 et

727 1772 958 1822 crotalum
986 1765 1393 1819 commemorari
1420 1764 1617 1826 solent,
1645 1763 1744 1817 du-

724 1851 1032 1903 bitationem
1067 1865 1279 1898 movere
1299 1857 1464 1917 potest
1478 1884 1493 1907 ,
1516 1842 1607 1895 sed
1625 1862 1747 1913 pro·

726 1930 862 1982 fecto
893 1929 1049 1997 hujus
1079 1925 1419 1978 dubitationis
1454 1922 1745 1975 eximendae

728 2029 908 2072 causa,
937 2026 1046 2060 non
1084 2004 1150 2058 ad
1188 2007 1418 2075 ineptam
1448 2003 1744 2073 explicandi

727 2091 984 2143 rationem
1003 2126 1019 2149 ,
1050 2086 1195 2158 quasi
1223 2086 1382 2137 Poeta
1421 2101 1519 2135 nos
1552 2081 1743 2134 docere

730 2169 986 2231 voluerit,
1013 2181 1323 2237 tympanum
1354 2163 1495 2214 tubae
1521 2164 1661 2214 vices
1687 2163 1740 2212 in

729 2251 884 2302 sacris
923 2248 1147 2318 Cybeles
1178 2244 1424 2306 subiisse,
1460 2244 1742 2310 confugere

727 2328 997 2381 debemus.
1025 2328 1219 2376 Notatu
1246 2324 1436 2391 dignus
1458 2321 1631 2391 potius
1656 2323 1741 2373 hic

725 2411 872 2461 locus
901 2405 1141 2467 videtur,
1162 2402 1306 2474 quod
1341 2401 1499 2451 tubam
1530 2400 1620 2462 [de
1650 2420 1739 2452 cu-

728 2494 809 2559 jus
853 2490 905 2537 in
943 2486 1056 2538 aliis
1087 2483 1242 2534 sacris
1279 2501 1375 2534 usu
1413 2481 1518 2532 vid.
1557 2484 1743 2533 Liusius

728 2567 795 2620 de
823 2567 978 2617 Milit.
1013 2567 1167 2616 Rom.
1201 2563 1298 2625 IV,
1336 2559 1424 2620 ιο]
1456 2561 1594 2612 tibiae
1624 2561 1742 2613 locu

728 2647 793 2699 ad
841 2647 1184 2695 instrumenta
1225 2642 1278 2691 in
1320 2641 1475 2690 sacris
1522 2641 1745 2710 Cybeles

727 2737 975 2793 usurpata
1000 2723 1084 2774 hic
1114 2720 1326 2771 relatam
1360 2721 1741 2788 cognoscimus,

728 2803 935 2870 Quodsi
967 2815 1141 2853 autem
1169 2799 1273 2850 hoe
1297 2812 1373 2850 est
1391 2837 1405 2861 ‚
1432 2818 1530 2868 pro
1556 2811 1741 2869 tympa-

731 2906 869 2944 num,
912 2883 1108 2951 partim
1145 2880 1216 2930 ob
1252 2881 1362 2946 ejus
1391 2880 1646 2947 ingratam
1681 2897 1741 2929 ex

727 2983 879 3017 versu
899 2960 1155 3032 superiori
1175 2959 1540 3027 repetitionem
1555 2996 1568 3019 ,
1597 2953 1742 3027 (quis

725 3046 866 3098 enim
888 3044 941 3095 in
966 3042 1069 3094 hoc
1090 3041 1208 3091 loco
1229 3034 1566 3090 ἀναὸίπλωσιν
1588 3055 1743 3104 agno-

726 3122 899 3181 scat?)
942 3121 1133 3190 partim
1167 3120 1237 3170 oh
1264 3136 1398 3169 vers.
1443 3136 1507 3168 21
1548 3129 1597 3167 et
1635 3133 1703 3183 29
1728 3155 1741 3179 ‚

726 3204 991 3275 cymbalmn
1038 3200 1136 3269 legi
1175 3199 1421 3254 mallem3
1466 3195 1563 3249 nisi
1605 3208 1743 3247 totus

726 3285 813 3337 hic
836 3299 1045 3343 versus,
1066 3293 1123 3330 ut
1147 3277 1277 3329 mihi
1301 3276 1540 3338 videtur,
1563 3275 1628 3325 ab
1652 3274 1743 3325 ho-

727 3364 870 3416 mine
902 3357 1119 3412 indocto
1150 3371 1201 3408 et
1234 3357 1369 3409 male
1401 3354 1584 3407 sedulo
1603 3387 1617 3410 ‚
1652 3355 1743 3423 qui

726 3455 912 3496 caetera
931 3439 1123 3490 horum
1143 3454 1409 3488 sacrorum
1430 3435 1745 3486 instrumen-

725 3537 776 3574 ta
801 3518 1148 3574 desideraret.
1179 3515 1527 3585 interpolatus
1553 3522 1741 3583 putan-

722 3601 822 3654 dus
849 3601 929 3652 sit.
964 3629 1044 3641 —-
1076 3596 1272 3668 Qy‘belle
1291 3614 1308 3646 .-
1333 3593 1401 3645 de
1418 3594 1561 3644 varia
1588 3591 1743 3660 hujus

721 3681 867 3733 vocis
895 3676 1156 3732 scribendi
1184 3676 1386 3727 ratione
1408 3712 1423 3731 ,
1450 3692 1515 3724 ex
1538 3689 1645 3742 qua
1669 3688 1742 3722 se·

721 3759 891 3815 cunda
931 3756 1094 3810 modo
1139 3755 1342 3818 brevis,
1381 3750 1546 3803 modo
1584 3753 1741 3820 longa

717 3848 795 3892 'est
807 3880 821 3904 ,
836 3836 1098 3891 videndus
1112 3836 1330 3887 omnino
1351 3831 1735 3882 Dmckenhorch.

717 3919 785 3973 ad
811 3921 906 3973 Sil.
937 3918 1050 3969 Ital.
1087 3914 1280 3976 XVII,
1312 3913 1345 3963 8
1365 3948 1377 3965 ‚
1416 3923 1466 3961 et
1501 3928 1633 3981 quos
1664 3909 1737 3960 ibi

716 3999 916 4052 laudat.
979 3993 1130 4048 Adde
1196 3993 1366 4065 Heync
1424 3989 1490 4041 ad
1546 3988 1733 4059 virgil.

1837 1139 1965 1178 tasse
1985 1127 2057 1179 ita
2072 1166 2087 1193 ,
2105 1127 2251 1198 quod
2273 1128 2339 1179 iis
2362 1126 2430 1179 od
2451 1125 2746 1183 feliciorem
2764 1144 2853 1184 sta-

1839 1218 1951 1257 tum
1970 1224 2023 1257 se
2040 1206 2237 1258 initiari
2254 1209 2512 1277 putebant
2529 1208 2794 1263 homines.

1924 1302 2007 1337 ro.
2041 1286 2177 1339 Cava
2211 1300 2346 1356 terga
2374 1293 2505 1340 taur-1·
2516 1329 2533 1351 ,
2571 1300 2851 1362 tympana:

1837 1366 2075 1435 exempla
2101 1366 2258 1437 hujus
2283 1367 2568 1419 locutionis
2589 1368 2699 1422 vid.
2722 1371 2853 1441 apud

1837 1443 2004 1515 Vulp.
2030 1476 2108 1489 -—-·
2126 1448 2304 1515 βύρσης
2324 1449 2547 1518 ταυρείου
2571 1454 2734 1505 κενεὸν
2758 1447 2856 1503 δοῦ·

1836 1544 1927 1575 πον
1963 1526 2202 1595 tympani
2240 1526 2469 1578 sonitum
2516 1542 2673 1582 vocat
2716 1531 2855 1583 Anti-

1838 1615 1986 1673 pater
2011 1603 2259 1658 Sidonius
2284 1607 2340 1656 in
2374 1607 2525 1659 Anal.
2556 1608 2684 1661 Vet.
2717 1610 2855 1663 Poet.

1837 1683 2004 1735 Graec.
2036 1685 2289 1737 Brunckii
2316 1686 2562 1749 XXVII,
2595 1706 2666 1740 υ
2689 1729 2707 1754 ,
2737 1702 2854 1743 tom.
2956 1713 2958 1728 ¹

1836 1763 1915 1823 11,
1942 1782 1995 1833 p.
2030 1764 2410 1816 13.-—Teneris
2437 1766 2609 1835 digitis
2630 1787 2652 1821 :
2678 1787 2856 1840 petcu·
2956 1811 2958 1842 :

1835 1842 2101 1895 tiebantur
2141 1845 2283 1895 enim
2327 1858 2579 1917 tympana
2620 1849 2858 1902 manibus
2956 1847 2958 1876 ³

1835 1922 1915 1972 vel
1940 1921 2134 1992 digitis.
2156 1923 2237 1975 Cf.
2265 1925 2464 1987 LXIV,
2489 1929 2593 1981 ²62
2610 1966 2626 1990 ,
2650 1928 2855 1980 Lucret.

1835 2003 1919 2062 11,
1975 2005 2086 2056 618
2110 2044 2125 2064 ‚
2170 2002 2331 2056 Ovid.
2382 2004 2514 2057 Fast-
2559 2006 2664 2070 ΠΙ,
2713 2007 2819 2070 34²
2845 2048 2856 2069 ,

1840 2081 1969 2132 Met.
2000 2083 2099 2145 IV,
2138 2102 2227 2151 ²9·

1922 2180 1943 2213 1
1963 2180 1982 2214 1
1997 2201 2008 2214 .
2039 2163 2361 2215 Tremebunda
2378 2202 2393 2226 ,
2412 2176 2524 2217 toto
2542 2177 2775 2236 oorpoffi
2793 2167 2856 2217 ob

1833 2241 2072 2292 furorem
2106 2254 2352 2294 tremens.

1922 2341 1939 2373 1
1957 2345 2009 2372 υ.
2061 2320 2241 2373 Gallae.
2293 2323 2431 2373 Galli
2474 2324 2623 2376 enim
2646 2362 2665 2389 ,
2720 2324 2855 2396 quod

1834 2418 1954 2451 cum
1989 2399 2230 2451 virilibus
2261 2403 2502 2455 habitum
2528 2421 2754 2476 quoque
2785 2405 2858 2456 vi·

1834 2481 1983 2531 rilem
2024 2479 2381 2551 deponerent,
2421 2484 2616 2553 passim
2651 2498 2716 2537 ut
2748 2496 2855 2537 mu·

1835 2561 1984 2610 lieres
2007 2579 2036 2613 a
2061 2561 2324 2613 veteribus
2353 2560 2710 2617 inducuntur.
2738 2564 2856 2617 Vid.

1834 2638 1981 2691 Voss.
2008 2640 2092 2691 cui
2127 2638 2264 2692 adde
2301 2642 2547 2712 inprimis
2576 2643 2759 2695 Heius.
2786 2644 2849 2696 td

1834 2718 1932 2769 Ov.
1948 2720 2073 2770 Her.
2094 2721 2189 2780 [V.
2211 2722 2297 2780 258.
2316 2720 2731 2793 *Alloquutus
2748 2742 2860 2776 suos

1831 2800 2046 2849 comites
2063 2838 2076 2857 ,
2115 2811 2279 2850 mutat
2315 2817 2508 2869 genus,
2538 2813 2601 2854 ut
2621 2815 2753 2872 pote
2773 2805 2861 2873 qui

1831 2878 2054 2928 eviratos
2066 2878 2488 2947 compelletnrs.
2501 2898 2524 2933 1
2535 2899 2591 2949 7.
2607 2882 2705 2935 Sic
2715 2884 2857 2953 Virg.

1832 2959 1950 3006 AEn.
1979 2958 2083 3020 IX,
2121 2962 2249 3026 617,
2285 2959 2496 3027 probris
2524 2958 2859 3015 lacessentem

1832 3036 2003 3087 hostes
2023 3035 2325 3088 bellatorem
2353 3036 2587 3091 inducit:
2617 3040 2711 3093 «Ο
2742 3058 2858 3094 vene

1831 3114 2104 3186 Phrygia,
2155 3133 2329 3186 neque
2365 3117 2510 3169 enim
2548 3118 2810 3191 Phryges.
2831 3144 2854 3167 ι

1831 3194 2039 3247 Nomen
2071 3194 2327 3247 Gallorum
2353 3196 2594 3267 elingua
2621 3200 2858 3272 phrygia

1832 3290 1988 3343 quam
2031 3274 2187 3325 fuisse
2228 3272 2468 3328 eamdem
2500 3289 2667 3349 atque
2690 3296 2859 3332 arme-

1831 3353 2032 3405 niamm
2059 3353 2245 3406 illustr.
2262 3353 2505 3408 Freretue
2529 3355 2758 3423 docuit,
2776 3358 2861 3411 ille

1831 3430 2072 3496 deducit,
2113 3431 2373 3502 siquidem
2410 3452 2471 3486 ea
2500 3434 2686 3507 lingua
2724 3434 2856 3493 ωε·

1832 3512 1933 3562 toul
1950 3522 2223 3583 torquere,
2250 3512 2461 3567 Galam:
2488 3526 2587 3569 orl
2610 3528 2668 3570 et
2696 3527 2862 3572 ‘titen-

1831 3591 1925 3642 brn
1961 3605 2108 3644 motu
2136 3591 2501 3663 distorquens,
2536 3593 2675 3650 dant
2699 3599 2860 3668 dgni-

1828 3669 2087 3723 floetione.
2116 3669 2252 3724 Inde
2282 3673 2338 3724 in
2365 3673 2543 3727 latiam
2574 3674 2745 3729 lexim
2770 3674 2859 3730 de-

1828 3762 1963 3801 torta
1985 3769 2086 3803 vox
2107 3750 2356 3822 phrygia.
2378 3769 2556 3824 neque
2578 3768 2613 3807 e
2635 3754 2863 3810 flumine

1828 3828 1984 3881 Gallo
1999 3868 2015 3892 ,
2035 3828 2182 3899 quod
2208 3830 2573 3884 Pessinuntem
2586 3838 2862 3904 proten-l·-

1828 3908 1997 3971 bitur,
2042 3927 2236 3961 nomen
2287 3909 2455 3963 Gallis
2503 3924 2859 3986 assumptum.

1826 3986 1953 4039 Vid.
1980 3988 2141 4039 Mem.
2168 3987 2332 4042 Acad.
2354 3989 2479 4043 inse.
2515 4003 2569 4042 et
2588 3992 2719 4046 beu.
2748 3994 2859 4047 lett.

725 4077 928 4131 AEneid.
953 4078 1061 4139 111,
1094 4084 1156 4127 n
1175 4091 1226 4135 ι,
1255 4073 1312 4122 in
1336 4071 1464 4121 Var.
1491 4070 1633 4120 Lect.
1657 4102 1735 4109 --
1822 4078 1951 4119 tom.
1985 4067 2199 4128 xxm,
2234 4068 2354 4122 hist.
2378 4087 2433 4138 p.
2460 4077 2548 4132 41.
2575 4071 2648 4124 N.

717 4158 865 4209 Initia
884 4198 898 4217 ,
939 4173 1080 4207 sacra
1097 4192 1114 4217 ,
1146 4151 1391 4224 mysteria
1410 4189 1425 4212 ,
1462 4147 1601 4201 dictu
1627 4149 1734 4199 for-

1912 4165 1930 4199 ι
1947 4148 1996 4199 3.
2024 4144 2581 4216 Va‘gapeceomvenet.
2598 4182 2681 4194 ——
2700 4155 2860 4205 Dina.
