2986 4935
547 420 812 485 VITA
872 418 944 483 C.
986 416 1410 482 VALERII
1470 418 1956 485 CATULLI.

2254 419 2337 491 15

691 614 906 630 ......
933 581 1111 633 Parios
1137 598 1236 650 ego
1261 580 1465 650 primus
1495 579 1700 631 iambos

685 671 911 727 Ostendi
940 672 1090 726 Latio
1105 704 1278 719 .....

204 831 644 920 Hieronymus
699 825 953 917 Lyrieis
1007 822 1444 889 adnumerat:
1480 820 1758 915 reliqui,
1811 825 2344 917 Epigrammato-

205 933 483 1028 graphis.
528 934 679 1024 Ego
712 955 912 1015 vero,
950 930 1002 997 si
1041 927 1241 996 modo
1277 928 1371 995 fas
1401 941 1502 996 est
1528 951 1741 995 meam
1783 934 2171 1000 sententiam
2201 958 2349 1029 ape-

210 1042 364 1122 rire,
397 1038 599 1107 variis
629 1037 850 1132 potius
880 1035 1346 1128 adjungerem3
1378 1059 1532 1102 nam
1561 1048 1739 1103 certe
1769 1035 1834 1102 in
1865 1036 2004 1128 ejus
2024 1044 2348 1132 poematis

211 1143 525 1215 nonnulla
563 1142 891 1212 excedunt
920 1142 1429 1235 Epigrammatis
1464 1140 1757 1208 modum.
1797 1143 2176 1239 Ambigitur
2196 1147 2347 1240 jure

210 1278 247 1320 a
281 1248 617 1321 nonnullis
643 1303 662 1334 ,
703 1262 928 1318 utrum
969 1248 1111 1316 haec
1152 1245 1364 1315 solum
1409 1245 1731 1340 paucula,
1788 1274 1934 1340 quae
1989 1251 2186 1320 hodie
2236 1280 2315 1323 ex

211 1372 421 1442 stant,
467 1358 553 1424 ab
597 1354 709 1424 illo
756 1357 1001 1448 scripta
1037 1354 1321 1437 fuerint,
1367 1377 1450 1419 an
1496 1378 1657 1421 vero
1698 1352 1891 1447 longe.
1923 1357 2113 1449 plura
2139 1410 2156 1444 ‚
2205 1387 2349 1453 quae

212 1478 504 1533 vetustas
547 1463 740 1530 nobis
783 1459 1135 1529 inviderit.¹
1180 1464 1424 1528 Ansam
1462 1460 1544 1527 ad
1588 1460 2023 1532 dubitandum
2068 1464 2181 1534 dat
2224 1468 2351 1536 Pli-

212 1572 399 1657 nius,
455 1571 571 1663 qui
612 1568 693 1636 de
747 1567 1263 1635 Incantamentis
1318 1566 1564 1660 aliquid
1603 1591 1642 1633 a
1693 1570 1962 1639 Catullo
2007 1587 2345 1641 exaratum

213 1797 401 1849 genere
414 1778 498 1830 usi
513 1778 737 1830 fuerant.
757 1778 826 1828 At
839 1776 1110 1828 neminem
1124 1774 1238 1845 opi·

213 1879 313 1911 nor
337 1860 576 1928 priorem
598 1857 825 1909 Horatio
850 1857 933 1907 vel
972 1855 1239 1908 satiricum

214 1957 458 2002 armen,
494 1956 646 1989 more
680 1935 1021 1999 Archilochi,
1053 1935 1240 1988 iambis

214 2017 519 2072 condidisse
540 2007 787 2088 (Epod.),
806 2015 890 2070 vel
920 2016 1141 2067 iambica
1164 2016 1240 2085 ly-

216 2099 370 2161 ricis,
405 2098 707 2150 inseruisse.
740 2099 809 2148 At
842 2093 1241 2165 reprehenden-

217 2178 319 2231 dus
346 2178 453 2230 alio
482 2177 700 2230 nomine
737 2175 870 2227 mihi
908 2174 1119 2227 videtur
1138 2174 1245 2224 Ho-

216 2259 414 2319 ratius,
459 2255 609 2328 quod
649 2257 828 2309 multis
869 2255 924 2306 in
970 2255 1101 2307 locis
1143 2254 1243 2306 sibi

218 2338 502 2408 glorietur,
523 2337 677 2408 quasi
690 2342 892 2407 primus
916 2348 1038 2387 ante
1060 2351 1246 2384 omnes

220 2420 276 2470 in
292 2419 507 2471 Latium
521 2436 770 2470 numeros
783 2413 1078 2488 modosque
1093 2415 1247 2487 Lyrae

219 2499 396 2552 Graiae
440 2499 724 2560 imulerit,
762 2495 1010 2548 videlicet
1052 2496 1247 2546 oblitus

219 2579 449 2642 Catulli,
483 2578 676 2647 optimi
708 2596 830 2630 sane
857 2575 1115 2638 fidicinis,
1146 2575 1246 2626 nisi

221 2679 330 2711 non
361 2658 731 2711 dulcissimum
759 2669 1007 2708 resonent
1038 2674 1154 2725 quae
1181 2653 1248 2705 ad

222 2738 498 2800 Lesbiam,
520 2751 575 2790 et
592 2738 849 2790 Manlium
863 2775 878 2799 ,
899 2749 950 2786 et
974 2735 1245 2786 Aurelium

217 2819 463 2871 canebat.
497 2819 561 2869 N.

314 2916 335 2948 1
348 2938 362 2949 .
377 2896 753 2949 Dubitandum
775 2895 991 2946 minime
1005 2906 1097 2956 est,
1114 2911 1252 2963 opus

223 2977 428 3031 Catulli
461 2975 529 3028 ad
559 2996 656 3028 nos
678 2976 907 3027 lacerum
933 2973 1250 3044 pervenisse.

222 3059 411 3126 Longe
439 3056 584 3107 enim
614 3056 767 3127 plura
799 3054 1064 3125 scripsisse
1095 3064 1253 3102 testes

224 3150 359 3190 sunt
399 3149 606 3189 veteres
649 3134 1026 3197 Grammatici,
1057 3132 1150 3204 qui
1187 3131 1254 3184 de

222 3220 341 3287 ejus
370 3216 650 3287 poematiis
679 3234 739 3267 ea
770 3214 1103 3286 producunt,
1136 3231 1255 3282 quae

225 3296 394 3349 hodie
412 3316 520 3347 non
541 3309 761 3348 exstant.
777 3298 960 3366 Itaque
977 3292 1115 3363 apud
1134 3292 1255 3342 Vir-

222 3370 653 3448 gilium(AEn.V,
669 3373 821 3444 609),
830 3395 922 3443 per
940 3373 1070 3424 mille
1081 3372 1255 3423 colori-

223 3458 316 3508 bus
356 3476 549 3517 arem,
598 3455 674 3507 ibi
703 3455 921 3507 Servius
954 3471 967 3505 :
1006 3453 1085 3503 De
1125 3452 1258 3503 Iride

222 3557 395 3589 arctam
425 3541 475 3588 in
498 3555 672 3604 genere
701 3535 958 3586 masculino
986 3532 1116 3583 dixit
1144 3533 1259 3583 Vir-

218 3620 415 3687 gilius,-
449 3617 677 3669 Catullus
711 3628 758 3665 et
798 3615 886 3665 alii
916 3617 965 3663 in
994 3614 1252 3677 feminina,

221 3701 491 3764 resi-rentes
508 3697 581 3747 ad
600 3699 853 3765 originem.
877 3693 1039 3763 Atqui
1062 3694 1162 3744 tale
1182 3691 1261 3742 ni-

218 3778 304 3831 hil
322 3776 493 3831 hodie
517 3778 572 3829 in
598 3773 923 3828 Catullianis.
940 3805 1018 3814 ——
1038 3773 1260 3825 Praeter-

218 3877 286 3910 α
340 3860 458 3930 ejus
517 3875 660 3928 opus
708 3852 920 3906 videtur
968 3852 1025 3903 in
1073 3869 1262 3923 genera

218 3939 533 3992 carminum
566 3935 822 3988 distincta
854 3933 1036 3996 fuisse,
1067 3933 1264 3983 Hende·

215 4019 527 4090 cas'rllahos,
586 4017 804 4068 Her-oica
822 4055 835 4072 .
889 4015 1063 4084 Lyrica
1078 4053 1092 4075 ,
1144 4013 1266 4063 Ele,

212 4106 383 4165 giaco.
412 4101 610 4169 Itaque
631 4094 909 4150 Charisius
936 4094 1062 4145 c³tat
1091 4092 1269 4144 Catul-

1325 1776 1436 1826 lum
1476 1780 1525 1825 in
1558 1777 2021 1847 Hendecasyllahis;
2051 1781 2198 1852 quod
2225 1802 2350 1836 sane

1326 1874 1434 1906 non
1461 1856 1694 1921 fecisset,
1717 1857 1819 1908 nisi
1837 1858 1910 1909 ita
1935 1861 2197 1913 tributum
2228 1864 2355 1916 fuis·

1329 1949 1406 1986 set
1453 1936 1722 1988 volumen.
1783 1939 1982 1990 Rursus
2033 1940 2175 2010 apud
2222 1944 2350 1995 Vir-

1326 2015 1514 2085 gilium
1547 2017 1769 2085 lcgimus
1794 2019 1865 2077 Et
1887 2039 1978 2089 quo
2006 2032 2049 2070 te
2072 2022 2227 2072 dicam
2250 2044 2355 2074 car-

1328 2097 1488 2145 mine?
1539 2097 1620 2146 Ibi
1677 2097 1892 2148 Servius
1939 2099 2132 2163 refert,
2173 2103 2351 2172 virgi·

1329 2175 1658 2245 lium,quum
1681 2177 1835 2227 sciret
1853 2177 2147 2230 Rhaeticum
2169 2183 2351 2234 vinum

1331 2274 1669 2324 summopere
1681 2254 1882 2307 laudari
1894 2276 1919 2307 a
1937 2256 2156 2324 Catone,
2168 2275 2353 2314 contra

1334 2347 1508 2385 autem
1527 2335 1816 2404 vituperari
1837 2354 1863 2386 a
1880 2337 2090 2390 Catullo
2104 2379 2118 2402 ,
2139 2361 2205 2393 ne
2223 2361 2277 2394 se
2295 2343 2352 2393 in

1335 2433 1447 2464 eam
1464 2412 1842 2467 dissensionem
1857 2416 2242 2490 interponeret,
2254 2422 2357 2475 hoc

1335 2494 1498 2547 modo
1524 2496 1760 2547 locutum
1790 2499 1969 2568 :atqui
1994 2500 2048 2549 in
2079 2500 2355 2555 hodiernis

1336 2576 1643 2627 Catullianis
1675 2577 1821 2627 nulla
1857 2590 1984 2629 nota
2013 2581 2125 2648 ejus
2156 2583 2234 2633 rei
2266 2603 2355 2634 ex-

1337 2667 1451 2706 stat.
1498 2656 1738 2725 Denique
1781 2657 1988 2709 Nonius
2029 2678 2090 2710 ex
2130 2661 2355 2728 Priapeo

1338 2735 1534 2787 Catulli
1559 2734 1773 2786 adducit
1796 2736 1855 2786 de
1874 2757 1973 2787 meo
1992 2739 2190 2807 ligurire
2208 2742 2357 2792 libido

1338 2827 1420 2865 est.
1442 2815 1619 2877 Quare
1638 2814 1926 2867 admodum
1952 2819 2197 2870 mutilum
2223 2840 2359 2891 opus

1343 2895 1696 2944 Catullianum
1724 2893 1790 2944 ad
1816 2915 1909 2948 nos
1932 2889 2234 2965 pervenisse
2259 2903 2358 2953 nii-

1341 2975 1480 3025 nime
1525 2973 1751 3025 dubium
1789 2989 1884 3027 est.
1923 2976 2067 3039 Quid
2109 2993 2358 3048 praeterea

1339 3053 1507 3105 dicam
1523 3093 1536 3116 ,
1557 3073 1671 3124 quae
1692 3053 1814 3105 citat
1835 3074 1897 3104 ex
1915 3057 2123 3109 Catullo
2140 3060 2360 3112 Maurus

1340 3134 1691 3185 Terentianus
1705 3173 1717 3194 ,
1736 3153 1852 3203 quae
1873 3153 2128 3205 nusquam
2151 3153 2360 3211 compa·

1340 3213 1489 3263 rent?
1507 3214 1628 3264 Haec
1645 3211 1712 3264 de
1724 3214 2048 3266 carminibus
2061 3218 2253 3271 Catulli
2267 3220 2362 3273 de-

1340 3290 1563 3362 perditis
1575 3294 1607 3343 J
1611 3312 1683 3344 os.
1703 3293 1930 3361 Scaliger
1943 3333 1956 3357 ,
1973 3297 2169 3365 quibus
2187 3300 2363 3370 inepte

1342 3371 1557 3441 quidam
1587 3374 1800 3422 Phasma
1826 3386 1877 3424 et
1905 3375 2186 3427 Laureolum
2214 3399 2243 3430 e
2264 3382 2294 3430 J
2301 3401 2361 3432 u·

1342 3454 1525 3503 venale
1572 3470 1631 3503 ac
1673 3453 2001 3505 Tertulliano
2046 3454 2362 3528 adjungunt.

1345 3531 1472 3582 Vid.
1491 3531 1630 3584 Sam.
1647 3532 1875 3584 Petitum
1893 3532 1956 3584 ad
1970 3535 2131 3605 Leges
2145 3539 2363 3603 Atticas,

1345 3631 1400 3681 p.
1435 3612 1543 3674 ²45
1574 3630 1719 3682 sqq„
1747 3624 1800 3663 et
1828 3614 2115 3665 Pamelium
2143 3615 2210 3668 ad
2238 3620 2365 3670 Ter-

1347 3692 1550 3743 tullian.
1596 3711 1641 3743 c.
1693 3698 1756 3753 πά
1779 3729 1794 3752 ,
1832 3705 2011 3744 contra
2039 3696 2364 3750 Valentinia-

1346 3791 1462 3823 nos.
1493 3772 1702 3821 Phasma
1730 3772 1800 3834 Q.
1836 3774 2027 3826 Lutatii
2061 3776 2281 3840 Catulli,
2311 3791 2364 3830 et

1352 3851 1634 3902 Laureolum
1656 3852 1825 3902 Naevii
1850 3853 1932 3903 vel
1959 3855 2199 3917 Laberii,
2232 3876 2365 3909 neu·

1353 3945 1496 3983 trum
1512 3950 1636 3982 vero
1661 3932 1846 3984 Catulli
1867 3952 2003 3993 esse,
2023 3935 2243 3988 eruditis
2260 3941 2366 4007 jam

1354 4023 1613 4063 notatum.
1633 4041 1713 4054 —-
1732 4012 1959 4064 Carmen
1990 4016 2185 4067 Catulli
2208 4019 2266 4068 de
2293 4025 2368 4070 in-

1358 4097 1665 4142 cantamentis
1690 4093 1814 4144 citat
1841 4094 1975 4145 Plin.
2001 4095 2237 4147 XXVIII
2256 4136 2268 4160 ,
2301 4119 2324 4149 τι
2353 4119 2363 4150 :
