2986 4935
1635 445 1909 465 m

471 665 645 752 DE
708 664 1101 756 COMA
1164 664 1942 756 BERENICES

285 898 1364 1008 mssERTATIO
1438 874 2140 1007 ITALICA.'

279 1336 457 1385 uun
499 1314 567 1382 in
603 1337 684 1382 eo
723 1337 1049 1401 essemus,
1085 1326 1162 1381 ut
1197 1311 1344 1382 finis
1385 1312 1541 1383 huic
1581 1310 1752 1382 libro
1792 1312 2278 1407 imponeretur,

131 1422 413 1517 egregio
450 1419 863 1489 bibliothecae
898 1418 1336 1489 Classicorum
1378 1418 1769 1489 Latinorum
1806 1418 2076 1490 edendae
2110 1446 2279 1516 prae-

137 1529 304 1615 sidi,
335 1530 448 1623 qui
485 1527 662 1595 unde
698 1525 874 1595 unde
913 1526 1215 1596 conradit
1248 1526 1504 1616 omnia,
1535 1525 1775 1621 quibus
1806 1526 2127 1599 Collectio
2163 1553 2281 1598 sua

138 1634 265 1704 fiat
300 1634 587 1719 auctior,
625 1648 692 1701 et
728 1632 1027 1702 omnium
1067 1633 1542 1727 cujuscumque
1585 1633 1875 1703 auctoris
1913 1633 2273 1703 editionum

139 1743 327 1811 vices
368 1765 448 1810 ac
485 1739 703 1809 locum
749 1737 1136 1833 adimpleat,
1167 1741 1495 1807 succurrit
1529 1738 1818 1807 secundo
1858 1754 1923 1807 et
1962 1742 2275 1810 vicesimo

139 1848 392 1916 abhinc
452 1871 628 1915 anno
683 1846 1003 1941 prodiisse
1049 1845 1495 1913 doctissimam
1542 1844 1624 1912 de
1667 1846 1988 1933 carmine,
2033 1850 2140 1915 cui
2197 1847 2283 1916 ab

143 1978 346 2023 coma
368 1954 713 2022 Berenices
735 1951 963 2021 titulus
984 1950 1270 2038 ducitur,
1297 1949 1825 2019 lucubrationem
1840 2005 1860 2039 ,
1880 1951 2093 2021 italice
2117 1953 2282 2021 scri-

143 2075 370 2157 ptam,
400 2074 630 2129 autore
676 2064 825 2153 Ugo
859 2059 1193 2145 Foscol0,·
1227 2082 1372 2152 quae
1409 2057 1576 2125 adeo
1612 2081 1796 2144 rara,
1829 2072 1905 2126 ut
1944 2056 2043 2127 vel
2083 2060 2153 2128 in
2184 2059 2283 2127 bi-

145 2165 503 2237 bliothecis
538 2165 818 2262 publicis
854 2164 1295 2250 desideretur,
1333 2188 1457 2233 nec
1511 2177 1768 2233 tantum
1812 2164 1964 2233 inde
2000 2166 2285 2259 pretium

146 2274 375 2344 habet.
429 2276 663 2367 Itaque
701 2270 932 2341 lectori
985 2270 1158 2340 haud
1201 2272 1534 2365 ingratum
1580 2269 1722 2340 fore
1767 2272 2198 2359 existimavit,
2235 2274 2288 2342 si

150 2405 196 2449 a
232 2405 338 2449 me
367 2380 784 2474 impetraret,
813 2392 890 2446 ut
922 2375 1162 2447 selecta
1188 2401 1269 2445 ex
1299 2377 1539 2447 eximio
1570 2378 1701 2446 hoc
1729 2402 1930 2473 opere
1957 2376 2289 2473 quaedam,

150 2490 401 2583 quippe
452 2486 631 2581 quod
687 2484 945 2580 longius
992 2486 1106 2572 sit,
1148 2509 1348 2581 quam
1403 2498 1481 2554 ut
1518 2486 1848 2581 integrum
1902 2485 1988 2554 ad
2039 2484 2286 2555 calcem

151 2594 356 2686 hujus
389 2591 539 2662 libri
589 2608 960 2681 asseratur,
1002 2616 1182 2661 nunc
1229 2592 1418 2686 quasi
1460 2591 1853 2686 epimetrum
1897 2593 2287 2687 apponenda

151 2724 463 2771 curarem
496 2723 514 2769 t
558 2698 737 2794 quod
775 2723 901 2793 ego
946 2722 1082 2768 non
1121 2699 1441 2767 recusavi.

942 2975 1024 3021 DI
1088 2974 1518 3022 BERENICE-

271 3112 403 3181 Chi
448 3110 619 3180 delle
660 3112 885 3206 regine
926 3110 996 3179 di
1034 3110 1258 3205 Egitto
1299 3109 1471 3181 fosse
1502 3126 1732 3207 questa
1775 3111 1843 3181 di
1894 3112 2292 3201 Callimaco,

160 3221 205 3289 ὲ
238 3217 324 3287 da
348 3219 710 3288 desumersi
740 3214 842 3285 da’
872 3219 1047 3286 versi
1083 3215 1187 3286 del
1233 3231 1465 3311 poeta,
1504 3217 1968 3314 applicandovi
2016 3222 2036 3290 i
2084 3220 2293 3291 docu-

163 3326 371 3394 menti
414 3324 583 3394 delle
619 3325 841 3394 storie.

801 3486 880 3498 -
919 3457 1094 3526 Atque
1118 3473 1218 3528 ego
1242 3468 1383 3509 certe

489 3535 793 3607 cognoram
818 3553 848 3587 a
873 3553 1038 3606 parva
1062 3536 1265 3606 virgine
1290 3534 1705 3607 magnanimum:

409 3617 560 3669 Anne
586 3617 787 3668 bonum
813 3614 978 3668 oblita
1001 3634 1057 3667 es
1081 3615 1284 3668 facinus
1309 3634 1418 3688 quo
1448 3616 1655 3687 regium
1683 3614 1874 3687 adepta
1904 3635 1959 3670 es

487 3695 834 3766 conjugium,
866 3692 1012 3766 quod
1040 3713 1149 3747 non
1178 3695 1363 3748 fortior
1389 3696 1524 3748 ausit
1548 3695 1683 3749 alis?

166 3812 231 3873 A
278 3803 488 3897 questi
530 3804 701 3872 versi
747 3804 901 3874 tutti
940 3804 960 3871 i
1002 3804 1508 3872 commentatori
1551 3802 1898 3898 applicano
1940 3805 2295 3873 concorde·

168 3923 398 3980 mente
427 3924 660 4004 questo
695 3934 888 4005 passo
915 3907 978 3977 d’
1000 3910 1191 4002 Igino
1221 3908 1277 3978 ¹:
1312 3913 1548 3979 «Hanc
1585 3912 1964 3980 Bel-enicem
2005 3911 2300 3981 nonnulli

265 4113 315 4147 1.
342 4095 642 4146 Astronom.
673 4106 815 4163 poet.
844 4093 964 4146 Lib.
996 4111 1195 4163 11,cap.
1229 4098 1328 4156 ²4,
1356 4094 1407 4145 in
1438 4093 1632 4146 Leone.
