2986 4935
734 457 883 525 208
1249 460 1329 526 C.
1374 459 1813 527 VALERII
1870 458 2348 528 CATULLI

734 588 884 656 cujus
898 604 1105 637 summ
1125 585 1230 638 fere
1254 586 1366 639 haec
1390 600 1495 638 est:
1525 588 1697 649 Terra,
1722 587 1963 639 omnium
1992 599 2159 638 mater
2181 586 2394 637 inventa
2411 602 2522 657 pro
2539 584 2726 638 ceteris
2743 585 2836 636 Diis

739 666 1053 735 Deabusque
1075 665 1322 716 omnibus
1341 684 1372 717 a
1395 666 1563 735 prisca
1587 666 1887 718 mortalium
1911 680 2063 736 gente
2076 665 2260 718 divino
2283 665 2486 717 honore
2509 664 2643 716 culta
2664 665 2779 728 fuit,
2796 676 2835 714 et

735 765 767 798 a
791 743 1007 796 diversis
1027 744 1238 816 populis
1259 742 1465 797 diversa
1489 744 1707 796 nomina
1729 747 1948 815 accepit.
1971 777 2054 788 —
2075 747 2119 795 A
2145 744 2444 814 Phrygibus
2463 757 2641 796 vocata
2664 757 2733 794 est
2754 745 2838 814 Cy·

733 825 834 876 bele
860 819 948 884 (de
977 824 1126 874 Terra
1144 863 1159 883 ‚
1192 823 1389 895 Cybeles
1417 829 1603 874 nomine
1628 828 1857 892 insignita
1874 865 1889 886 ,
1918 838 1988 875 est
2015 826 2146 876 locus
2171 825 2396 875 classicus
2418 825 2551 895 apud
2572 825 2748 875 Luem.
2768 825 2838 884 ΙΙ,

739 905 848 973 598
870 900 1030 974 sqq.).
1061 902 1248 955 Cultus
1273 905 1387 974 ejus
1408 903 1462 955 in
1488 916 1664 955 monte
1689 902 1781 954 Ida
1804 916 1882 956 est
1900 904 2228 956 notissimus:
2252 904 2362 973 ipsa
2384 904 2517 956 ratio
2533 916 2702 956 autem
2717 941 2733 967 ,
2752 921 2839 973 qm

739 1001 932 1054 magno
962 982 1284 1033 musicorum
1313 983 1779 1034 instrumentorum
1809 984 1981 1035 sonitu
2003 996 2052 1035 et
2082 982 2273 1034 insanis
2300 980 2547 1053 tripudiis
2578 983 2711 1034 culta
2734 980 2840 1033 dici-

738 1077 856 1123 tur,
891 1060 1162 1113 manifesta
1196 1062 1377 1129 priscoe
1412 1075 1464 1114 et
1499 1060 1646 1113 rudis
1675 1062 1994 1132 antiquitatis
2024 1081 2131 1132 pro
2162 1081 2214 1114 se
2242 1062 2341 1114 fert
2366 1061 2592 1132 vestigia.
2614 1094 2691 1104 —
2709 1062 2839 1133 Ejus-

739 1142 860 1196 dem
894 1139 1215 1210 antiquitatis
1243 1138 1451 1192 videtur
1486 1142 1657 1194 cultus
1693 1140 1858 1206 Solis,
1895 1141 1979 1194 cui
2012 1160 2160 1212 aeque
2192 1160 2252 1193 ac
2277 1143 2456 1193 Terra
2485 1142 2625 1193 varia
2650 1160 2681 1193 a
2708 1141 2840 1192 variis

739 1220 949 1294 populis
978 1217 1140 1271 indita
1172 1232 1290 1270 sunt
1320 1221 1553 1271 nomina.
1591 1221 1703 1272 Sub
1733 1221 1922 1272 Attinis
1952 1222 2167 1272 nomine
2197 1221 2431 1292 Phryges
2459 1218 2639 1273 divino
2666 1221 2841 1272 honore

740 1301 915 1354 Solem
954 1310 1254 1368 prosecutos
1284 1317 1389 1350 esse
1418 1311 1631 1352 testatur
1660 1299 1894 1352 Macrob.
1932 1298 2137 1352 Saturn.
2172 1301 2230 1364 Ι,
2260 1320 2308 1353 c.
2347 1319 2432 1352 αι.
2473 1300 2738 1371 Aptissime
2762 1317 2840 1350 au·

736 1395 842 1435 tem
874 1380 1039 1430 Terra
1071 1377 1179 1428 soli
1209 1376 1387 1429 addita
1420 1391 1493 1429 est
1523 1381 1744 1449 conjux3
1784 1391 1835 1429 et
1870 1379 1995 1430 hinc
2024 1398 2236 1449 quoque
2266 1380 2573 1450 conjugium
2603 1379 2682 1430 vel
2713 1397 2839 1430 amor

743 1458 966 1531 Cybeles
993 1469 1044 1508 et
1068 1456 1259 1508 Attinis
1284 1456 1596 1526 repetendus
1620 1470 1693 1508 est
1727 1453 1745 1518 (
1762 1476 1813 1527 p.
1843 1461 1938 1521 48,
1965 1471 2208 1510 auctorum
2232 1463 2281 1510 in
2309 1459 2540 1510 trudendo
2561 1457 2742 1510 Auchis
2764 1478 2844 1528 my·

743 1541 825 1588 elno
844 1538 1096 1605 exponitur
1114 1533 1482 1606 discrepantia.)
1507 1569 1586 1578 —
1609 1537 1731 1588 Fuit
1757 1539 1915 1607 Atys,
1943 1556 2005 1589 ex
2034 1536 2384 1609 descriptione
2415 1537 2640 1603 Catulli,
2666 1537 2845 1608 juvenis

742 1614 1144 1670 formosissimus
1168 1606 1248 1680 (v.
1281 1616 1351 1666 63
1378 1606 1518 1684 sqq.)
1549 1633 1704 1684 quem
1728 1617 1769 1665 si
1793 1634 1914 1668 cum
1939 1617 2184 1686 Apolline
2202 1617 2610 1686 comparaveris,
2627 1614 2843 1669 eumdem

746 1697 843 1748 sub
874 1695 965 1746 illo
985 1694 1142 1745 latere
1169 1692 1319 1744 facile
1344 1693 1439 1745 tibi
1467 1692 1794 1763 persuadeas.
1820 1725 1897 1736 ——-
1924 1695 2167 1749 Collectis
2191 1697 2466 1764 omnibus,
2495 1715 2615 1766 (με
2640 1695 2704 1748 de
2732 1695 2844 1746 Atti-

744 1775 825 1827 nis
856 1773 1040 1846 mytho
1074 1772 1517 1824 circumferuntur
1536 1806 1552 1829 ι,
1594 1775 1856 1844 praecipue
1890 1775 1929 1825 si
1963 1777 2074 1844 ejus
2107 1788 2330 1827 mortem
2365 1795 2429 1827 ex
2460 1775 2725 1828 communi
2753 1775 2843 1826 fere

743 1852 1042 1906 narratione
1071 1851 1125 1902 in
1153 1851 1295 1903 silvis
1327 1851 1652 1903 subsecutam
1684 1853 2020 1923 respicimus,
2048 1852 2304 1906 Adonidis
2333 1855 2490 1907 morti
2515 1855 2573 1906 in
2600 1855 2697 1907 hac
2717 1873 2768 1906 re
2786 1854 2843 1904 si·

745 1933 1019 1984 minimam
1052 1926 1208 1991 (unde
1228 1933 1439 1998 sortasse
1458 1971 1472 1993 ,
1507 1932 1638 2002 quod
1662 1932 1799 1983 docet
1823 1933 2025 1984 Proclus
2058 1934 2337 1985 Diadoclms
2361 1937 2411 1985 in
2439 1935 2642 1987 Ptolem.
2677 1933 2843 1985 Teemb.

744 2031 798 2084 p.
830 2029 924 2081 79,
952 2009 1192 2062 Adonidis
1217 2023 1262 2060 et
1284 2010 1472 2063 Attinis
1497 2031 1636 2062 sace-a
1656 2032 1780 2081 ,ηερε
1794 2033 1886 2081 pro
1904 2013 2066 2064 iisdem
2085 2033 2176 2083 per
2200 2013 2471 2084 Plu-ygt‘am
2492 2027 2543 2064 et
2564 2015 2756 2086 Lsdiam
2779 2014 2846 2063 lw-

746 2092 848 2143 biea
873 2087 1013 2152 sunt)
1029 2129 1043 2151 ‚
1079 2107 1215 2142 unus
1239 2109 1423 2142 eorum
1449 2109 1633 2160 regum
1662 2090 1750 2143 ille
1776 2093 1929 2143 fuisse
1955 2091 2196 2155 videtur,
2222 2094 2311 2163 qui
2336 2105 2497 2145 totam
2519 2094 2682 2146 vitam
2702 2093 2750 2144 in
2773 2092 2844 2143 sil·

744 2172 825 2223 vis
847 2166 1088 2223 venando
1112 2169 1509 2240 consumpserit.
1532 2170 1609 2220 Ex
1643 2168 1825 2222 eadem
1861 2189 2013 2222 causa
2046 2190 2219 2242 neque
2249 2172 2494 2243 conjugio
2522 2191 2695 2245 neque
2723 2172 2845 2243 prole

744 2251 948 2322 gavisus
980 2261 1083 2311 est,
1117 2247 1258 2300 unde
1283 2249 1364 2300 vel
1395 2252 1446 2301 οὗ
1481 2252 1752 2309 τεκνοποιὸς
1770 2291 1783 2312 ,
1816 2251 1896 2301 vel
1925 2264 2105 2320 parte,
2135 2269 2239 2322 qua
2271 2250 2371 2303 viri
2399 2271 2582 2304 sumus
2597 2294 2615 2317 ,
2648 2252 2848 2324 privatus

745 2331 897 2382 fictus
926 2340 1016 2379 est.
1043 2327 1164 2378 Post
1197 2340 1419 2379 mortem
1449 2340 1625 2379 autem
1656 2330 1854 2380 nullius
1882 2331 2002 2380 Deoe
2032 2331 2187 2382 sacris
2210 2331 2384 2401 aptius
2408 2332 2678 2385 nobilitari
2703 2329 2847 2402 potuit

746 2409 890 2464 Attin
907 2447 921 2471 ‚
949 2423 1107 2478 quam
1137 2406 1386 2477 Cybeles,
1416 2425 1532 2477 quae
1548 2445 1562 2470 ,
1589 2425 1753 2478 quum
1780 2409 1959 2460 Dianae
1985 2409 2141 2462 simul
2167 2427 2444 2481 personam
2475 2423 2605 2465 tunc
2630 2410 2848 2482 temporis

749 2487 923 2541 adhuc
948 2483 1211 2549 induerit,
1233 2488 1339 2555 jam
1368 2486 1422 2537 in
1451 2486 1557 2538 vita
1586 2488 1661 2538 illi
1690 2489 1789 2540 fuit
1813 2490 2142 2542 amatissima.
2165 2522 2243 2532 —
2267 2489 2529 2543 solemnia
2554 2491 2770 2563 Cybeles
2790 2507 2848 2541 n·

701 2572 728 2587 '⁴
747 2587 834 2621 cra
861 2564 931 2619 ad
958 2565 1190 2635 Phryges
1220 2566 1464 2635 migrasse
1490 2564 1737 2618 videntur
1764 2587 1793 2619 a
1818 2568 2183 2621 Phoenicibus:
2208 2599 2288 2609 —
2312 2569 2438 2621 hinc
2461 2572 2595 2643 Atys
2615 2589 2749 2641 super
2762 2568 2846 2619 alta

743 2659 936 2707 vectus,
976 2643 1269 2713 Phrygium
1307 2662 1497 2695 nemus
1531 2663 1651 2696 cum
1689 2647 1969 2700 comitibus
1998 2649 2253 2718 ingressus
2288 2668 2319 2701 a
2350 2649 2560 2702 Catullo
2592 2648 2846 2702 inducitur.

749 2753 828 2766 ...
850 2726 967 2796 Ipsa
993 2721 1168 2793 Cybele
1186 2740 1381 2774 nomen
1403 2741 1557 2775 suum
1586 2724 1798 2777 fortasse
1819 2728 1974 2778 traxit
1998 2747 2029 2780 a
2051 2727 2332 2781 Phoenicia
2353 2730 2585 2797 regionis
2605 2744 2745 2801 parte
2766 2727 2846 2779 Ca·

748 2804 834 2855 bul
844 2823 864 2865 ,-
883 2816 935 2855 et
951 2802 1062 2873 ejus
1081 2799 1372 2854 sacerdotes
1394 2801 1534 2855 Gaui
1550 2804 1616 2854 ab
1638 2806 1899 2857 orientalis
1917 2806 2107 2876 linguae
2127 2825 2256 2860 voce
2277 2783 2429 2879 55)
2446 2805 2676 2871 (devolvit
2689 2808 2850 2861 ethim:

745 2877 1073 2943 circumcidit).
1095 2909 1175 2921 -
1196 2880 1318 2933 Haec
1349 2881 1456 2932 fere
1474 2921 1488 2945 ,
1518 2900 1634 2952 quae
1660 2884 1840 2952 paucis
1868 2886 2171 2954 complexus
2200 2905 2315 2940 sum
2331 2929 2347 2951 ‚
2379 2890 2543 2942 fusius
2569 2887 2639 2940 ad
2666 2905 2845 2941 carmen

744 2976 980 3016 nostrum
1010 2958 1376 3012 illustrandum
1407 2975 1674 3013 exsecutus
1700 2977 1773 3015 est
1807 2964 1896 3013 IV
1888 2965 2113 3016 erclis-sius
2131 3006 2145 3028 ‚
2182 2968 2375 3037 quibus
2403 2967 2471 3021 de
2500 2969 2663 3020 totius
2686 2965 2847 3020 carmi·

752 3043 835 3095 nis
859 3040 1174 3094 sublimitate
1214 3051 1266 3090 et
1287 3040 1505 3109 singulis
1528 3042 1639 3110 ejus
1673 3042 1951 3094 virtutibus
1974 3046 2288 3116 perpulchra
2310 3048 2407 3099 sub
2429 3048 2591 3100 finem
2606 3046 2773 3100 addita
2791 3058 2847 3096 est

742 3121 1017 3175 enarratio.
1037 3151 1115 3161 —
1135 3119 1197 3169 ln
1217 3118 1583 3171 constituendo
1605 3120 1761 3191 hujus
1780 3123 2024 3174 carminis
2042 3138 2210 3177 metro
2231 3125 2603 3190 Galliambim,
2624 3126 2758 3180 dicto
2775 3125 2857 3181 iu.-

747 3199 890 3273 quod
915 3219 946 3251 a
973 3199 1134 3251 Gallis
1151 3211 1422 3250 caneretur
1438 3237 1451 3259 ‚
1476 3200 1681 3268 Magnae
1703 3200 1886 3251 Matris
1902 3201 2281 3271 sacerdotibus,
2302 3194 2466 3277 quum
2487 3208 2602 3276 ejus
2618 3208 2744 3260 ratio
2759 3221 2848 3256 non

742 3280 864 3333 satis
885 3289 1150 3350 perspecta
1176 3290 1305 3327 esset
1319 3313 1332 3331 .
1354 3296 1451 3330 nec
1473 3277 1605 3329 illud
1632 3279 1683 3330 in
1708 3297 1896 3348 genere
1918 3299 2012 3333 suo
2028 3321 2043 3345 ‚
2064 3281 2209 3353 quod
2229 3299 2431 3338 aetatem
2457 3286 2603 3350 tulit,
2629 3287 2847 3341 unicum.

745 3356 812 3412 ad
841 3356 1029 3408 veteris
1054 3356 1280 3425 exempli
1306 3375 1546 3408 normam
1577 3359 1714 3428 exigi
1742 3374 1944 3428 posset,
1979 3360 2129 3414 valde
2167 3363 2303 3416 inter
2329 3365 2469 3416 viros
2496 3363 2683 3419 doctos
2706 3363 2847 3418 disee·

743 3450 946 3511 ptatum
974 3434 1100 3497 fuit,
1128 3431 1287 3497 aden,
1319 3447 1377 3486 ut
1404 3454 1465 3487 ex
1491 3436 1805 3506 opinionum
1827 3440 2071 3492 varietate
2098 3442 2231 3495 mira
2252 3461 2463 3513 quoque
2485 3445 2540 3496 in
2564 3458 2704 3498 textu
2724 3454 2848 3494 enata

748 3517 813 3569 sit
832 3513 1068 3565 lectionis
1088 3513 1307 3565 varietas
1327 3527 1378 3566 et
1399 3512 1720 3585 depravatiO.
1740 3518 1923 3587 Neque
1946 3537 2070 3570 vero
2089 3532 2263 3574 tamen
2279 3560 2295 3585 ,
2315 3523 2356 3573 si
2378 3541 2590 3575 carmen
2609 3537 2846 3576 nostrum.

749 3609 809 3648 ut
831 3591 1039 3645 videtur
1055 3631 1070 3655 ,
1086 3589 1155 3643 ad
1179 3611 1341 3661 genus
1362 3593 1697 3646 referendum
1724 3597 1788 3647 sit
1812 3594 2256 3666 dithyrambicum
2274 3642 2290 3665 ,
2318 3601 2462 3672 quod
2479 3641 2495 3665 ‚
2518 3614 2577 3653 ut
2602 3604 2738 3655 canit
2757 3600 2847 3651 Ho-

746 3674 936 3736 ratius,
959 3674 1159 3723 numeris
1181 3673 1284 3741 lege
1307 3674 1472 3724 solutis
1483 3676 1664 3739 fitam,
1691 3676 1771 3726 vel
1806 3676 1856 3726 in
1880 3677 2183 3731 universum
2209 3698 2241 3732 a
2269 3694 2420 3749 poeta
2446 3680 2640 3734 entheo
2662 3680 2850 3733 liberius

746 3753 994 3823 seriptum
1023 3752 1119 3814 sit,
1151 3748 1206 3801 id
1240 3769 1470 3820 unquam
1505 3767 1654 3805 certae
1682 3755 1782 3823 legi
1813 3753 2065 3826 adstringi
2098 3776 2247 3827 posse
2276 3761 2519 3813 arbitror.
2544 3792 2624 3802 --
2647 3762 2723 3813 Ex
2751 3777 2847 3810 sen·

740 3832 899 3886 tentia
924 3830 1108 3900 Vulpii
1132 3848 1259 3881 vero
1295 3831 1617 3883 Galliambus
1644 3846 1845 3885 constat
1880 3853 1965 3887 sex
1998 3834 2256 3905 pedibus,
2284 3858 2513 3910 quorum
2544 3841 2742 3911 primus
2769 3838 2851 3889 fre·

743 3911 986 3983 quentius
1017 3922 1091 3961 est
1126 3922 1396 3979 anapoestus
1414 3951 1427 3970 ,
1464 3930 1846 3982 nonnunquam
1876 3915 2127 3983 spondaeus
2160 3918 2239 3969 vel
2276 3919 2541 3988 tribrachys
2567 3932 2586 3966 .·
2615 3915 2851 3970 secundus

744 3993 853 4044 fere
880 3988 1087 4050 iambus,
1115 3989 1281 4039 rarius
1304 4001 1574 4058 anapaestus
1590 4032 1605 4051 ,
1638 3992 1903 4061 eribmchys
1925 3995 2005 4045 vel
2025 3995 2242 4067 dactylus
2260 4017 2280 4048 .·
2303 3999 2483 4050 tertius
2504 4016 2640 4068 σερε
2662 3997 2847 4053 ias-bus.

745 4088 861 4122 raro
892 4067 1139 4138 spondoeus
1165 4087 1183 4118 .·
1209 4080 1424 4138 quartus
1445 4070 1662 4140 dactylus
1685 4071 1765 4122 vel
1794 4073 2042 4141 sponda-us
2068 4093 2087 4125 .·
2114 4074 2329 4145 quintus
2354 4094 2489 4145 sepe
2510 4077 2758 4147 dactytm,
2784 4077 2847 4127 in·

744 4145 949 4201 terdutn
984 4159 1156 4199 tamen
1193 4151 1388 4198 creticus
1422 4160 1513 4200 aut
1540 4150 1790 4217 spondeus
1819 4168 1833 4201 ε
1863 4151 2079 4206 ultimus
2108 4168 2378 4225 anapoestus
2409 4169 2462 4208 et
2489 4171 2851 4225 nonnunquam
