<?xml version="1.0" encoding="UTF-8"?>
<!DOCTYPE html PUBLIC "-//W3C//DTD XHTML 1.0 Transitional//EN"
    "http://www.w3.org/TR/xhtml1/DTD/xhtml1-transitional.dtd">
<html xmlns="http://www.w3.org/1999/xhtml" xml:lang="en" lang="en">
 <head>
  <title>
</title>
<meta http-equiv="Content-Type" content="text/html;charset=utf-8" />
  <meta name='ocr-system' content='tesseract 3.04.00' />
  <meta name='ocr-capabilities' content='ocr_page ocr_carea ocr_par ocr_line ocrx_word'/>
</head>
<body>
  <div class='ocr_page' id='page_1' title='image "./cvaleriuscatull00naudgoog_0019.png"; bbox 0 0 2986 4935; ppageno 0'>
   <div class='ocr_carea' id='block_1_1' title="bbox 1024 411 2369 470">
    <p class='ocr_par' dir='ltr' id='par_1_1' title="bbox 1024 411 2369 470">
     <span class='ocr_line' id='line_1_1' title="bbox 1024 411 2369 470; baseline 0.003 -4"><span class='ocrx_word' id='word_1_1' title='bbox 1024 411 1589 468; x_wconf 63' lang='lat' dir='ltr'>PRAEFATIO.</span> <span class='ocrx_word' id='word_1_2' title='bbox 2087 447 2098 453; x_wconf 87' lang='lat'><strong>·</strong></span> <span class='ocrx_word' id='word_1_3' title='bbox 2210 418 2369 470; x_wconf 82' lang='lat' dir='ltr'>xlu</span> 
     </span>
    </p>
   </div>
   <div class='ocr_carea' id='block_1_2' title="bbox 198 525 2372 4193">
    <p class='ocr_par' dir='ltr' id='par_1_2' title="bbox 198 525 2372 4193">
     <span class='ocr_line' id='line_1_2' title="bbox 208 525 2367 652; baseline 0.002 -35"><span class='ocrx_word' id='word_1_4' title='bbox 208 558 610 652; x_wconf 85' lang='lat' dir='ltr'>cumque</span> <span class='ocrx_word' id='word_1_5' title='bbox 649 525 1043 616; x_wconf 87' lang='lat' dir='ltr'>voluerit</span> <span class='ocrx_word' id='word_1_6' title='bbox 1081 530 1480 651; x_wconf 82' lang='lat' dir='ltr'><strong>exsequi,</strong></span> <span class='ocrx_word' id='word_1_7' title='bbox 1523 549 1835 649; x_wconf 89' lang='lat' dir='ltr'>postea</span> <span class='ocrx_word' id='word_1_8' title='bbox 1874 531 2034 617; x_wconf 80' lang='lat' dir='ltr'>aevi</span> <span class='ocrx_word' id='word_1_9' title='bbox 2069 552 2367 621; x_wconf 85' lang='lat' dir='ltr'>matu-</span> 
     </span>
     <span class='ocr_line' id='line_1_3' title="bbox 213 668 2359 792; baseline 0.002 -36"><span class='ocrx_word' id='word_1_10' title='bbox 213 702 358 756; x_wconf 90' lang='lat' dir='ltr'>rus</span> <span class='ocrx_word' id='word_1_11' title='bbox 380 740 406 782; x_wconf 83' lang='lat'>‚</span> <span class='ocrx_word' id='word_1_12' title='bbox 431 669 966 790; x_wconf 87' lang='lat' dir='ltr'>promptius</span> <span class='ocrx_word' id='word_1_13' title='bbox 1006 668 1760 792; x_wconf 84' lang='lat' dir='ltr'>commodiusque</span> <span class='ocrx_word' id='word_1_14' title='bbox 1787 694 2359 761; x_wconf 87' lang='lat' dir='ltr'>moveantur.</span> 
     </span>
     <span class='ocr_line' id='line_1_4' title="bbox 217 814 2365 934; baseline 0.003 -36"><span class='ocrx_word' id='word_1_15' title='bbox 217 815 659 899; x_wconf 87' lang='lat' dir='ltr'>Veterum</span> <span class='ocrx_word' id='word_1_16' title='bbox 671 830 1152 931; x_wconf 89' lang='lat' dir='ltr'>poetarum</span> <span class='ocrx_word' id='word_1_17' title='bbox 1173 830 1690 900; x_wconf 89' lang='lat' dir='ltr'>nostratum</span> <span class='ocrx_word' id='word_1_18' title='bbox 1705 814 2118 934; x_wconf 88' lang='lat' dir='ltr'>exemplo</span> <span class='ocrx_word' id='word_1_19' title='bbox 2136 835 2365 905; x_wconf 88' lang='lat' dir='ltr'>utar.</span> 
     </span>
     <span class='ocr_line' id='line_1_5' title="bbox 223 950 2365 1075; baseline 0.002 -35"><span class='ocrx_word' id='word_1_20' title='bbox 223 951 507 1040; x_wconf 85' lang='lat' dir='ltr'>Hodie</span> <span class='ocrx_word' id='word_1_21' title='bbox 533 950 933 1074; x_wconf 81' lang='lat' dir='ltr'>quidem,</span> <span class='ocrx_word' id='word_1_22' title='bbox 958 983 1088 1065; x_wconf 80' lang='lat' dir='ltr'>ea,</span> <span class='ocrx_word' id='word_1_23' title='bbox 1105 950 1437 1075; x_wconf 91' lang='lat' dir='ltr'>quibus</span> <span class='ocrx_word' id='word_1_24' title='bbox 1459 972 1663 1040; x_wconf 92' lang='lat' dir='ltr'>tum</span> <span class='ocrx_word' id='word_1_25' title='bbox 1686 952 1815 1040; x_wconf 91' lang='lat' dir='ltr'>illi</span> <span class='ocrx_word' id='word_1_26' title='bbox 1850 987 1940 1042; x_wconf 94' lang='lat' dir='ltr'>se</span> <span class='ocrx_word' id='word_1_27' title='bbox 1963 955 2365 1045; x_wconf 89' lang='lat' dir='ltr'>volentes</span> 
     </span>
     <span class='ocr_line' id='line_1_6' title="bbox 229 1090 2364 1222; baseline 0.002 -40"><span class='ocrx_word' id='word_1_28' title='bbox 229 1090 755 1182; x_wconf 85' lang='lat' dir='ltr'>cruciabant</span> <span class='ocrx_word' id='word_1_29' title='bbox 784 1165 806 1208; x_wconf 83' lang='lat'>‚</span> <span class='ocrx_word' id='word_1_30' title='bbox 852 1111 1312 1180; x_wconf 87' lang='lat' dir='ltr'>tormenta</span> <span class='ocrx_word' id='word_1_31' title='bbox 1367 1092 1660 1182; x_wconf 88' lang='lat' dir='ltr'>ridere</span> <span class='ocrx_word' id='word_1_32' title='bbox 1718 1094 1975 1209; x_wconf 80' lang='lat' dir='ltr'>licet,</span> <span class='ocrx_word' id='word_1_33' title='bbox 2036 1129 2364 1222; x_wconf 82' lang='lat' dir='ltr'>nugas-</span> 
     </span>
     <span class='ocr_line' id='line_1_7' title="bbox 224 1231 2352 1357; baseline 0.003 -38"><span class='ocrx_word' id='word_1_34' title='bbox 224 1266 395 1357; x_wconf 87' lang='lat' dir='ltr'>que</span> <span class='ocrx_word' id='word_1_35' title='bbox 434 1231 980 1346; x_wconf 82' lang='lat' dir='ltr'>laboriosas,</span> <span class='ocrx_word' id='word_1_36' title='bbox 1041 1231 1598 1355; x_wconf 81' lang='lat' dir='ltr'>nominibus3</span> <span class='ocrx_word' id='word_1_37' title='bbox 1642 1238 1848 1346; x_wconf 77' lang='lat' dir='ltr'>lais,</span> <span class='ocrx_word' id='word_1_38' title='bbox 1904 1240 2352 1351; x_wconf 61' lang='lat' dir='ltr'>vire-lacis,</span> 
     </span>
     <span class='ocr_line' id='line_1_8' title="bbox 224 1372 2362 1501; baseline 0.004 -40"><span class='ocrx_word' id='word_1_39' title='bbox 224 1376 594 1501; x_wconf 54' lang='lat' dir='ltr'>violeus,</span> <span class='ocrx_word' id='word_1_40' title='bbox 646 1405 915 1496; x_wconf 82' lang='lat' dir='ltr'>quaS,</span> <span class='ocrx_word' id='word_1_41' title='bbox 967 1406 1153 1498; x_wconf 92' lang='lat' dir='ltr'>quo</span> <span class='ocrx_word' id='word_1_42' title='bbox 1198 1372 1615 1496; x_wconf 88' lang='lat' dir='ltr'>pluribus</span> <span class='ocrx_word' id='word_1_43' title='bbox 1651 1376 2035 1466; x_wconf 87' lang='lat' dir='ltr'>vinculis</span> <span class='ocrx_word' id='word_1_44' title='bbox 2082 1380 2362 1501; x_wconf 88' lang='lat' dir='ltr'>impe·</span> 
     </span>
     <span class='ocr_line' id='line_1_9' title="bbox 222 1512 2366 1639; baseline 0.002 -37"><span class='ocrx_word' id='word_1_45' title='bbox 222 1512 427 1602; x_wconf 85' lang='lat' dir='ltr'>ditae</span> <span class='ocrx_word' id='word_1_46' title='bbox 481 1512 784 1603; x_wconf 89' lang='lat' dir='ltr'>forent</span> <span class='ocrx_word' id='word_1_47' title='bbox 812 1584 834 1628; x_wconf 85' lang='lat'>,</span> <span class='ocrx_word' id='word_1_48' title='bbox 885 1546 994 1603; x_wconf 92' lang='lat' dir='ltr'>eo</span> <span class='ocrx_word' id='word_1_49' title='bbox 1046 1515 1335 1639; x_wconf 87' lang='lat' dir='ltr'>magis</span> <span class='ocrx_word' id='word_1_50' title='bbox 1382 1515 1872 1636; x_wconf 88' lang='lat' dir='ltr'>placituras</span> <span class='ocrx_word' id='word_1_51' title='bbox 1917 1521 2366 1608; x_wconf 87' lang='lat' dir='ltr'>existima-</span> 
     </span>
     <span class='ocr_line' id='line_1_10' title="bbox 217 1653 2362 1779; baseline 0.002 -36"><span class='ocrx_word' id='word_1_52' title='bbox 217 1653 468 1745; x_wconf 86' lang='lat' dir='ltr'><strong>bant.</strong></span> <span class='ocrx_word' id='word_1_53' title='bbox 514 1656 658 1745; x_wconf 87' lang='lat' dir='ltr'>Sic</span> <span class='ocrx_word' id='word_1_54' title='bbox 704 1674 1011 1742; x_wconf 90' lang='lat' dir='ltr'>tamen</span> <span class='ocrx_word' id='word_1_55' title='bbox 1053 1655 1384 1779; x_wconf 86' lang='lat' dir='ltr'>linguae</span> <span class='ocrx_word' id='word_1_56' title='bbox 1424 1655 2059 1747; x_wconf 88' lang='lat' dir='ltr'>semibarbarae</span> <span class='ocrx_word' id='word_1_57' title='bbox 2094 1664 2362 1748; x_wconf 84' lang='lat' dir='ltr'>rusti-</span> 
     </span>
     <span class='ocr_line' id='line_1_11' title="bbox 217 1792 2358 1924; baseline 0.001 -39"><span class='ocrx_word' id='word_1_58' title='bbox 217 1799 588 1886; x_wconf 86' lang='lat' dir='ltr'>citatem</span> <span class='ocrx_word' id='word_1_59' title='bbox 640 1792 1064 1886; x_wconf 80' lang='lat' dir='ltr'>edomare</span> <span class='ocrx_word' id='word_1_60' title='bbox 1107 1818 1615 1918; x_wconf 80' lang='lat' dir='ltr'>coeperunt,</span> <span class='ocrx_word' id='word_1_61' title='bbox 1661 1803 2358 1924; x_wconf 84' lang='lat' dir='ltr'>materiemque,</span> 
     </span>
     <span class='ocr_line' id='line_1_12' title="bbox 213 1935 2361 2055; baseline 0.003 -30"><span class='ocrx_word' id='word_1_62' title='bbox 213 1936 463 2026; x_wconf 91' lang='lat' dir='ltr'>unde</span> <span class='ocrx_word' id='word_1_63' title='bbox 521 1935 1009 2026; x_wconf 88' lang='lat' dir='ltr'>Malherbii</span> <span class='ocrx_word' id='word_1_64' title='bbox 1071 1937 1246 2050; x_wconf 81' lang='lat' dir='ltr'>illi,</span> <span class='ocrx_word' id='word_1_65' title='bbox 1318 1938 1752 2051; x_wconf 81' lang='lat' dir='ltr'>Cornelii,</span> <span class='ocrx_word' id='word_1_66' title='bbox 1825 1941 2134 2055; x_wconf 83' lang='lat' dir='ltr'>Bolaei,</span> <span class='ocrx_word' id='word_1_67' title='bbox 2193 1945 2361 2031; x_wconf 89' lang='lat' dir='ltr'>Ra·</span> 
     </span>
     <span class='ocr_line' id='line_1_13' title="bbox 213 2077 2358 2200; baseline 0.001 -33"><span class='ocrx_word' id='word_1_68' title='bbox 213 2081 432 2168; x_wconf 87' lang='lat' dir='ltr'>cinii</span> <span class='ocrx_word' id='word_1_69' title='bbox 507 2077 920 2167; x_wconf 83' lang='lat' dir='ltr'>miranda</span> <span class='ocrx_word' id='word_1_70' title='bbox 996 2111 1376 2200; x_wconf 88' lang='lat' dir='ltr'>operum</span> <span class='ocrx_word' id='word_1_71' title='bbox 1461 2077 1928 2168; x_wconf 86' lang='lat' dir='ltr'>efficerent</span> <span class='ocrx_word' id='word_1_72' title='bbox 1956 2153 1977 2193; x_wconf 81' lang='lat'>,</span> <span class='ocrx_word' id='word_1_73' title='bbox 2055 2086 2358 2171; x_wconf 89' lang='lat' dir='ltr'>minus</span> 
     </span>
     <span class='ocr_line' id='line_1_14' title="bbox 207 2219 2360 2344; baseline 0.002 -37"><span class='ocrx_word' id='word_1_74' title='bbox 207 2219 543 2309; x_wconf 90' lang='lat' dir='ltr'>duram</span> <span class='ocrx_word' id='word_1_75' title='bbox 581 2240 671 2308; x_wconf 91' lang='lat' dir='ltr'>et</span> <span class='ocrx_word' id='word_1_76' title='bbox 704 2253 1114 2343; x_wconf 84' lang='lat' dir='ltr'>asperam</span> <span class='ocrx_word' id='word_1_77' title='bbox 1147 2241 1696 2343; x_wconf 85' lang='lat' dir='ltr'>paraverunt</span> <span class='ocrx_word' id='word_1_78' title='bbox 1721 2255 1742 2334; x_wconf 81' lang='lat'><em>3</em></span> <span class='ocrx_word' id='word_1_79' title='bbox 1772 2241 1876 2308; x_wconf 91' lang='lat' dir='ltr'>ut</span> <span class='ocrx_word' id='word_1_80' title='bbox 1906 2221 2147 2344; x_wconf 84' lang='lat' dir='ltr'>apud</span> <span class='ocrx_word' id='word_1_81' title='bbox 2182 2226 2360 2312; x_wconf 88' lang='lat' dir='ltr'>Ro-</span> 
     </span>
     <span class='ocr_line' id='line_1_15' title="bbox 207 2362 2359 2489; baseline 0.002 -40"><span class='ocrx_word' id='word_1_82' title='bbox 207 2395 586 2477; x_wconf 77' lang='lat' dir='ltr'>manOS‚</span> <span class='ocrx_word' id='word_1_83' title='bbox 633 2382 1125 2487; x_wconf 83' lang='lat' dir='ltr'>antequam</span> <span class='ocrx_word' id='word_1_84' title='bbox 1152 2365 1524 2477; x_wconf 79' lang='lat' dir='ltr'>Varius,</span> <span class='ocrx_word' id='word_1_85' title='bbox 1553 2362 2025 2489; x_wconf 82' lang='lat' dir='ltr'>Virgilius,</span> <span class='ocrx_word' id='word_1_86' title='bbox 2073 2366 2359 2454; x_wconf 90' lang='lat' dir='ltr'>Hora-</span> 
     </span>
     <span class='ocr_line' id='line_1_16' title="bbox 204 2499 2356 2620; baseline 0 -25"><span class='ocrx_word' id='word_1_87' title='bbox 204 2509 439 2620; x_wconf 88' lang='lat' dir='ltr'>tius,</span> <span class='ocrx_word' id='word_1_88' title='bbox 482 2504 908 2618; x_wconf 78' lang='lat' dir='ltr'>Ovidius,</span> <span class='ocrx_word' id='word_1_89' title='bbox 948 2503 1366 2593; x_wconf 90' lang='lat' dir='ltr'>Tibullus</span> <span class='ocrx_word' id='word_1_90' title='bbox 1412 2499 2046 2619; x_wconf 76' lang='lat' dir='ltr'>nascerentur,</span> <span class='ocrx_word' id='word_1_91' title='bbox 2089 2508 2356 2596; x_wconf 88' lang='lat' dir='ltr'>multi</span> 
     </span>
     <span class='ocr_line' id='line_1_17' title="bbox 202 2645 2346 2775; baseline 0 -38"><span class='ocrx_word' id='word_1_92' title='bbox 202 2647 617 2762; x_wconf 84' lang='lat' dir='ltr'>fuerant,</span> <span class='ocrx_word' id='word_1_93' title='bbox 641 2651 799 2773; x_wconf 90' lang='lat' dir='ltr'>qui</span> <span class='ocrx_word' id='word_1_94' title='bbox 834 2648 1241 2775; x_wconf 83' lang='lat' dir='ltr'>linguam</span> <span class='ocrx_word' id='word_1_95' title='bbox 1281 2648 1658 2736; x_wconf 89' lang='lat' dir='ltr'>latinam</span> <span class='ocrx_word' id='word_1_96' title='bbox 1699 2645 2346 2738; x_wconf 87' lang='lat' dir='ltr'>deformarent.</span> 
     </span>
     <span class='ocr_line' id='line_1_18' title="bbox 201 2787 2352 2911; baseline 0 -34"><span class='ocrx_word' id='word_1_97' title='bbox 201 2788 479 2878; x_wconf 88' lang='lat' dir='ltr'>Absit</span> <span class='ocrx_word' id='word_1_98' title='bbox 513 2822 730 2878; x_wconf 89' lang='lat' dir='ltr'>vero</span> <span class='ocrx_word' id='word_1_99' title='bbox 773 2792 880 2910; x_wconf 91' lang='lat' dir='ltr'>(si</span> <span class='ocrx_word' id='word_1_100' title='bbox 917 2787 1262 2879; x_wconf 88' lang='lat' dir='ltr'>Phoebo</span> <span class='ocrx_word' id='word_1_101' title='bbox 1300 2788 1630 2911; x_wconf 80' lang='lat' dir='ltr'>placet)</span> <span class='ocrx_word' id='word_1_102' title='bbox 1667 2809 1770 2877; x_wconf 90' lang='lat' dir='ltr'>ut</span> <span class='ocrx_word' id='word_1_103' title='bbox 1794 2789 2219 2903; x_wconf 77' lang='lat' dir='ltr'>villonis,</span> <span class='ocrx_word' id='word_1_104' title='bbox 2263 2813 2352 2877; x_wconf 89' lang='lat' dir='ltr'>et</span> 
     </span>
     <span class='ocr_line' id='line_1_19' title="bbox 204 2930 2355 3055; baseline 0 -36"><span class='ocrx_word' id='word_1_105' title='bbox 204 2932 475 3045; x_wconf 74' lang='lat' dir='ltr'>Baifi,</span> <span class='ocrx_word' id='word_1_106' title='bbox 500 2933 978 3055; x_wconf 90' lang='lat' dir='ltr'>omnisque</span> <span class='ocrx_word' id='word_1_107' title='bbox 1003 2930 1408 3020; x_wconf 87' lang='lat' dir='ltr'>Pleiados</span> <span class='ocrx_word' id='word_1_108' title='bbox 1441 2930 1679 3018; x_wconf 89' lang='lat' dir='ltr'>illius</span> <span class='ocrx_word' id='word_1_109' title='bbox 1703 2933 2078 3019; x_wconf 87' lang='lat' dir='ltr'>minime</span> <span class='ocrx_word' id='word_1_110' title='bbox 2110 2932 2355 3020; x_wconf 82' lang='lat' dir='ltr'>caele-</span> 
     </span>
     <span class='ocr_line' id='line_1_20' title="bbox 211 3071 2356 3196; baseline 0 -35"><span class='ocrx_word' id='word_1_111' title='bbox 211 3076 409 3188; x_wconf 83' lang='lat' dir='ltr'>stis,</span> <span class='ocrx_word' id='word_1_112' title='bbox 434 3073 581 3162; x_wconf 88' lang='lat' dir='ltr'>vel</span> <span class='ocrx_word' id='word_1_113' title='bbox 608 3076 885 3196; x_wconf 93' lang='lat' dir='ltr'>ipsius</span> <span class='ocrx_word' id='word_1_114' title='bbox 914 3076 1252 3164; x_wconf 89' lang='lat' dir='ltr'>Maroti</span> <span class='ocrx_word' id='word_1_115' title='bbox 1282 3071 1799 3161; x_wconf 86' lang='lat' dir='ltr'>rudimenta</span> <span class='ocrx_word' id='word_1_116' title='bbox 1831 3106 2037 3162; x_wconf 83' lang='lat' dir='ltr'>cum</span> <span class='ocrx_word' id='word_1_117' title='bbox 2066 3077 2356 3195; x_wconf 87' lang='lat' dir='ltr'>operi-</span> 
     </span>
     <span class='ocr_line' id='line_1_21' title="bbox 214 3211 2357 3339; baseline -0 -38"><span class='ocrx_word' id='word_1_118' title='bbox 214 3211 391 3304; x_wconf 91' lang='lat' dir='ltr'>bus</span> <span class='ocrx_word' id='word_1_119' title='bbox 412 3215 745 3306; x_wconf 85' lang='lat' dir='ltr'>Catulli</span> <span class='ocrx_word' id='word_1_120' title='bbox 771 3236 859 3304; x_wconf 92' lang='lat' dir='ltr'>et</span> <span class='ocrx_word' id='word_1_121' title='bbox 880 3215 1358 3339; x_wconf 68' lang='lat' dir='ltr'>aequalium</span> <span class='ocrx_word' id='word_1_122' title='bbox 1378 3287 1399 3329; x_wconf 80' lang='lat'>‚</span> <span class='ocrx_word' id='word_1_123' title='bbox 1425 3235 1583 3302; x_wconf 88' lang='lat' dir='ltr'>aut</span> <span class='ocrx_word' id='word_1_124' title='bbox 1609 3218 2018 3336; x_wconf 89' lang='lat' dir='ltr'>priorum</span> <span class='ocrx_word' id='word_1_125' title='bbox 2042 3217 2210 3303; x_wconf 85' lang='lat' dir='ltr'>etia</span> <span class='ocrx_word' id='word_1_126' title='bbox 2224 3248 2312 3300; x_wconf 91' lang='lat' dir='ltr'>m</span> <span class='ocrx_word' id='word_1_127' title='bbox 2336 3287 2357 3328; x_wconf 78' lang='lat'>,</span> 
     </span>
     <span class='ocr_line' id='line_1_22' title="bbox 200 3355 2360 3476; baseline -0.001 -32"><span class='ocrx_word' id='word_1_128' title='bbox 200 3356 403 3475; x_wconf 87' lang='lat' dir='ltr'>jam</span> <span class='ocrx_word' id='word_1_129' title='bbox 469 3357 776 3446; x_wconf 87' lang='lat' dir='ltr'>laurea</span> <span class='ocrx_word' id='word_1_130' title='bbox 828 3355 1273 3445; x_wconf 89' lang='lat' dir='ltr'>donandis</span> <span class='ocrx_word' id='word_1_131' title='bbox 1312 3428 1333 3469; x_wconf 80' lang='lat'>,</span> <span class='ocrx_word' id='word_1_132' title='bbox 1415 3388 1945 3476; x_wconf 77' lang='lat' dir='ltr'>comparare</span> <span class='ocrx_word' id='word_1_133' title='bbox 2012 3358 2298 3443; x_wconf 87' lang='lat' dir='ltr'>ausim</span> <span class='ocrx_word' id='word_1_134' title='bbox 2336 3391 2360 3470; x_wconf 81' lang='lat'>3</span> 
     </span>
     <span class='ocr_line' id='line_1_23' title="bbox 209 3494 2361 3623; baseline -0.002 -35"><span class='ocrx_word' id='word_1_135' title='bbox 209 3529 794 3623; x_wconf 77' lang='lat' dir='ltr'>quanquam,</span> <span class='ocrx_word' id='word_1_136' title='bbox 837 3494 1085 3619; x_wconf 91' lang='lat' dir='ltr'>quod</span> <span class='ocrx_word' id='word_1_137' title='bbox 1130 3496 1242 3585; x_wconf 86' lang='lat' dir='ltr'>ad</span> <span class='ocrx_word' id='word_1_138' title='bbox 1287 3494 1855 3585; x_wconf 81' lang='lat' dir='ltr'>versificandi</span> <span class='ocrx_word' id='word_1_139' title='bbox 1902 3498 2117 3583; x_wconf 83' lang='lat' dir='ltr'>artis</span> <span class='ocrx_word' id='word_1_140' title='bbox 2155 3528 2361 3617; x_wconf 80' lang='lat' dir='ltr'>pro-</span> 
     </span>
     <span class='ocr_line' id='line_1_24' title="bbox 209 3635 2361 3762; baseline -0.001 -34"><span class='ocrx_word' id='word_1_141' title='bbox 209 3640 562 3731; x_wconf 87' lang='lat' dir='ltr'>fectum</span> <span class='ocrx_word' id='word_1_142' title='bbox 599 3642 1039 3762; x_wconf 83' lang='lat' dir='ltr'>pertinet,</span> <span class='ocrx_word' id='word_1_143' title='bbox 1081 3637 1423 3762; x_wconf 83' lang='lat' dir='ltr'>aliquid</span> <span class='ocrx_word' id='word_1_144' title='bbox 1470 3635 2084 3725; x_wconf 87' lang='lat' dir='ltr'>similitudinis</span> <span class='ocrx_word' id='word_1_145' title='bbox 2122 3639 2361 3725; x_wconf 90' lang='lat' dir='ltr'>inter</span> 
     </span>
     <span class='ocr_line' id='line_1_25' title="bbox 200 3777 2364 3905; baseline -0.002 -34"><span class='ocrx_word' id='word_1_146' title='bbox 200 3805 825 3905; x_wconf 90' lang='lat' dir='ltr'>utrorumque</span> <span class='ocrx_word' id='word_1_147' title='bbox 865 3801 1330 3870; x_wconf 86' lang='lat' dir='ltr'>momenta</span> <span class='ocrx_word' id='word_1_148' title='bbox 1378 3782 1808 3867; x_wconf 88' lang='lat' dir='ltr'>interesse</span> <span class='ocrx_word' id='word_1_149' title='bbox 1857 3777 2084 3865; x_wconf 90' lang='lat' dir='ltr'>mihi</span> <span class='ocrx_word' id='word_1_150' title='bbox 2124 3778 2364 3867; x_wconf 86' lang='lat' dir='ltr'>vide—</span> 
     </span>
     <span class='ocr_line' id='line_1_26' title="bbox 199 3920 2363 4044; baseline -0.003 -31"><span class='ocrx_word' id='word_1_151' title='bbox 199 3946 406 4039; x_wconf 80' lang='lat' dir='ltr'>tur3</span> <span class='ocrx_word' id='word_1_152' title='bbox 444 3929 576 4013; x_wconf 90' lang='lat' dir='ltr'>ita</span> <span class='ocrx_word' id='word_1_153' title='bbox 624 3943 934 4011; x_wconf 89' lang='lat' dir='ltr'>tamen</span> <span class='ocrx_word' id='word_1_154' title='bbox 975 3942 1079 4010; x_wconf 91' lang='lat' dir='ltr'>ut</span> <span class='ocrx_word' id='word_1_155' title='bbox 1119 3920 1580 4012; x_wconf 87' lang='lat' dir='ltr'>Catullum</span> <span class='ocrx_word' id='word_1_156' title='bbox 1620 3922 1950 4008; x_wconf 82' lang='lat' dir='ltr'>eximio</span> <span class='ocrx_word' id='word_1_157' title='bbox 1989 3922 2363 4044; x_wconf 84' lang='lat' dir='ltr'>ingenio</span> 
     </span>
     <span class='ocr_line' id='line_1_27' title="bbox 198 4063 2372 4193; baseline -0.002 -37"><span class='ocrx_word' id='word_1_158' title='bbox 198 4066 696 4193; x_wconf 83' lang='lat' dir='ltr'>praeditum</span> <span class='ocrx_word' id='word_1_159' title='bbox 723 4138 745 4179; x_wconf 77' lang='lat'>‚</span> <span class='ocrx_word' id='word_1_160' title='bbox 828 4064 1417 4187; x_wconf 85' lang='lat' dir='ltr'>maximisque</span> <span class='ocrx_word' id='word_1_161' title='bbox 1503 4064 2048 4151; x_wconf 86' lang='lat' dir='ltr'>instructum</span> <span class='ocrx_word' id='word_1_162' title='bbox 2123 4063 2372 4152; x_wconf 71' lang='lat' dir='ltr'>auxi·</span> 
     </span>
    </p>
   </div>
  </div>
 </body>
</html>
