2986 4935
691 399 831 479 1¹4

1207 397 1280 462 C.
1317 395 1750 461 VALERII
1810 394 2271 460 CATULLI

1186 628 1738 715 CARMEN
1839 627 2294 714 XXXIV.

1483 865 1584 907 Ao
1646 863 1992 908 DlANAM.

1103 1055 1354 1121 DIANAE
1401 1073 1626 1117 sumus
1673 1048 1738 1113 in
1782 1047 1910 1113 fide

764 1267 902 1313 Ana.
919 1262 996 1312 De
1017 1273 1250 1330 tempore
1272 1272 1321 1310 et
1339 1260 1574 1320 consilio,
1597 1276 1703 1327 quo

687 1345 788 1394 hoc
813 1359 1020 1394 carmen
1048 1359 1078 1391 a
1103 1340 1260 1390 Poeta
1287 1350 1464 1389 nostro
1492 1356 1708 1407 compo·

687 1423 841 1473 situm
874 1421 964 1482 sit,
993 1437 1175 1488 magna
1204 1419 1339 1469 inter
1365 1419 1508 1469 viros
1526 1416 1708 1468 doctos

687 1503 876 1570 agitata
923 1512 995 1550 est
1031 1498 1402 1549 controversia.
1446 1497 1710 1566 Josephus

689 1581 914 1649 Scaliger
967 1575 1108 1629 haud
1173 1574 1334 1628 dubie
1397 1577 1465 1628 ab
1541 1576 1709 1627 aliena

693 1679 849 1711 manu
877 1660 1001 1710 huic
1029 1656 1248 1708 carmini
1284 1656 1498 1726 praefixa
1525 1656 1707 1707 inscri-

688 1741 868 1810 ptione
901 1737 1124 1790 Seculare
1163 1756 1349 1787 carmen
1391 1737 1460 1787 ad
1498 1736 1709 1785 Dianam

689 1820 870 1870 illusus
895 1855 911 1878 ,
940 1830 991 1869 et
1029 1829 1421 1887 praeoccupatus
1450 1816 1503 1866 in
1548 1817 1709 1867 Euse-

691 1898 861 1949 hinnis
871 1895 1414 1948 animadversionibus
1426 1895 1492 1945 ad
1512 1913 1708 1945 annum

692 1976 1112 2037 MDCCCCLX,
1145 1975 1270 2045 ipsis
1301 1974 1466 2026 Ludis
1501 1973 1711 2027 Secula-

694 2058 841 2109 ribus
862 2074 1001 2108 anuo
1019 2055 1088 2107 U.
1104 2055 1163 2107 C.
1186 2055 1298 2123 737
1324 2053 1593 2107 celebratis
1611 2054 1712 2105 hoc

693 2156 904 2189 carmen
927 2135 1181 2205 scriptum
1205 2135 1356 2186 fuisse
1381 2152 1598 2204 operose
1618 2131 1712 2184 ad·

694 2231 894 2268 struere
929 2227 1144 2266 conatus
1184 2225 1286 2277 est3
1319 2218 1468 2283 cujus
1496 2212 1711 2283 quidem

696 2298 762 2348 ab
803 2294 950 2345 omni
994 2295 1223 2344 veritatis
1271 2294 1440 2362 specie
1487 2292 1711 2343 alienam

696 2374 1000 2425 sententiam
1051 2385 1189 2423 recte
1227 2374 1332 2442 jam
1390 2371 1716 2441 impugnavit

699 2452 946 2515 Vossius,
973 2449 1101 2502 dum
1131 2450 1284 2521 longe
1311 2463 1429 2503 ante
1458 2452 1561 2503 hoc
1591 2463 1718 2503 tem-

697 2552 796 2603 pus
815 2531 957 2582 diem
971 2548 1275 2598 supremum
1293 2531 1479 2583 obiisse
1505 2530 1714 2582 Poetam

699 2610 952 2673 ostendit3
979 2607 1068 2662 sed
1101 2608 1241 2659 idem
1270 2630 1377 2660 non
1407 2610 1567 2679 magis
1591 2629 1716 2680 pro·

701 2689 927 2743 habilem
962 2689 1016 2740 in
1054 2686 1415 2740 constituenda
1441 2702 1586 2741 aetate
1619 2691 1716 2742 Ca·

703 2770 816 2821 tulli
853 2769 1100 2819 rationem
1130 2768 1380 2837 sequitur,
1402 2767 1532 2819 dum
1562 2769 1719 2821 nimis

702 2868 876 2899 severa
893 2866 1051 2898 manu
1070 2845 1306 2900 decurtat
1327 2860 1377 2898 et
1395 2861 1589 2899 resecat
1610 2851 1720 2917 ejus

702 2929 821 2980 vitae
839 2927 1016 2990 filum,
1037 2925 1180 2997 quod
1207 2927 1362 2977 nimis
1382 2927 1607 2996 benigne
1632 2929 1718 2979 ille

700 3006 1018 3079 produxerat
1086 3019 1136 3057 et
1203 3005 1521 3058 extenderat.
1571 3008 1721 3060 Hanc

702 3089 972 3157 utriusque
991 3085 1090 3137 viri
1112 3085 1322 3136 nimiam
1344 3087 1398 3137 in
1414 3084 1718 3138 definiendo

701 3168 820 3219 vitae
852 3165 1044 3219 Catulli
1073 3165 1297 3217 termino
1333 3166 1717 3217 aberrationem

701 3246 905 3316 egregie
964 3244 1278 3295 examinavit
1328 3258 1378 3297 ct
1430 3243 1718 3297 vindicavit

705 3326 857 3396 Ila-*ple
886 3325 937 3373 in
975 3324 1107 3374 Dict.
1147 3323 1402 3393 histor-ique
1440 3336 1487 3374 et
1522 3328 1719 3395 critique

703 3419 828 3455 tom.
853 3404 911 3466 1,
951 3422 1003 3472 p.
1037 3403 1323 3463 864-866,
1352 3404 1442 3472 qui
1479 3403 1714 3456 medium

702 3496 882 3534 tenens
941 3481 1076 3531 inter
1131 3494 1414 3551 utrumque
1477 3482 1717 3535 concedit

702 3560 918 3632 quidem
937 3598 953 3620 ,
979 3579 1082 3610 non
1107 3561 1334 3630 amplius
1355 3562 1406 3611 in
1429 3562 1534 3612 vita
1565 3563 1717 3613 fuisse

700 3639 985 3701 Catullum,
1000 3657 1163 3707 quum
1181 3638 1318 3690 Ludi
1337 3641 1602 3692 Seculares
1617 3644 1719 3693 Au·

699 3720 830 3791 gusti
847 3718 1251 3781 celebrarentur,
1276 3717 1367 3770 sed
1386 3719 1629 3773 eumdem
1650 3720 1716 3772 ad

701 3800 1083 3870 provectiorem
1133 3809 1330 3849 {etatem
1385 3801 1683 3868 pervenisse
1702 3841 1717 3865 ‚

701 3897 858 3950 quam
894 3878 1109 3927 Vossius
1130 3878 1346 3946 putabat
1364 3916 1377 3938 ,
1406 3877 1610 3929 idoneis
1634 3900 1717 3932 ar·

700 3958 957 4027 gumentis
990 3957 1198 4008 evincit.
1230 3956 1390 4020 Quod
1433 3972 1604 4009 autem
1650 3959 1716 4011 ad

699 4049 931 4088 nostrum
962 4055 1171 4088 carmen
1199 4037 1407 4098 attinet,
1445 4036 1495 4087 id
1522 4058 1583 4089 eo
1610 4040 1716 4090 for·

1792 1271 1921 1311 tasse
1946 1261 2163 1312 oonsilio
2192 1273 2313 1312 ante
2340 1259 2520 1313 Ludos
2546 1261 2816 1315 Seculares

1792 1357 1819 1388 a
1853 1339 2009 1391 Poeta
2034 1352 2211 1391 nostro
2241 1340 2495 1412 scriptum
2522 1341 2681 1393 fuisse
2714 1343 2759 1392 V
2772 1345 2816 1394 ir

1793 1415 1978 1470 doctus
2021 1431 2256 1470 autumat
2278 1459 2293 1483 ,
2335 1434 2392 1472 ut
2440 1420 2521 1472 vel
2577 1435 2813 1491 paratum

1789 1500 1897 1568 jam
1919 1500 2111 1568 jaceret
2141 1499 2266 1569 ipsis
2289 1497 2456 1552 Ludis
2484 1498 2816 1554 secularibus

1795 1577 2136 1643 instantibus,
2166 1579 2248 1630 vel
2289 1597 2485 1650 pueros
2514 1581 2819 1651 puellasque

1795 1654 1860 1708 ud
1897 1658 2016 1708 illos
2050 1658 2148 1710 rite
2192 1657 2535 1710 celebrandos
2567 1659 2672 1712 hoc
2705 1679 2818 1712 car·

1796 1736 1940 1787 mine
1978 1751 2217 1790 evocaret
2251 1750 2301 1790 et
2346 1753 2687 1809 prepararet.
2715 1737 2818 1792 Sed

1796 1816 1914 1886 quis
1927 1830 2030 1868 tam
2055 1818 2284 1887 angustis
2298 1818 2471 1888 magni
2489 1833 2660 1888 poetae
2680 1821 2822 1890 inge-

1796 1896 1945 1946 nium
1995 1897 2386 1950 circumscribat
2428 1897 2625 1949 finibus
2652 1939 2667 1961 ,
2720 1914 2816 1958 ut.

1798 1987 2043 2044 tanquam
2099 1996 2324 2047 praesens
2390 1978 2818 2049 praeteritumque

1800 2067 2005 2124 tempus
2058 2057 2299 2126 graviora
2356 2071 2667 2126 argumenta
2713 2077 2816 2109 non

1798 2133 2114 2205 suppeditet,
2132 2155 2253 2186 eum
2269 2154 2352 2187 res
2367 2136 2568 2188 futuras
2590 2136 2646 2188 in
2668 2155 2818 2188 usum

1800 2212 2034 2266 futurum
2056 2215 2287 2267 carmine
2305 2213 2696 2285 descripturum
2717 2235 2821 2267 esse

1800 2293 2097 2346 existimet?
2126 2294 2366 2347 Profecto
2398 2295 2502 2347 boc
2528 2308 2606 2347 est
2644 2309 2822 2367 poetas

1800 2386 1998 2424 veteres
2009 2392 2311 2446 comparare
2333 2392 2453 2425 cum
2474 2376 2645 2444 poetis
2665 2376 2823 2427 etatis

1802 2465 1991 2505 nostrae
2010 2453 2347 2506 mercenariis
2366 2492 2381 2518 ,
2408 2455 2501 2525 qui
2523 2473 2626 2525 pro
2644 2469 2821 2526 parata

1801 2532 2023 2601 pecunia
2056 2533 2243 2604 quovis
2271 2546 2510 2604 tempore
2536 2533 2592 2585 in
2626 2535 2822 2606 quevis

1802 2611 1975 2663 futura
2003 2625 2105 2664 tam
2135 2613 2300 2665 tristia
2317 2631 2476 2683 quam
2503 2613 2620 2666 laeta
2647 2615 2820 2667 homi·

1801 2709 1930 2742 num
1981 2692 2081 2743 sata
2118 2694 2170 2745 in
2216 2705 2471 2763 promptu
2507 2693 2745 2758 habent,
2775 2706 2821 2745 et

1803 2783 1979 2839 parata
2024 2774 2132 2839 jam
2179 2790 2269 2822 sua
2314 2772 2548 2824 carmina
2592 2773 2820 2844 emptori

1803 2849 2051 2902 offerunt.
2078 2851 2286 2903 Rectius
2306 2850 2463 2921 igitur
2484 2851 2590 2904 hoc
2611 2870 2820 2905 carmen

1805 2924 1947 2989 (nisi
1990 2929 2251 2998 hymnum
2292 2948 2480 2982 vocare
2521 2930 2715 2994 aulis)
2744 2931 2821 2982 vel

1807 3026 1930 3059 cum
1960 3010 2223 3071 Bentleio‚
2248 3010 2339 3080 qui
2367 3011 2590 3080 pessime
2624 3009 2762 3063 illud
2793 3030 2819 3062 a

1805 3088 1934 3139 viris
1954 3087 2119 3139 doctis
2141 3089 2365 3145 Seculare
2385 3089 2703 3161 inscriptum
2722 3109 2822 3142 esse

1801 3166 1895 3236 J'ud
1904 3168 2002 3219 icat
2024 3168 2077 3218 iu
2100 3167 2345 3219 Sententia
2372 3169 2431 3220 de
2460 3170 2749 3239 temporibus
2772 3171 2825 3220 le·-

1808 3246 1935 3298 brar.
1955 3249 2136 3299 Horat.
2150 3246 2218 3299 ad
2240 3248 2425 3299 festum
2453 3249 2661 3313 Diana,
2681 3246 2823 3321 quod

1806 3326 2022 3396 singulis
2048 3327 2196 3378 annis
2226 3345 2404 3379 mense
2429 3331 2671 3398 Augusto
2696 3330 2825 3381 cele·

1805 3407 2073 3470 brabatur,
2104 3407 2184 3457 vel
2230 3405 2294 3457 ad
2337 3425 2713 3479 quemcunque
2751 3428 2823 3460 sa·

1808 3505 1958 3537 crum
1986 3499 2037 3537 et
2061 3486 2376 3556 peculiarem
2393 3527 2408 3551 ,
2436 3487 2492 3539 in
2522 3488 2710 3541 Dianae
2732 3489 2823 3539 bo-

1806 3584 1988 3615 norem
2008 3604 2022 3626 ,
2052 3584 2201 3616 usum
2228 3565 2566 3618 referendum
2595 3566 2823 3625 videtur.

1806 3645 2072 3715 praecipue
2114 3663 2281 3715 quum
2332 3643 2592 3715 ejusmodi
2637 3646 2826 3716 hymni

1805 3724 2037 3775 amoebaei
2067 3724 2252 3794 saepius
2276 3743 2306 3774 a
2337 3725 2503 3777 choro
2534 3744 2825 3795 puerorum

1807 3804 2205 3873 puellarumque
2232 3803 2490 3855 nobilium
2520 3804 2575 3855 in
2603 3806 2826 3857 Dianam

1806 3896 1855 3934 et
1918 3883 2215 3954 Apollinem
2283 3880 2537 3936 decantati
2594 3884 2795 3937 fuerint
2813 3922 2828 3941 ,

1805 3964 1974 4031 qualis
2014 3981 2067 4014 v.
2099 3981 2145 4014 c.
2172 3973 2247 4013 est
2273 3961 2507 4031 hymnus
2532 3963 2744 4016 Horatii
2778 3964 2825 4014 iu

1808 4043 2026 4094 Dianam
2071 4055 2120 4094 et
2161 4041 2459 4110 Apollinem
2499 4040 2603 4093 Od.
2637 4045 2661 4094 1
2684 4082 2696 4099 ,
2732 4065 2821 4101 ια,
