2986 4935
784 438 1223 506 CARMEN
1280 436 1663 504 valll.
2131 430 2277 527 319

367 573 673 666 Speraret
712 594 834 637 nec
873 568 1163 663 linguam
1199 592 1373 652 esse,
1408 591 1531 635 nec
1567 564 1949 633 auriculam.

261 680 588 746 Praeterea
620 675 905 747 addebat
934 674 1317 769 quemdam,
1353 697 1550 767 quem
1587 671 1803 741 dicere
1844 669 1999 739 nolo
2223 699 2273 742 45

286 853 294 860 ,
372 784 690 868 Nomine,
731 806 814 850 nc
854 780 1043 876 tollat
1077 781 1277 849 rubra
1321 777 1683 873 supercilia.

260 893 537 985 Longus
571 889 775 957 homo
809 900 939 972 est,
984 910 1256 982 magnas
1298 887 1451 979 quoi
1497 882 1639 953 lites
1677 881 1893 951 intulit
1933 881 2089 950 olim

369 995 635 1064 Falsum
668 993 966 1062 mendaci
1002 1007 1233 1061 ventre
1271 991 1712 1092 puerperium.

237 1183 340 1242 44.
367 1174 540 1247 Speret
563 1196 648 1229 nec
672 1176 729 1228 in
752 1175 1002 1228 omnibus
1026 1173 1180 1227 MSS.
1268 1184 1597 1244 guranotare
1611 1167 1985 1224 simulvidetm·
1998 1168 2159 1221 animi
2173 1182 2278 1222 stu-

155 1255 310 1311 Statii
332 1268 386 1310 et
412 1253 610 1312 Codice
636 1254 885 1307 Pamvino
901 1292 917 1318 ,
942 1251 1086 1306 unde
1113 1252 1182 1307 ad
1269 1269 1473 1321 porem.
1495 1250 1580 1305 Cf.
1605 1248 2108 1313 Carm.Lxxxvl‚
2134 1255 2183 1312 4.
2200 1282 2278 1293 -

156 1354 373 1390 versum
416 1332 744 1389 fulciendum
789 1333 985 1386 Statius
1021 1334 1181 1386 verba
1268 1331 1370 1384 Hic
1392 1329 1680 1401 proceritas
1710 1338 1911 1380 tantum
1937 1326 2277 1397 significatur.

158 1416 458 1487 transponit
486 1415 561 1468 sic
578 1453 595 1482 ‚
618 1415 724 1468 Nec
753 1413 965 1482 linguam
991 1424 1145 1482 speret
1161 1432 1180 1464 .·
1351 1410 1441 1473 48.
1468 1410 1521 1463 F
1518 1411 1669 1461 alsam
1700 1407 1913 1459 mendaci
1943 1419 2109 1458 ventre
2136 1427 2278 1477 puer-

157 1492 252 1546 sed
297 1512 470 1565 neque
511 1494 758 1547 vossium
777 1526 795 1556 ,
834 1511 1005 1564 neque
1046 1492 1182 1544 Vul·
1261 1493 1443 1559 perium
1461 1508 1481 1541 .·
1517 1489 1601 1540 vel
1643 1485 1789 1557 quod
1832 1484 2084 1559 adoptare
2128 1487 2283 1539 vellet

157 1574 314 1644 pium
338 1574 508 1628 hiatus
533 1585 652 1644 post
681 1573 895 1641 linguam
921 1568 1180 1635 offendit,
1269 1566 1472 1638 prolem
1488 1565 1839 1620 adulterinam
1860 1576 1913 1617 et
1928 1564 2283 1634 illegitimam

156 1670 258 1706 nec
298 1650 466 1719 adeo,
497 1664 655 1723 pum,
697 1650 888 1704 catulli
933 1651 1182 1703 lectorem
1270 1649 1351 1700 vel
1384 1644 1529 1718 quod
1561 1647 1672 1717 ipse
1705 1642 1963 1697 adulterio
1997 1657 2286 1715 conceptus

157 1730 440 1785 offendere
470 1729 660 1796 debet;
693 1731 907 1785 interim
940 1728 1184 1783 dedimus
1270 1726 1474 1780 homiui
1509 1724 1761 1794 locupleti
1801 1723 2101 1793 suppositus
2131 1737 2276 1776 esset.

155 1811 448 1866 lectionem
477 1810 758 1881 vulgatam.
1270 1807 1475 1859 -Haec
1492 1808 1651 1876 janua
1673 1802 2034 1856 taciturnitatis
2051 1800 2285 1867 laudem,

242 1891 343 1956 45.
365 1889 592 1944 Ardebat
611 1890 666 1944 in
693 1887 1025 1961 quibusdam.
1272 1904 1431 1956 quam
1472 1884 1766 1953 Praxagora
1796 1900 1900 1934 suae
1934 1882 2159 1934 lucerna
2190 1882 2282 1935 tri-

240 1974 343 2036 46.
374 1970 453 2023 Ne
491 1969 630 2022 tollat
660 1970 804 2021 rubra
840 1988 944 2038 sup.
983 1988 1049 2022 ne
1092 1986 1183 2020 ex·
1272 1965 1388 2018 buit
1414 1959 1773 2033 (Aristophan.
1798 1961 2107 2013 Concionat.
2138 1979 2279 2013 scen.

155 2062 437 2122 asperetur
464 2049 572 2113 ira,
600 2067 764 2120 quam
791 2049 995 2101 sublata
1026 2060 1077 2100 ct
1106 2059 1184 2098 at·
1272 2033 1451 2115 prim.)
1472 2062 1582 2095 non
1606 2043 1750 2094 feret.
1777 2043 1845 2091 At
1864 2040 2158 2109 exemplum
2190 2037 2283 2091 de·

158 2142 331 2184 tracta
362 2127 642 2198 supercilia
669 2147 778 2199 prae
806 2147 858 2181 se
886 2128 1078 2181 ferunt.
1100 2126 1183 2180 Cf.
1273 2122 1351 2176 dit
1374 2121 1752 2176 recentioribus
1782 2119 1948 2189 poetis
1967 2157 1982 2182 ,
2004 2116 2150 2187 quod
2182 2119 2284 2169 uti·

157 2210 349 2262 Deum
374 2207 475 2260 Fil.
501 2206 568 2260 ad
594 2207 652 2261 h.
675 2209 711 2260 l.
1277 2221 1402 2256 nam
1432 2203 1560 2255 salse
1585 2213 1789 2254 tantum
1805 2235 1821 2262 ‚
1850 2216 1957 2250 non
1989 2194 2285 2267 impudice,

242 2294 343 2357 47.
366 2289 579 2357 Longus.
599 2286 853 2356 Longiori
870 2284 1110 2355 corporis
1123 2283 1187 2336 fi·
1276 2282 1462 2335 imitati
1489 2291 1676 2333 essent.
1704 2279 1772 2330 N.

688 2469 1240 2559 CARMEN
1315 2462 1778 2553 LXVIII.

936 2679 1044 2723 An
1099 2671 1538 2745 summum.

886 2982 1579 3045 ARGUMENTUM.

235 3156 340 3205 An
371 3150 674 3203 Mannum.
704 3148 770 3198 In
797 3139 1074 3197 scribendo
1109 3140 1214 3193 hoc
1239 3139 1454 3192 nomine
1489 3136 1613 3189 libri
1644 3132 1793 3186 MSS.
1836 3144 1895 3184 et.
1915 3130 2062 3185 editt.
2096 3143 2292 3185 veteres

148 3234 374 3287 mirum
402 3231 457 3283 in
489 3225 708 3280 modum
737 3223 1058 3294 discrepant3
1091 3221 1337 3272 scribitur
1365 3218 1505 3270 enim
1542 3213 1704 3267 modo
1733 3213 1914 3265 Mala„
1931 3254 1945 3275 ,
1969 3210 2131 3263 modo
2160 3212 2294 3263 Mat.

143 3314 256 3365 lius
268 3352 288 3377 ,
327 3306 496 3363 modo
523 3306 756 3359 Manilius
775 3345 790 3368 ‚
822 3302 983 3354 modo
1007 3301 1171 3353 Allius
1191 3321 1211 3363 ‚·
1240 3297 1419 3351 eadem
1448 3297 1606 3366 hujus
1629 3293 1861 3345 nominis
1886 3292 2124 3345 confusio
2144 3292 2293 3343 estin

140 3393 277 3446 aliis
308 3386 678 3461 scriptoribus.
702 3382 831 3437 Vid.
861 3400 994 3453 quos
1018 3378 1195 3433 laudat
1226 3377 1518 3430 Santenius.

236 3468 496 3526 Catullus
512 3465 713 3518 Manlio
736 3454 828 3530 (de
851 3480 957 3532 quo
981 3458 1094 3512 vid.
1116 3477 1269 3531 supra
1292 3459 1673 3526 Argumentum
1694 3451 1760 3504 ad
1783 3452 1958 3504 Carm.
1979 3440 2141 3517 LXI)
2160 3488 2174 3511 ,
2208 3468 2291 3502 re·

142 3548 445 3625 spondens
473 3543 543 3598 ad
570 3548 680 3615 ejus
702 3543 902 3607 literas,
923 3541 978 3592 in
1004 3540 1194 3611 quibus
1217 3538 1304 3589 ille
1329 3534 1396 3591 de
1426 3534 1617 3588 acerbo
1640 3531 1870 3603 quodam
1887 3568 1901 3591 ,
1930 3548 2087 3601 quem
2111 3547 2293 3598 exper-

142 3644 240 3685 tus
271 3630 487 3690 fuerat,
519 3643 640 3678 casu
663 3623 889 3675 multum
910 3633 961 3673 et
987 3619 1175 3671 misere
1197 3629 1406 3688 questus
1428 3616 1626 3679 suerat,
1655 3625 1706 3665 et
1734 3610 1935 3664 doloris
1963 3609 2041 3660 sui
2069 3605 2295 3677 leniendi

139 3709 337 3783 gratia
372 3724 564 3758 munera
586 3702 834 3755 Musarum
856 3711 906 3750 et
928 3700 984 3751 V
979 3702 1159 3761 ene-mle,
1191 3697 1250 3748 h.
1279 3715 1325 3747 e.
1353 3712 1562 3747 carmen
1591 3690 1862 3763 quoddam
1892 3687 2291 3740 consolatorium

142 3803 203 3845 et
236 3784 575 3850 amatorium
600 3800 631 3833 a
655 3793 810 3852 poeta
834 3791 1010 3830 nostro
1036 3777 1277 3849 petierat,
1297 3775 1398 3827 hoc
1428 3771 1658 3826 carmine
1686 3771 1943 3832 declarat,
1968 3786 2021 3817 se
2038 3805 2052 3829 ,
2079 3764 2202 3816 licet
2227 3781 2288 3814 ex

143 3887 216 3923 eo
235 3906 256 3934 ,
296 3861 457 3938 quod
484 3861 721 3914 officium
752 3858 991 3912 amicitioe
1015 3857 1070 3909 in
1101 3875 1159 3908 re
1191 3855 1319 3909 tristi
1341 3872 1369 3905 a
1404 3871 1457 3904 se
1488 3851 1801 3920 exigat,non
1824 3848 1934 3901 sine
1949 3861 2133 3914 magua
2148 3842 2296 3894 volu·

138 3961 350 4021 ptate,
382 3960 543 4014 quam
575 3941 632 3992 in
662 3939 887 3993 amicitia
919 3957 1008 3992 sua
1035 3950 1225 4008 ponat,
1255 3930 1556 4003 cognoverit
1581 3927 1862 3990 fiduciam,
1893 3939 2067 3978 tamen
2085 3960 2100 3985 ‚
2129 3938 2293 3991 quum

140 4028 272 4101 ipae
310 4021 629 4095 gravissimo
659 4020 730 4071 ob
761 4017 932 4071 fratris
956 4015 1241 4069 dulcissimi
1262 4023 1484 4065 mortem
1517 4007 1701 4062 dolore
1726 4025 1868 4060 nunc
1897 4019 2174 4075 oppressus
2199 4000 2295 4063 sit,

140 4105 253 4179 qui
290 4120 467 4156 omne
494 4099 766 4152 Musarum
791 4094 1023 4149 studium
1046 4108 1097 4149 et
1118 4111 1298 4148 omues
1321 4089 1486 4143 animi
1510 4087 1722 4142 delicias
1738 4084 2007 4139 abstulerit
2035 4095 2087 4135 et
2107 4077 2175 4133 de
2194 4090 2300 4132 tota

142 4195 360 4239 mente
391 4179 650 4251 fugaverit
670 4217 684 4242 ,
712 4177 859 4231 nullo
888 4173 1049 4228 modo
1074 4172 1197 4226 huic
1224 4171 1401 4223 officio
1428 4168 1715 4221 satisfacere
1741 4183 1906 4237 posse.
1935 4163 2016 4214 Ne
2043 4180 2168 4215 vero
2200 4159 2299 4210 hac
