<?xml version="1.0" encoding="UTF-8"?>
<!DOCTYPE html PUBLIC "-//W3C//DTD XHTML 1.0 Transitional//EN"
    "http://www.w3.org/TR/xhtml1/DTD/xhtml1-transitional.dtd">
<html xmlns="http://www.w3.org/1999/xhtml" xml:lang="en" lang="en">
 <head>
  <title>
</title>
<meta http-equiv="Content-Type" content="text/html;charset=utf-8" />
  <meta name='ocr-system' content='tesseract 3.04.00' />
  <meta name='ocr-capabilities' content='ocr_page ocr_carea ocr_par ocr_line ocrx_word'/>
</head>
<body>
  <div class='ocr_page' id='page_1' title='image "./cvaleriuscatull00naudgoog_0212.png"; bbox 0 0 2986 4935; ppageno 0'>
   <div class='ocr_carea' id='block_1_1' title="bbox 703 451 840 541">
    <p class='ocr_par' dir='ltr' id='par_1_1' title="bbox 703 451 840 541">
     <span class='ocr_line' id='line_1_1' title="bbox 703 451 840 541; baseline 0 -25"><span class='ocrx_word' id='word_1_1' title='bbox 703 451 840 541; x_wconf 72' lang='grc'><strong>194</strong></span> 
     </span>
    </p>
   </div>
   <div class='ocr_carea' id='block_1_2' title="bbox 1204 440 2277 507">
    <p class='ocr_par' dir='ltr' id='par_1_2' title="bbox 1204 440 2277 507">
     <span class='ocr_line' id='line_1_2' title="bbox 1204 440 2277 507; baseline -0.003 0"><span class='ocrx_word' id='word_1_2' title='bbox 1204 441 1759 507; x_wconf 83' lang='lat' dir='ltr'><strong>C.VALER11</strong></span> <span class='ocrx_word' id='word_1_3' title='bbox 1821 440 2277 506; x_wconf 84' lang='lat' dir='ltr'><strong>CATULLI</strong></span> 
     </span>
    </p>
   </div>
   <div class='ocr_carea' id='block_1_3' title="bbox 1110 564 2217 1486">
    <p class='ocr_par' dir='ltr' id='par_1_3' title="bbox 1111 564 2143 981">
     <span class='ocr_line' id='line_1_3' title="bbox 1112 564 1875 657; baseline -0.007 -17"><span class='ocrx_word' id='word_1_4' title='bbox 1112 564 1414 657; x_wconf 85' lang='lat' dir='ltr'><strong>Caelites)</strong></span> <span class='ocrx_word' id='word_1_5' title='bbox 1453 569 1875 638; x_wconf 86' lang='lat' dir='ltr'><strong>nihilominus</strong></span> 
     </span>
     <span class='ocr_line' id='line_1_4' title="bbox 1111 677 2143 769; baseline -0.004 -23"><span class='ocrx_word' id='word_1_6' title='bbox 1111 677 1391 746; x_wconf 84' lang='lat' dir='ltr'><strong>Pulcher</strong></span> <span class='ocrx_word' id='word_1_7' title='bbox 1427 702 1533 760; x_wconf 87' lang='lat' dir='ltr'><strong>es,</strong></span> <span class='ocrx_word' id='word_1_8' title='bbox 1570 700 1780 769; x_wconf 90' lang='lat' dir='ltr'><strong>neque</strong></span> <span class='ocrx_word' id='word_1_9' title='bbox 1819 690 1897 760; x_wconf 71' lang='lat' dir='ltr'><strong>te¹</strong></span> <span class='ocrx_word' id='word_1_10' title='bbox 1915 678 2143 743; x_wconf 83' lang='lat' dir='ltr'><strong>Venus</strong></span> 
     </span>
     <span class='ocr_line' id='line_1_5' title="bbox 1112 781 1966 877; baseline -0.004 -25"><span class='ocrx_word' id='word_1_11' title='bbox 1112 782 1420 877; x_wconf 79' lang='lat' dir='ltr'><strong>Negligit.</strong></span> <span class='ocrx_word' id='word_1_12' title='bbox 1457 782 1582 849; x_wconf 88' lang='lat' dir='ltr'><strong>Sed</strong></span> <span class='ocrx_word' id='word_1_13' title='bbox 1625 782 1762 848; x_wconf 86' lang='lat' dir='ltr'><strong>abit</strong></span> <span class='ocrx_word' id='word_1_14' title='bbox 1793 781 1966 864; x_wconf 81' lang='lat' dir='ltr'><strong>dies3</strong></span> 
     </span>
     <span class='ocr_line' id='line_1_6' title="bbox 1112 895 1852 981; baseline -0.004 -24"><span class='ocrx_word' id='word_1_15' title='bbox 1112 895 1353 981; x_wconf 82' lang='lat' dir='ltr'><strong>Perge,</strong></span> <span class='ocrx_word' id='word_1_16' title='bbox 1384 914 1465 955; x_wconf 89' lang='lat' dir='ltr'><strong>ne</strong></span> <span class='ocrx_word' id='word_1_17' title='bbox 1504 910 1852 955; x_wconf 79' lang='lat' dir='ltr'><strong>remorare.</strong></span> 
     </span>
    </p>

    <p class='ocr_par' dir='ltr' id='par_1_4' title="bbox 1110 994 2217 1486">
     <span class='ocr_line' id='line_1_7' title="bbox 1324 994 2155 1062; baseline 0.001 -1"><span class='ocrx_word' id='word_1_18' title='bbox 1324 997 1475 1062; x_wconf 85' lang='lat' dir='ltr'><strong>Non</strong></span> <span class='ocrx_word' id='word_1_19' title='bbox 1518 994 1629 1061; x_wconf 87' lang='lat' dir='ltr'><strong>diu</strong></span> <span class='ocrx_word' id='word_1_20' title='bbox 1669 1008 2034 1062; x_wconf 84' lang='lat' dir='ltr'><strong>remoratus</strong></span> <span class='ocrx_word' id='word_1_21' title='bbox 2069 1019 2155 1062; x_wconf 79' lang='lat' dir='ltr'><strong>es,</strong></span> 
     </span>
     <span class='ocr_line' id='line_1_8' title="bbox 1110 1101 2087 1170; baseline -0.003 0"><span class='ocrx_word' id='word_1_22' title='bbox 1110 1108 1253 1170; x_wconf 84' lang='lat' dir='ltr'><strong>Jam</strong></span> <span class='ocrx_word' id='word_1_23' title='bbox 1301 1103 1501 1168; x_wconf 85' lang='lat' dir='ltr'><strong>venis.</strong></span> <span class='ocrx_word' id='word_1_24' title='bbox 1544 1103 1725 1167; x_wconf 83' lang='lat' dir='ltr'><strong>Bona</strong></span> <span class='ocrx_word' id='word_1_25' title='bbox 1761 1113 1825 1167; x_wconf 83' lang='lat' dir='ltr'><strong>te</strong></span> <span class='ocrx_word' id='word_1_26' title='bbox 1858 1101 2087 1168; x_wconf 86' lang='lat' dir='ltr'><strong>Venus</strong></span> 
     </span>
     <span class='ocr_line' id='line_1_9' title="bbox 1113 1203 2017 1299; baseline -0.004 -24"><span class='ocrx_word' id='word_1_27' title='bbox 1113 1209 1365 1275; x_wconf 70' lang='lat' dir='ltr'><strong>juverit</strong></span> <span class='ocrx_word' id='word_1_28' title='bbox 1397 1232 1410 1271; x_wconf 92' lang='lat'>:</span> <span class='ocrx_word' id='word_1_29' title='bbox 1450 1208 1756 1299; x_wconf 87' lang='lat' dir='ltr'><strong>quoniam</strong></span> <span class='ocrx_word' id='word_1_30' title='bbox 1803 1203 2017 1298; x_wconf 83' lang='lat' dir='ltr'><strong>palam</strong></span> 
     </span>
     <span class='ocr_line' id='line_1_10' title="bbox 1114 1312 2217 1404; baseline -0.006 -22"><span class='ocrx_word' id='word_1_31' title='bbox 1114 1314 1313 1402; x_wconf 80' lang='lat' dir='ltr'><strong>Quod</strong></span> <span class='ocrx_word' id='word_1_32' title='bbox 1352 1313 1577 1404; x_wconf 66' lang='lat' dir='ltr'><strong>cupis»,</strong></span> <span class='ocrx_word' id='word_1_33' title='bbox 1616 1313 1829 1404; x_wconf 66' lang='grc' dir='ltr'><strong>σειρᾶς,</strong></span> <span class='ocrx_word' id='word_1_34' title='bbox 1866 1324 1932 1377; x_wconf 85' lang='lat' dir='ltr'><strong>et</strong></span> <span class='ocrx_word' id='word_1_35' title='bbox 1975 1312 2217 1377; x_wconf 87' lang='lat' dir='ltr'><strong>bonum</strong></span> 
     </span>
     <span class='ocr_line' id='line_1_11' title="bbox 1113 1416 1995 1486; baseline -0.005 -1"><span class='ocrx_word' id='word_1_36' title='bbox 1113 1420 1267 1486; x_wconf 88' lang='lat' dir='ltr'><strong>Non</strong></span> <span class='ocrx_word' id='word_1_37' title='bbox 1304 1416 1650 1486; x_wconf 83' lang='lat' dir='ltr'>abscondis</span> <span class='ocrx_word' id='word_1_38' title='bbox 1685 1437 1995 1484; x_wconf 85' lang='lat' dir='ltr'><strong>amorem.</strong></span> 
     </span>
    </p>
   </div>
   <div class='ocr_carea' id='block_1_4' title="bbox 1319 1521 2073 1615">
    <p class='ocr_par' dir='ltr' id='par_1_5' title="bbox 1319 1521 2073 1615">
     <span class='ocr_line' id='line_1_12' title="bbox 1319 1521 2073 1615; baseline -0.001 -26"><span class='ocrx_word' id='word_1_39' title='bbox 1319 1522 1433 1590; x_wconf 90' lang='lat' dir='ltr'><strong>Ille</strong></span> <span class='ocrx_word' id='word_1_40' title='bbox 1479 1521 1694 1615; x_wconf 86' lang='lat' dir='ltr'><strong>pulvis</strong></span> <span class='ocrx_word' id='word_1_41' title='bbox 1729 1522 2035 1614; x_wconf 87' lang='lat' dir='ltr'><strong>Erythrei</strong></span> <span class='ocrx_word' id='word_1_42' title='bbox 2055 1575 2073 1603; x_wconf 90' lang='lat'>,</span> 
     </span>
    </p>
   </div>
   <div class='ocr_carea' id='block_1_5' title="bbox 695 1703 1715 1924">
    <p class='ocr_par' dir='ltr' id='par_1_6' title="bbox 695 1703 1715 1924">
     <span class='ocr_line' id='line_1_13' title="bbox 695 1703 1711 1785; baseline -0.012 -19"><span class='ocrx_word' id='word_1_43' title='bbox 695 1727 848 1785; x_wconf 84' lang='lat' dir='ltr'><strong>rupte</strong></span> <span class='ocrx_word' id='word_1_44' title='bbox 871 1708 1136 1779; x_wconf 80' lang='lat' dir='ltr'><strong>legebatur</strong></span> <span class='ocrx_word' id='word_1_45' title='bbox 1162 1708 1229 1758; x_wconf 84' lang='lat' dir='ltr'><strong>ita</strong></span> <span class='ocrx_word' id='word_1_46' title='bbox 1257 1724 1270 1758; x_wconf 75' lang='grc' dir='ltr'>ε</span> <span class='ocrx_word' id='word_1_47' title='bbox 1308 1731 1328 1750; x_wconf 75' lang='grc' dir='ltr'><strong>ιι</strong></span> <span class='ocrx_word' id='word_1_48' title='bbox 1356 1703 1438 1756; x_wconf 84' lang='lat' dir='ltr'><strong>Ad</strong></span> <span class='ocrx_word' id='word_1_49' title='bbox 1466 1706 1711 1755; x_wconf 83' lang='lat' dir='ltr'><strong>maritum</strong></span> 
     </span>
     <span class='ocr_line' id='line_1_14' title="bbox 698 1783 1711 1858; baseline -0.012 -13"><span class='ocrx_word' id='word_1_50' title='bbox 698 1809 868 1845; x_wconf 75' lang='lat' dir='ltr'><strong>tamen</strong></span> <span class='ocrx_word' id='word_1_51' title='bbox 905 1793 1156 1858; x_wconf 86' lang='lat' dir='ltr'><strong>juvenum</strong></span> <span class='ocrx_word' id='word_1_52' title='bbox 1193 1784 1401 1838; x_wconf 85' lang='lat' dir='ltr'><strong>Coelites</strong></span> <span class='ocrx_word' id='word_1_53' title='bbox 1440 1783 1711 1835; x_wconf 85' lang='lat' dir='ltr'><strong>nihilomi-</strong></span> 
     </span>
     <span class='ocr_line' id='line_1_15' title="bbox 698 1861 1715 1924; baseline -0.012 0"><span class='ocrx_word' id='word_1_54' title='bbox 698 1891 794 1924; x_wconf 83' lang='lat' dir='ltr'><strong>nus</strong></span> <span class='ocrx_word' id='word_1_55' title='bbox 815 1869 1038 1922; x_wconf 85' lang='lat' dir='ltr'><strong>Pulchre</strong></span> <span class='ocrx_word' id='word_1_56' title='bbox 1057 1886 1152 1917; x_wconf 86' lang='lat' dir='ltr'><strong>res.</strong></span> <span class='ocrx_word' id='word_1_57' title='bbox 1183 1893 1204 1911; x_wconf 81' lang='grc' dir='ltr'><strong>ι-</strong></span> <span class='ocrx_word' id='word_1_58' title='bbox 1233 1861 1389 1916; x_wconf 86' lang='lat' dir='ltr'><strong>Unde</strong></span> <span class='ocrx_word' id='word_1_59' title='bbox 1403 1863 1715 1914; x_wconf 86' lang='lat' dir='ltr'><strong>Parthenius</strong></span> 
     </span>
    </p>
   </div>
   <div class='ocr_carea' id='block_1_6' title="bbox 703 1946 1741 2004">
    <p class='ocr_par' dir='ltr' id='par_1_7' title="bbox 703 1946 1741 2004">
     <span class='ocr_line' id='line_1_16' title="bbox 703 1946 1741 2004; baseline -0.013 0"><span class='ocrx_word' id='word_1_60' title='bbox 703 1954 891 2004; x_wconf 78' lang='lat' dir='ltr'><strong>fecerat</strong></span> <span class='ocrx_word' id='word_1_61' title='bbox 942 1975 962 1995; x_wconf 78' lang='grc' dir='ltr'><strong>ιι</strong></span> <span class='ocrx_word' id='word_1_62' title='bbox 997 1948 1066 1997; x_wconf 79' lang='lat' dir='ltr'><strong>At</strong></span> <span class='ocrx_word' id='word_1_63' title='bbox 1109 1946 1294 1997; x_wconf 80' lang='lat' dir='ltr'><strong>marita</strong></span> <span class='ocrx_word' id='word_1_64' title='bbox 1345 1957 1492 1994; x_wconf 86' lang='lat' dir='ltr'><strong>tuum</strong></span> <span class='ocrx_word' id='word_1_65' title='bbox 1540 1956 1741 1993; x_wconf 80' lang='lat' dir='ltr'><strong>tamen.</strong></span> 
     </span>
    </p>
   </div>
   <div class='ocr_carea' id='block_1_7' title="bbox 625 2022 1722 4155">
    <p class='ocr_par' dir='ltr' id='par_1_8' title="bbox 700 2022 1719 2731">
     <span class='ocr_line' id='line_1_17' title="bbox 701 2022 1707 2084; baseline -0.018 -1"><span class='ocrx_word' id='word_1_66' title='bbox 701 2030 891 2084; x_wconf 85' lang='lat' dir='ltr'><strong>Celites</strong></span> <span class='ocrx_word' id='word_1_67' title='bbox 919 2026 1263 2079; x_wconf 80' lang='lat' dir='ltr'><strong>nihilominus</strong></span> <span class='ocrx_word' id='word_1_68' title='bbox 1292 2022 1521 2075; x_wconf 86' lang='lat' dir='ltr'><strong>Pulchra</strong></span> <span class='ocrx_word' id='word_1_69' title='bbox 1551 2039 1659 2084; x_wconf 80' lang='lat' dir='ltr'><strong>res,</strong></span> <span class='ocrx_word' id='word_1_70' title='bbox 1687 2046 1707 2065; x_wconf 82' lang='lat'><strong>.</strong></span> 
     </span>
     <span class='ocr_line' id='line_1_18' title="bbox 700 2104 1716 2175; baseline -0.012 -14"><span class='ocrx_word' id='word_1_71' title='bbox 700 2123 751 2161; x_wconf 83' lang='lat' dir='ltr'><strong>et</strong></span> <span class='ocrx_word' id='word_1_72' title='bbox 770 2108 962 2163; x_wconf 78' lang='lat' dir='ltr'><strong>Statius</strong></span> <span class='ocrx_word' id='word_1_73' title='bbox 982 2104 1157 2175; x_wconf 78' lang='lat' dir='ltr'><strong>lepide</strong></span> <span class='ocrx_word' id='word_1_74' title='bbox 1181 2124 1243 2156; x_wconf 89' lang='lat' dir='ltr'><strong>ex</strong></span> <span class='ocrx_word' id='word_1_75' title='bbox 1272 2105 1567 2172; x_wconf 85' lang='lat' dir='ltr'><strong>conjectura</strong></span> <span class='ocrx_word' id='word_1_76' title='bbox 1594 2119 1716 2169; x_wconf 84' lang='lat' dir='ltr'><strong>pro-</strong></span> 
     </span>
     <span class='ocr_line' id='line_1_19' title="bbox 700 2184 1716 2261; baseline -0.013 -20"><span class='ocrx_word' id='word_1_77' title='bbox 700 2200 943 2261; x_wconf 81' lang='lat' dir='ltr'><strong>posuerat</strong></span> <span class='ocrx_word' id='word_1_78' title='bbox 991 2213 1016 2256; x_wconf 74' lang='grc' dir='ltr'><strong>Ιιι</strong></span> <span class='ocrx_word' id='word_1_79' title='bbox 1041 2184 1321 2236; x_wconf 84' lang='lat' dir='ltr'><strong>Admetum</strong></span> <span class='ocrx_word' id='word_1_80' title='bbox 1355 2185 1601 2250; x_wconf 85' lang='lat' dir='ltr'><strong>juvenem</strong></span> <span class='ocrx_word' id='word_1_81' title='bbox 1639 2191 1716 2229; x_wconf 87' lang='lat' dir='ltr'><strong>ta·</strong></span> 
     </span>
     <span class='ocr_line' id='line_1_20' title="bbox 705 2259 1717 2321; baseline -0.013 0"><span class='ocrx_word' id='word_1_82' title='bbox 705 2287 822 2321; x_wconf 90' lang='lat' dir='ltr'><strong>men</strong></span> <span class='ocrx_word' id='word_1_83' title='bbox 853 2266 1044 2318; x_wconf 79' lang='lat' dir='ltr'><strong>Celites</strong></span> <span class='ocrx_word' id='word_1_84' title='bbox 1082 2262 1456 2319; x_wconf 66' lang='lat' dir='ltr'><strong>nihilominuS,</strong></span> <span class='ocrx_word' id='word_1_85' title='bbox 1490 2259 1717 2311; x_wconf 85' lang='lat' dir='ltr'><strong>Pulchra</strong></span> 
     </span>
     <span class='ocr_line' id='line_1_21' title="bbox 704 2338 1717 2414; baseline -0.011 -16"><span class='ocrx_word' id='word_1_86' title='bbox 704 2366 797 2398; x_wconf 78' lang='lat' dir='ltr'><strong>res.</strong></span> <span class='ocrx_word' id='word_1_87' title='bbox 813 2373 830 2391; x_wconf 73' lang='grc' dir='ltr'>ι</span> <span class='ocrx_word' id='word_1_88' title='bbox 861 2341 1046 2414; x_wconf 85' lang='lat' dir='ltr'><strong>[Cujus</strong></span> <span class='ocrx_word' id='word_1_89' title='bbox 1061 2343 1299 2394; x_wconf 87' lang='lat' dir='ltr'><strong>lectionis</strong></span> <span class='ocrx_word' id='word_1_90' title='bbox 1314 2338 1717 2408; x_wconf 83' lang='lat' dir='ltr'><strong>explicationem</strong></span> 
     </span>
     <span class='ocr_line' id='line_1_22' title="bbox 705 2414 1716 2494; baseline -0.01 -18"><span class='ocrx_word' id='word_1_91' title='bbox 705 2426 824 2479; x_wconf 84' lang='lat' dir='ltr'><strong>vide</strong></span> <span class='ocrx_word' id='word_1_92' title='bbox 855 2425 922 2477; x_wconf 85' lang='lat' dir='ltr'><strong>sis</strong></span> <span class='ocrx_word' id='word_1_93' title='bbox 949 2419 1091 2494; x_wconf 84' lang='lat' dir='ltr'><strong>apud</strong></span> <span class='ocrx_word' id='word_1_94' title='bbox 1127 2414 1338 2492; x_wconf 64' lang='lat' dir='ltr'><strong>ipsum]</strong></span> <span class='ocrx_word' id='word_1_95' title='bbox 1367 2451 1445 2459; x_wconf 86' lang='grc'><strong>-</strong></span> <span class='ocrx_word' id='word_1_96' title='bbox 1474 2418 1716 2469; x_wconf 76' lang='lat' dir='ltr'><strong>Plausum</strong></span> 
     </span>
     <span class='ocr_line' id='line_1_23' title="bbox 700 2496 1718 2575; baseline -0.01 -18"><span class='ocrx_word' id='word_1_97' title='bbox 700 2510 804 2575; x_wconf 84' lang='lat' dir='ltr'><strong>jam</strong></span> <span class='ocrx_word' id='word_1_98' title='bbox 851 2504 968 2554; x_wconf 88' lang='lat' dir='ltr'><strong>tulit</strong></span> <span class='ocrx_word' id='word_1_99' title='bbox 1016 2503 1129 2553; x_wconf 80' lang='lat' dir='ltr'><strong>haec</strong></span> <span class='ocrx_word' id='word_1_100' title='bbox 1177 2500 1425 2571; x_wconf 79' lang='lat' dir='ltr'><strong>praeclara</strong></span> <span class='ocrx_word' id='word_1_101' title='bbox 1471 2496 1718 2565; x_wconf 84' lang='lat' dir='ltr'><strong>Scaligeri</strong></span> 
     </span>
     <span class='ocr_line' id='line_1_24' title="bbox 705 2577 1719 2643; baseline -0.01 -8"><span class='ocrx_word' id='word_1_102' title='bbox 705 2581 1000 2635; x_wconf 86' lang='lat' dir='ltr'><strong>emendatio</strong></span> <span class='ocrx_word' id='word_1_103' title='bbox 1034 2599 1062 2632; x_wconf 82' lang='lat' dir='ltr'><strong>a</strong></span> <span class='ocrx_word' id='word_1_104' title='bbox 1099 2580 1283 2643; x_wconf 77' lang='lat' dir='ltr'><strong>Vossio</strong></span> <span class='ocrx_word' id='word_1_105' title='bbox 1324 2590 1374 2629; x_wconf 88' lang='lat' dir='ltr'><strong>et</strong></span> <span class='ocrx_word' id='word_1_106' title='bbox 1408 2577 1606 2629; x_wconf 77' lang='lat' dir='ltr'><strong>caeteris</strong></span> <span class='ocrx_word' id='word_1_107' title='bbox 1640 2577 1719 2626; x_wconf 88' lang='lat' dir='ltr'><strong>in·</strong></span> 
     </span>
     <span class='ocr_line' id='line_1_25' title="bbox 705 2662 1027 2731; baseline -0.012 -18"><span class='ocrx_word' id='word_1_108' title='bbox 705 2662 1027 2731; x_wconf 77' lang='lat' dir='ltr'><strong>terpretibuS.</strong></span> 
     </span>
    </p>

    <p class='ocr_par' dir='ltr' id='par_1_9' title="bbox 625 2737 1720 3207">
     <span class='ocr_line' id='line_1_26' title="bbox 793 2737 1718 2809; baseline -0.006 -19"><span class='ocrx_word' id='word_1_109' title='bbox 793 2759 914 2809; x_wconf 83' lang='lat'>¹99·</span> <span class='ocrx_word' id='word_1_110' title='bbox 965 2738 1212 2807; x_wconf 75' lang='lat' dir='ltr'><strong>Negla&#39;git,</strong></span> <span class='ocrx_word' id='word_1_111' title='bbox 1243 2737 1297 2787; x_wconf 88' lang='lat' dir='ltr'><strong>h.</strong></span> <span class='ocrx_word' id='word_1_112' title='bbox 1329 2755 1374 2786; x_wconf 85' lang='lat' dir='ltr'><strong>e.</strong></span> <span class='ocrx_word' id='word_1_113' title='bbox 1407 2752 1595 2804; x_wconf 84' lang='lat' dir='ltr'><strong>parum</strong></span> <span class='ocrx_word' id='word_1_114' title='bbox 1627 2752 1718 2785; x_wconf 89' lang='lat' dir='ltr'><strong>cu·</strong></span> 
     </span>
     <span class='ocr_line' id='line_1_27' title="bbox 709 2813 1720 2901; baseline -0.005 -31"><span class='ocrx_word' id='word_1_115' title='bbox 709 2834 787 2872; x_wconf 84' lang='lat' dir='ltr'><strong>rat</strong></span> <span class='ocrx_word' id='word_1_116' title='bbox 781 2839 816 2901; x_wconf 63' lang='lat' dir='ltr'><strong>n?</strong></span> <span class='ocrx_word' id='word_1_117' title='bbox 845 2819 1044 2870; x_wconf 79' lang='lat' dir='ltr'><strong>(lictum</strong></span> <span class='ocrx_word' id='word_1_118' title='bbox 1079 2816 1209 2868; x_wconf 90' lang='lat' dir='ltr'><strong>mihi</strong></span> <span class='ocrx_word' id='word_1_119' title='bbox 1237 2813 1449 2869; x_wconf 78' lang='lat' dir='ltr'><strong>videtur</strong></span> <span class='ocrx_word' id='word_1_120' title='bbox 1471 2831 1566 2883; x_wconf 84' lang='lat' dir='ltr'><strong>per</strong></span> <span class='ocrx_word' id='word_1_121' title='bbox 1589 2815 1720 2865; x_wconf 73' lang='grc' dir='ltr'>λιτά·</span> 
     </span>
     <span class='ocr_line' id='line_1_28' title="bbox 711 2893 1719 2968; baseline -0.011 -15"><span class='ocrx_word' id='word_1_122' title='bbox 711 2919 838 2954; x_wconf 60' lang='lat' dir='ltr'><strong>vra-ta.</strong></span> <span class='ocrx_word' id='word_1_123' title='bbox 859 2917 955 2968; x_wconf 86' lang='lat' dir='ltr'><strong>pro</strong></span> <span class='ocrx_word' id='word_1_124' title='bbox 985 2923 1005 2944; x_wconf 75' lang='grc' dir='ltr'>ι</span> <span class='ocrx_word' id='word_1_125' title='bbox 1027 2910 1076 2947; x_wconf 79' lang='lat' dir='ltr'><strong>et</strong></span> <span class='ocrx_word' id='word_1_126' title='bbox 1101 2908 1156 2947; x_wconf 88' lang='lat' dir='ltr'><strong>tu</strong></span> <span class='ocrx_word' id='word_1_127' title='bbox 1176 2912 1387 2966; x_wconf 84' lang='lat' dir='ltr'><strong>quoque</strong></span> <span class='ocrx_word' id='word_1_128' title='bbox 1406 2893 1719 2962; x_wconf 79' lang='lat' dir='ltr'><strong>singularem</strong></span> 
     </span>
     <span class='ocr_line' id='line_1_29' title="bbox 709 2972 1719 3043; baseline -0.008 -14"><span class='ocrx_word' id='word_1_129' title='bbox 709 2978 931 3031; x_wconf 87' lang='lat' dir='ltr'><strong>Veneris</strong></span> <span class='ocrx_word' id='word_1_130' title='bbox 961 2994 1138 3028; x_wconf 75' lang='lat' dir='ltr'><strong>curam</strong></span> <span class='ocrx_word' id='word_1_131' title='bbox 1173 2989 1224 3028; x_wconf 86' lang='lat' dir='ltr'><strong>et</strong></span> <span class='ocrx_word' id='word_1_132' title='bbox 1254 2972 1626 3043; x_wconf 79' lang='lat' dir='ltr'><strong>benignitatem</strong></span> <span class='ocrx_word' id='word_1_133' title='bbox 1664 2972 1719 3022; x_wconf 84' lang='lat' dir='ltr'><strong>in</strong></span> 
     </span>
     <span class='ocr_line' id='line_1_30' title="bbox 625 3049 1720 3123; baseline -0.008 -13"><span class='ocrx_word' id='word_1_134' title='bbox 625 3074 627 3077; x_wconf 79' lang='grc'>’</span> <span class='ocrx_word' id='word_1_135' title='bbox 709 3074 947 3117; x_wconf 79' lang='lat' dir='ltr'><strong>concessa</strong></span> <span class='ocrx_word' id='word_1_136' title='bbox 983 3057 1075 3108; x_wconf 84' lang='lat' dir='ltr'><strong>tibi</strong></span> <span class='ocrx_word' id='word_1_137' title='bbox 1111 3056 1291 3107; x_wconf 76' lang='lat' dir='ltr'><strong>formae</strong></span> <span class='ocrx_word' id='word_1_138' title='bbox 1327 3049 1720 3123; x_wconf 84' lang='lat' dir='ltr'><strong>pulchritudine</strong></span> 
     </span>
     <span class='ocr_line' id='line_1_31' title="bbox 708 3137 1447 3207; baseline -0.009 -18"><span class='ocrx_word' id='word_1_139' title='bbox 708 3152 758 3189; x_wconf 86' lang='lat' dir='ltr'><strong>et</strong></span> <span class='ocrx_word' id='word_1_140' title='bbox 784 3137 1035 3207; x_wconf 81' lang='lat' dir='ltr'><strong>dignitate</strong></span> <span class='ocrx_word' id='word_1_141' title='bbox 1059 3148 1298 3204; x_wconf 81' lang='lat' dir='ltr'><strong>expertus</strong></span> <span class='ocrx_word' id='word_1_142' title='bbox 1324 3150 1395 3183; x_wconf 74' lang='lat' dir='ltr'><strong>es.</strong></span> <span class='ocrx_word' id='word_1_143' title='bbox 1425 3158 1447 3182; x_wconf 69' lang='grc' dir='ltr'>ι</span> 
     </span>
    </p>

    <p class='ocr_par' dir='ltr' id='par_1_10' title="bbox 698 3210 1722 3744">
     <span class='ocr_line' id='line_1_32' title="bbox 791 3210 1719 3275; baseline -0.01 -7"><span class='ocrx_word' id='word_1_144' title='bbox 791 3236 918 3268; x_wconf 75' lang='lat' dir='ltr'><strong>aoa.</strong></span> <span class='ocrx_word' id='word_1_145' title='bbox 949 3216 1060 3265; x_wconf 78' lang='lat' dir='ltr'><strong>Jum</strong></span> <span class='ocrx_word' id='word_1_146' title='bbox 1093 3216 1281 3275; x_wconf 83' lang='lat' dir='ltr'><strong>Venus,</strong></span> <span class='ocrx_word' id='word_1_147' title='bbox 1315 3211 1438 3262; x_wconf 81' lang='grc' dir='ltr'><em>ὀοηα</em></span> <span class='ocrx_word' id='word_1_148' title='bbox 1472 3223 1517 3260; x_wconf 81' lang='lat' dir='ltr'><strong>te</strong></span> <span class='ocrx_word' id='word_1_149' title='bbox 1559 3210 1719 3260; x_wconf 80' lang='lat' dir='ltr'><strong>Venus</strong></span> 
     </span>
     <span class='ocr_line' id='line_1_33' title="bbox 706 3290 1718 3366; baseline -0.009 -19"><span class='ocrx_word' id='word_1_150' title='bbox 706 3298 890 3349; x_wconf 74' lang='lat' dir='ltr'><strong>luvet-it</strong></span> <span class='ocrx_word' id='word_1_151' title='bbox 916 3294 1117 3366; x_wconf 85' lang='lat' dir='ltr'><strong>profert</strong></span> <span class='ocrx_word' id='word_1_152' title='bbox 1144 3311 1172 3343; x_wconf 87' lang='lat' dir='ltr'><strong>e</strong></span> <span class='ocrx_word' id='word_1_153' title='bbox 1198 3294 1336 3344; x_wconf 89' lang='lat' dir='ltr'><strong>libro</strong></span> <span class='ocrx_word' id='word_1_154' title='bbox 1355 3290 1517 3342; x_wconf 85' lang='lat' dir='ltr'><strong>veteri</strong></span> <span class='ocrx_word' id='word_1_155' title='bbox 1542 3290 1718 3340; x_wconf 79' lang='lat' dir='ltr'><strong>Passe-</strong></span> 
     </span>
     <span class='ocr_line' id='line_1_34' title="bbox 707 3369 1722 3427; baseline -0.009 0"><span class='ocrx_word' id='word_1_156' title='bbox 707 3376 880 3427; x_wconf 83' lang='lat' dir='ltr'><strong>ratius.</strong></span> <span class='ocrx_word' id='word_1_157' title='bbox 906 3372 1188 3425; x_wconf 78' lang='lat' dir='ltr'><strong>Venustior</strong></span> <span class='ocrx_word' id='word_1_158' title='bbox 1207 3390 1328 3423; x_wconf 80' lang='lat' dir='ltr'><strong>sane</strong></span> <span class='ocrx_word' id='word_1_159' title='bbox 1359 3371 1447 3421; x_wconf 88' lang='lat' dir='ltr'><strong>bic</strong></span> <span class='ocrx_word' id='word_1_160' title='bbox 1472 3369 1722 3419; x_wconf 78' lang='lat' dir='ltr'><strong>orationis</strong></span> 
     </span>
     <span class='ocr_line' id='line_1_35' title="bbox 706 3449 1712 3508; baseline -0.007 -5"><span class='ocrx_word' id='word_1_161' title='bbox 706 3454 879 3505; x_wconf 82' lang='lat' dir='ltr'><strong>color!</strong></span> <span class='ocrx_word' id='word_1_162' title='bbox 913 3484 993 3492; x_wconf 93' lang='lat'><strong>-—-</strong></span> <span class='ocrx_word' id='word_1_163' title='bbox 1028 3451 1168 3501; x_wconf 84' lang='lat' dir='ltr'><strong>Bona</strong></span> <span class='ocrx_word' id='word_1_164' title='bbox 1212 3464 1256 3501; x_wconf 79' lang='lat' dir='ltr'><strong>te</strong></span> <span class='ocrx_word' id='word_1_165' title='bbox 1296 3451 1457 3501; x_wconf 83' lang='lat' dir='ltr'><strong>Venus</strong></span> <span class='ocrx_word' id='word_1_166' title='bbox 1498 3449 1712 3508; x_wconf 72' lang='lat' dir='ltr'><strong>laverit,</strong></span> 
     </span>
     <span class='ocr_line' id='line_1_36' title="bbox 705 3528 1717 3604; baseline -0.007 -21"><span class='ocrx_word' id='word_1_167' title='bbox 705 3531 930 3604; x_wconf 85' lang='lat' dir='ltr'><strong>propitia</strong></span> <span class='ocrx_word' id='word_1_168' title='bbox 972 3530 1066 3582; x_wconf 80' lang='lat' dir='ltr'><strong>tibi</strong></span> <span class='ocrx_word' id='word_1_169' title='bbox 1108 3529 1276 3581; x_wconf 82' lang='lat' dir='ltr'><strong>aderit</strong></span> <span class='ocrx_word' id='word_1_170' title='bbox 1322 3542 1374 3581; x_wconf 84' lang='lat' dir='ltr'><strong>et</strong></span> <span class='ocrx_word' id='word_1_171' title='bbox 1415 3528 1717 3598; x_wconf 79' lang='lat' dir='ltr'><strong>nuptiarum</strong></span> 
     </span>
     <span class='ocr_line' id='line_1_37' title="bbox 701 3605 1717 3678; baseline -0.009 -14"><span class='ocrx_word' id='word_1_172' title='bbox 701 3626 911 3664; x_wconf 87' lang='lat' dir='ltr'><strong>tuarum</strong></span> <span class='ocrx_word' id='word_1_173' title='bbox 943 3622 1190 3662; x_wconf 82' lang='lat' dir='ltr'><strong>eventum</strong></span> <span class='ocrx_word' id='word_1_174' title='bbox 1220 3610 1423 3678; x_wconf 86' lang='lat' dir='ltr'><strong>jubebit</strong></span> <span class='ocrx_word' id='word_1_175' title='bbox 1460 3625 1568 3657; x_wconf 82' lang='lat' dir='ltr'><strong>esse</strong></span> <span class='ocrx_word' id='word_1_176' title='bbox 1604 3605 1717 3656; x_wconf 79' lang='lat' dir='ltr'><strong>feli-</strong></span> 
     </span>
     <span class='ocr_line' id='line_1_38' title="bbox 698 3692 1408 3744; baseline -0.017 0"><span class='ocrx_word' id='word_1_177' title='bbox 698 3692 982 3744; x_wconf 74' lang='lat' dir='ltr'><strong>cissimum.</strong></span> <span class='ocrx_word' id='word_1_178' title='bbox 1400 3728 1408 3732; x_wconf 71' lang='grc'><strong>,</strong></span> 
     </span>
    </p>

    <p class='ocr_par' dir='ltr' id='par_1_11' title="bbox 690 3762 1718 4155">
     <span class='ocr_line' id='line_1_39' title="bbox 786 3762 1718 3833; baseline -0.008 -13"><span class='ocrx_word' id='word_1_179' title='bbox 786 3769 911 3820; x_wconf 78' lang='lat'><strong>203.</strong></span> <span class='ocrx_word' id='word_1_180' title='bbox 934 3769 1128 3829; x_wconf 74' lang='lat' dir='ltr'><strong>Palam,</strong></span> <span class='ocrx_word' id='word_1_181' title='bbox 1155 3786 1262 3819; x_wconf 86' lang='lat' dir='ltr'><strong>nou</strong></span> <span class='ocrx_word' id='word_1_182' title='bbox 1288 3766 1498 3826; x_wconf 74' lang='lat' dir='ltr'><strong>furtive.</strong></span> <span class='ocrx_word' id='word_1_183' title='bbox 1516 3762 1608 3815; x_wconf 66' lang='lat' dir='ltr'><strong>sed</strong></span> <span class='ocrx_word' id='word_1_184' title='bbox 1626 3782 1718 3833; x_wconf 88' lang='lat' dir='ltr'><strong>pu·</strong></span> 
     </span>
     <span class='ocr_line' id='line_1_40' title="bbox 699 3848 1188 3903; baseline -0.008 -1"><span class='ocrx_word' id='word_1_185' title='bbox 699 3851 835 3902; x_wconf 85' lang='lat' dir='ltr'><strong>blica</strong></span> <span class='ocrx_word' id='word_1_186' title='bbox 861 3848 1188 3903; x_wconf 78' lang='lat' dir='ltr'><strong>auctoritate.</strong></span> 
     </span>
     <span class='ocr_line' id='line_1_41' title="bbox 703 3922 1704 3994; baseline -0.002 -19"><span class='ocrx_word' id='word_1_187' title='bbox 703 3970 706 3975; x_wconf 79' lang='grc'><strong>.</strong></span> <span class='ocrx_word' id='word_1_188' title='bbox 781 3934 909 3989; x_wconf 71' lang='lat'><strong>²04.</strong></span> <span class='ocrx_word' id='word_1_189' title='bbox 944 3927 1091 3993; x_wconf 81' lang='lat' dir='ltr'><strong>Quod</strong></span> <span class='ocrx_word' id='word_1_190' title='bbox 1120 3930 1247 3994; x_wconf 78' lang='lat' dir='ltr'><strong>cupis</strong></span> <span class='ocrx_word' id='word_1_191' title='bbox 1283 3927 1414 3993; x_wconf 74' lang='lat' dir='ltr'><strong>cupis</strong></span> <span class='ocrx_word' id='word_1_192' title='bbox 1444 3922 1620 3973; x_wconf 82' lang='lat' dir='ltr'><strong>Heius.</strong></span> <span class='ocrx_word' id='word_1_193' title='bbox 1653 3923 1704 3974; x_wconf 87' lang='lat' dir='ltr'><strong>in</strong></span> 
     </span>
     <span class='ocr_line' id='line_1_42' title="bbox 694 4001 1703 4060; baseline -0.009 0"><span class='ocrx_word' id='word_1_194' title='bbox 694 4021 804 4060; x_wconf 86' lang='lat' dir='ltr'><strong>not.</strong></span> <span class='ocrx_word' id='word_1_195' title='bbox 830 4004 896 4057; x_wconf 84' lang='lat' dir='ltr'><strong>ad</strong></span> <span class='ocrx_word' id='word_1_196' title='bbox 930 4006 1116 4058; x_wconf 83' lang='lat' dir='ltr'><strong>Catull.</strong></span> <span class='ocrx_word' id='word_1_197' title='bbox 1149 4004 1311 4056; x_wconf 82' lang='lat' dir='ltr'><strong>male!</strong></span> <span class='ocrx_word' id='word_1_198' title='bbox 1344 4021 1465 4054; x_wconf 76' lang='lat' dir='ltr'><strong>nam</strong></span> <span class='ocrx_word' id='word_1_199' title='bbox 1492 4002 1565 4052; x_wconf 76' lang='lat' dir='ltr'><strong>sic</strong></span> <span class='ocrx_word' id='word_1_200' title='bbox 1585 4001 1703 4052; x_wconf 88' lang='lat' dir='ltr'><strong>dul·</strong></span> 
     </span>
     <span class='ocr_line' id='line_1_43' title="bbox 690 4083 1453 4155; baseline -0.012 -16"><span class='ocrx_word' id='word_1_201' title='bbox 690 4088 888 4143; x_wconf 73' lang='lat' dir='ltr'><strong>cissima</strong></span> <span class='ocrx_word' id='word_1_202' title='bbox 921 4086 1055 4155; x_wconf 80' lang='lat' dir='ltr'><strong>perit</strong></span> <span class='ocrx_word' id='word_1_203' title='bbox 1077 4083 1453 4154; x_wconf 81' lang='lat' dir='ltr'><strong>paronomasia.</strong></span> 
     </span>
    </p>
   </div>
   <div class='ocr_carea' id='block_1_8' title="bbox 1794 1703 2829 3848">
    <p class='ocr_par' dir='ltr' id='par_1_12' title="bbox 1794 1703 2829 3848">
     <span class='ocr_line' id='line_1_44' title="bbox 1880 1703 2822 1778; baseline 0.006 -24"><span class='ocrx_word' id='word_1_204' title='bbox 1880 1709 2000 1755; x_wconf 81' lang='lat'><strong>206.</strong></span> <span class='ocrx_word' id='word_1_205' title='bbox 2030 1703 2116 1754; x_wconf 79' lang='lat' dir='ltr'><strong>Ille</strong></span> <span class='ocrx_word' id='word_1_206' title='bbox 2132 1703 2339 1772; x_wconf 75' lang='lat' dir='ltr'><strong>pulveris</strong></span> <span class='ocrx_word' id='word_1_207' title='bbox 2360 1705 2618 1778; x_wconf 64' lang='lat' dir='ltr'><strong>Erythraei</strong></span> <span class='ocrx_word' id='word_1_208' title='bbox 2637 1710 2822 1762; x_wconf 62' lang='lat' dir='ltr'><strong>vitiose</strong></span> 
     </span>
     <span class='ocr_line' id='line_1_45' title="bbox 1797 1781 2821 1861; baseline 0.009 -27"><span class='ocrx_word' id='word_1_209' title='bbox 1797 1783 1849 1834; x_wconf 92' lang='lat' dir='ltr'><strong>in</strong></span> <span class='ocrx_word' id='word_1_210' title='bbox 1887 1782 1996 1834; x_wconf 82' lang='lat' dir='ltr'><strong>MS.</strong></span> <span class='ocrx_word' id='word_1_211' title='bbox 2030 1781 2156 1834; x_wconf 86' lang='lat' dir='ltr'><strong>edit.</strong></span> <span class='ocrx_word' id='word_1_212' title='bbox 2177 1784 2363 1836; x_wconf 87' lang='lat' dir='ltr'><strong>Venet.</strong></span> <span class='ocrx_word' id='word_1_213' title='bbox 2396 1799 2448 1837; x_wconf 88' lang='lat' dir='ltr'><strong>et</strong></span> <span class='ocrx_word' id='word_1_214' title='bbox 2474 1787 2590 1838; x_wconf 79' lang='lat' dir='ltr'><strong>aliis</strong></span> <span class='ocrx_word' id='word_1_215' title='bbox 2616 1792 2821 1861; x_wconf 82' lang='lat' dir='ltr'><strong>antiqq.</strong></span> 
     </span>
     <span class='ocr_line' id='line_1_46' title="bbox 1794 1863 2819 1941; baseline 0.007 -29"><span class='ocrx_word' id='word_1_216' title='bbox 1794 1896 1874 1904; x_wconf 90' lang='lat'><strong>—-</strong></span> <span class='ocrx_word' id='word_1_217' title='bbox 1896 1863 2063 1914; x_wconf 72' lang='lat' dir='ltr'><strong>Pulvis</strong></span> <span class='ocrx_word' id='word_1_218' title='bbox 2091 1864 2325 1914; x_wconf 68' lang='lat' dir='ltr'><strong>Eritlaroei</strong></span> <span class='ocrx_word' id='word_1_219' title='bbox 2348 1865 2575 1919; x_wconf 77' lang='lat' dir='ltr'><strong>Guarin.</strong></span> <span class='ocrx_word' id='word_1_220' title='bbox 2601 1868 2819 1941; x_wconf 69' lang='lat' dir='ltr'><strong>Grypb.</strong></span> 
     </span>
     <span class='ocr_line' id='line_1_47' title="bbox 1798 1941 2827 2001; baseline 0.012 -11"><span class='ocrx_word' id='word_1_221' title='bbox 1798 1973 1873 1981; x_wconf 90' lang='lat'><strong>--</strong></span> <span class='ocrx_word' id='word_1_222' title='bbox 1909 1941 2124 1993; x_wconf 68' lang='lat' dir='ltr'><strong>Pulveris</strong></span> <span class='ocrx_word' id='word_1_223' title='bbox 2151 1945 2311 1994; x_wconf 79' lang='lat' dir='ltr'><strong>Eritei</strong></span> <span class='ocrx_word' id='word_1_224' title='bbox 2348 1957 2399 1996; x_wconf 88' lang='lat' dir='ltr'><strong>et</strong></span> <span class='ocrx_word' id='word_1_225' title='bbox 2437 1947 2605 1998; x_wconf 65' lang='lat' dir='ltr'><strong>Eric-21·</strong></span> <span class='ocrx_word' id='word_1_226' title='bbox 2637 1968 2827 2001; x_wconf 59' lang='lat' dir='ltr'><strong>omnm</strong></span> 
     </span>
     <span class='ocr_line' id='line_1_48' title="bbox 1796 2021 2827 2097; baseline 0.009 -25"><span class='ocrx_word' id='word_1_227' title='bbox 1796 2021 1915 2072; x_wconf 83' lang='lat' dir='ltr'><strong>libri</strong></span> <span class='ocrx_word' id='word_1_228' title='bbox 1935 2022 2082 2073; x_wconf 88' lang='lat' dir='ltr'><strong>MSS.</strong></span> <span class='ocrx_word' id='word_1_229' title='bbox 2108 2022 2286 2087; x_wconf 86' lang='lat' dir='ltr'><strong>Statii,</strong></span> <span class='ocrx_word' id='word_1_230' title='bbox 2301 2023 2443 2077; x_wconf 86' lang='lat' dir='ltr'><strong>unde</strong></span> <span class='ocrx_word' id='word_1_231' title='bbox 2456 2063 2472 2088; x_wconf 91' lang='lat'>‚</span> <span class='ocrx_word' id='word_1_232' title='bbox 2486 2026 2634 2097; x_wconf 89' lang='lat' dir='ltr'><strong>quod</strong></span> <span class='ocrx_word' id='word_1_233' title='bbox 2654 2031 2827 2080; x_wconf 75' lang='lat' dir='ltr'><strong>Avan-</strong></span> 
     </span>
     <span class='ocr_line' id='line_1_49' title="bbox 1797 2101 2827 2170; baseline 0.009 -19"><span class='ocrx_word' id='word_1_234' title='bbox 1797 2102 1871 2152; x_wconf 83' lang='lat' dir='ltr'><strong>tio</strong></span> <span class='ocrx_word' id='word_1_235' title='bbox 1890 2103 1990 2169; x_wconf 79' lang='lat' dir='ltr'><strong>jam</strong></span> <span class='ocrx_word' id='word_1_236' title='bbox 2012 2101 2064 2151; x_wconf 90' lang='lat' dir='ltr'><strong>in</strong></span> <span class='ocrx_word' id='word_1_237' title='bbox 2088 2115 2315 2153; x_wconf 81' lang='lat' dir='ltr'><strong>mentem</strong></span> <span class='ocrx_word' id='word_1_238' title='bbox 2338 2116 2548 2156; x_wconf 81' lang='lat' dir='ltr'><strong>venerat</strong></span> <span class='ocrx_word' id='word_1_239' title='bbox 2566 2147 2582 2170; x_wconf 91' lang='lat'>,</span> <span class='ocrx_word' id='word_1_240' title='bbox 2603 2109 2827 2159; x_wconf 69' lang='lat' dir='ltr'><strong>Vossius</strong></span> 
     </span>
     <span class='ocr_line' id='line_1_50' title="bbox 1798 2178 2824 2257; baseline 0.01 -27"><span class='ocrx_word' id='word_1_241' title='bbox 1798 2178 2072 2249; x_wconf 84' lang='lat' dir='ltr'><strong>legendum</strong></span> <span class='ocrx_word' id='word_1_242' title='bbox 2103 2192 2274 2232; x_wconf 71' lang='lat' dir='ltr'><strong>censet</strong></span> <span class='ocrx_word' id='word_1_243' title='bbox 2292 2183 2447 2251; x_wconf 73' lang='lat' dir='ltr'><strong>pulvis</strong></span> <span class='ocrx_word' id='word_1_244' title='bbox 2472 2179 2605 2255; x_wconf 80' lang='lat' dir='ltr'><strong>(pro</strong></span> <span class='ocrx_word' id='word_1_245' title='bbox 2632 2189 2824 2257; x_wconf 71' lang='lat' dir='ltr'><strong>pulve-</strong></span> 
     </span>
     <span class='ocr_line' id='line_1_51' title="bbox 1800 2257 2824 2333; baseline 0.012 -24"><span class='ocrx_word' id='word_1_246' title='bbox 1800 2257 1902 2321; x_wconf 84' lang='lat' dir='ltr'><strong>ris)</strong></span> <span class='ocrx_word' id='word_1_247' title='bbox 1936 2260 2163 2331; x_wconf 55' lang='lat' dir='ltr'><strong>Erythrai</strong></span> <span class='ocrx_word' id='word_1_248' title='bbox 2196 2260 2262 2311; x_wconf 84' lang='lat' dir='ltr'><strong>ab</strong></span> <span class='ocrx_word' id='word_1_249' title='bbox 2298 2263 2541 2333; x_wconf 70' lang='lat' dir='ltr'><strong>Erythras</strong></span> <span class='ocrx_word' id='word_1_250' title='bbox 2564 2267 2650 2318; x_wconf 75' lang='lat' dir='ltr'><strong>vel</strong></span> <span class='ocrx_word' id='word_1_251' title='bbox 2690 2269 2824 2330; x_wconf 67' lang='lat' dir='ltr'><strong>Err-</strong></span> 
     </span>
     <span class='ocr_line' id='line_1_52' title="bbox 1801 2330 2826 2414; baseline 0.014 -27"><span class='ocrx_word' id='word_1_252' title='bbox 1801 2339 1938 2388; x_wconf 74' lang='lat' dir='ltr'><strong>ebron</strong></span> <span class='ocrx_word' id='word_1_253' title='bbox 1961 2352 2107 2408; x_wconf 81' lang='lat' dir='ltr'><strong>parte</strong></span> <span class='ocrx_word' id='word_1_254' title='bbox 2129 2341 2354 2409; x_wconf 86' lang='lat' dir='ltr'><strong>regionis</strong></span> <span class='ocrx_word' id='word_1_255' title='bbox 2371 2345 2683 2414; x_wconf 67' lang='lat' dir='ltr'><strong>Cyrenaicus</strong></span> <span class='ocrx_word' id='word_1_256' title='bbox 2701 2387 2717 2406; x_wconf 82' lang='grc'>,</span> <span class='ocrx_word' id='word_1_257' title='bbox 2740 2330 2826 2400; x_wconf 65' lang='lat' dir='ltr'><strong>cu·</strong></span> 
     </span>
     <span class='ocr_line' id='line_1_53' title="bbox 1796 2419 2823 2499; baseline 0.012 -31"><span class='ocrx_word' id='word_1_258' title='bbox 1796 2419 1880 2488; x_wconf 84' lang='lat' dir='ltr'><strong>jus</strong></span> <span class='ocrx_word' id='word_1_259' title='bbox 1905 2419 2223 2471; x_wconf 82' lang='lat' dir='ltr'><strong>mentionem</strong></span> <span class='ocrx_word' id='word_1_260' title='bbox 2255 2420 2376 2474; x_wconf 79' lang='lat' dir='ltr'><strong>facit</strong></span> <span class='ocrx_word' id='word_1_261' title='bbox 2402 2424 2455 2475; x_wconf 85' lang='lat' dir='ltr'><strong>in</strong></span> <span class='ocrx_word' id='word_1_262' title='bbox 2481 2425 2823 2499; x_wconf 81' lang='lat' dir='ltr'><strong>Geographia</strong></span> 
     </span>
     <span class='ocr_line' id='line_1_54' title="bbox 1802 2494 2823 2575; baseline 0.012 -27"><span class='ocrx_word' id='word_1_263' title='bbox 1802 2497 2125 2550; x_wconf 70' lang='lat' dir='ltr'><strong>Ptolemaeus.</strong></span> <span class='ocrx_word' id='word_1_264' title='bbox 2163 2500 2245 2551; x_wconf 79' lang='lat' dir='ltr'><strong>Ab</strong></span> <span class='ocrx_word' id='word_1_265' title='bbox 2282 2520 2408 2571; x_wconf 83' lang='lat' dir='ltr'><strong>agro</strong></span> <span class='ocrx_word' id='word_1_266' title='bbox 2446 2494 2697 2575; x_wconf 53' lang='lat' dir='ltr'><strong>’Erythrio</strong></span> <span class='ocrx_word' id='word_1_267' title='bbox 2732 2528 2823 2560; x_wconf 82' lang='lat' dir='ltr'><strong>au·</strong></span> 
     </span>
     <span class='ocr_line' id='line_1_55' title="bbox 1801 2576 2825 2657; baseline 0.009 -28"><span class='ocrx_word' id='word_1_268' title='bbox 1801 2590 1904 2629; x_wconf 89' lang='lat' dir='ltr'><strong>tem</strong></span> <span class='ocrx_word' id='word_1_269' title='bbox 1924 2616 1938 2639; x_wconf 89' lang='lat'>,</span> <span class='ocrx_word' id='word_1_270' title='bbox 1961 2590 2018 2628; x_wconf 88' lang='lat' dir='ltr'><strong>ut</strong></span> <span class='ocrx_word' id='word_1_271' title='bbox 2041 2576 2193 2629; x_wconf 89' lang='lat' dir='ltr'><strong>docet</strong></span> <span class='ocrx_word' id='word_1_272' title='bbox 2218 2580 2430 2633; x_wconf 78' lang='lat' dir='ltr'><strong>Vossius</strong></span> <span class='ocrx_word' id='word_1_273' title='bbox 2446 2622 2461 2645; x_wconf 88' lang='lat'>,</span> <span class='ocrx_word' id='word_1_274' title='bbox 2481 2587 2709 2657; x_wconf 80' lang='lat' dir='ltr'><strong>ejusque</strong></span> <span class='ocrx_word' id='word_1_275' title='bbox 2727 2595 2825 2657; x_wconf 84' lang='lat' dir='ltr'><strong>op·</strong></span> 
     </span>
     <span class='ocr_line' id='line_1_56' title="bbox 1801 2656 2828 2738; baseline 0.011 -31"><span class='ocrx_word' id='word_1_276' title='bbox 1801 2656 1938 2725; x_wconf 69' lang='lat' dir='ltr'><strong>pidia</strong></span> <span class='ocrx_word' id='word_1_277' title='bbox 1962 2657 2238 2710; x_wconf 74' lang='lat' dir='ltr'><strong>Palaebisca</strong></span> <span class='ocrx_word' id='word_1_278' title='bbox 2265 2672 2316 2711; x_wconf 81' lang='lat' dir='ltr'><strong>et</strong></span> <span class='ocrx_word' id='word_1_279' title='bbox 2338 2661 2584 2734; x_wconf 77' lang='lat' dir='ltr'><strong>Hydrace</strong></span> <span class='ocrx_word' id='word_1_280' title='bbox 2606 2666 2828 2738; x_wconf 80' lang='lat' dir='ltr'><strong>incipie-</strong></span> 
     </span>
     <span class='ocr_line' id='line_1_57' title="bbox 1802 2736 2829 2807; baseline 0.014 -21"><span class='ocrx_word' id='word_1_281' title='bbox 1802 2736 1889 2802; x_wconf 75' lang='lat' dir='ltr'><strong>bat</strong></span> <span class='ocrx_word' id='word_1_282' title='bbox 1925 2737 2093 2806; x_wconf 81' lang='lat' dir='ltr'><strong>Libya</strong></span> <span class='ocrx_word' id='word_1_283' title='bbox 2133 2738 2391 2793; x_wconf 82' lang='lat' dir='ltr'><strong>siticulosa</strong></span> <span class='ocrx_word' id='word_1_284' title='bbox 2429 2743 2537 2795; x_wconf 81' lang='lat' dir='ltr'><strong>sive</strong></span> <span class='ocrx_word' id='word_1_285' title='bbox 2568 2763 2829 2807; x_wconf 78' lang='lat' dir='ltr'><strong>arenosa.</strong></span> 
     </span>
     <span class='ocr_line' id='line_1_58' title="bbox 1802 2815 2828 2889; baseline 0.014 -24"><span class='ocrx_word' id='word_1_286' title='bbox 1802 2815 1870 2867; x_wconf 86' lang='lat' dir='ltr'><strong>ita</strong></span> <span class='ocrx_word' id='word_1_287' title='bbox 1908 2828 1965 2866; x_wconf 89' lang='lat' dir='ltr'><strong>ut</strong></span> <span class='ocrx_word' id='word_1_288' title='bbox 1988 2817 2144 2884; x_wconf 72' lang='lat' dir='ltr'><strong>pulvis</strong></span> <span class='ocrx_word' id='word_1_289' title='bbox 2168 2818 2427 2887; x_wconf 58' lang='lat' dir='ltr'><strong>Erythia&amp;</strong></span> <span class='ocrx_word' id='word_1_290' title='bbox 2449 2823 2515 2874; x_wconf 82' lang='lat' dir='ltr'><strong>sit</strong></span> <span class='ocrx_word' id='word_1_291' title='bbox 2538 2841 2702 2877; x_wconf 80' lang='lat' dir='ltr'><strong>arena</strong></span> <span class='ocrx_word' id='word_1_292' title='bbox 2726 2829 2828 2889; x_wconf 65' lang='lat' dir='ltr'><strong>Cv-</strong></span> 
     </span>
     <span class='ocr_line' id='line_1_59' title="bbox 1800 2887 2824 2969; baseline 0.014 -25"><span class='ocrx_word' id='word_1_293' title='bbox 1800 2895 2020 2947; x_wconf 84' lang='lat' dir='ltr'><strong>renaica.</strong></span> <span class='ocrx_word' id='word_1_294' title='bbox 2057 2897 2230 2960; x_wconf 87' lang='lat' dir='ltr'><strong>Quam</strong></span> <span class='ocrx_word' id='word_1_295' title='bbox 2272 2899 2488 2969; x_wconf 83' lang='lat' dir='ltr'><strong>quidem</strong></span> <span class='ocrx_word' id='word_1_296' title='bbox 2518 2904 2700 2956; x_wconf 69' lang='lat' dir='ltr'><strong>vossii</strong></span> <span class='ocrx_word' id='word_1_297' title='bbox 2736 2887 2824 2958; x_wconf 71' lang='lat' dir='ltr'><strong>eit·</strong></span> 
     </span>
     <span class='ocr_line' id='line_1_60' title="bbox 1802 2973 2829 3055; baseline 0.015 -32"><span class='ocrx_word' id='word_1_298' title='bbox 1802 2973 2166 3042; x_wconf 84' lang='lat' dir='ltr'><strong>plicationem,</strong></span> <span class='ocrx_word' id='word_1_299' title='bbox 2198 2973 2405 3031; x_wconf 81' lang='lat' dir='ltr'><strong>doctam</strong></span> <span class='ocrx_word' id='word_1_300' title='bbox 2443 2999 2565 3033; x_wconf 85' lang='lat' dir='ltr'><strong>sane</strong></span> <span class='ocrx_word' id='word_1_301' title='bbox 2600 2997 2656 3035; x_wconf 87' lang='lat' dir='ltr'><strong>et</strong></span> <span class='ocrx_word' id='word_1_302' title='bbox 2687 2985 2829 3055; x_wconf 80' lang='lat' dir='ltr'><strong>inge—</strong></span> 
     </span>
     <span class='ocr_line' id='line_1_61' title="bbox 1799 3052 2829 3129; baseline 0.014 -27"><span class='ocrx_word' id='word_1_303' title='bbox 1799 3052 2026 3117; x_wconf 82' lang='lat' dir='ltr'><strong>niosam,</strong></span> <span class='ocrx_word' id='word_1_304' title='bbox 2059 3052 2252 3124; x_wconf 86' lang='lat' dir='ltr'><strong>cupide</strong></span> <span class='ocrx_word' id='word_1_305' title='bbox 2280 3059 2554 3129; x_wconf 82' lang='lat' dir='ltr'><strong>amplexus</strong></span> <span class='ocrx_word' id='word_1_306' title='bbox 2587 3076 2669 3115; x_wconf 79' lang='lat' dir='ltr'><strong>est</strong></span> <span class='ocrx_word' id='word_1_307' title='bbox 2696 3065 2829 3115; x_wconf 81' lang='lat' dir='ltr'><strong>Vul-</strong></span> 
     </span>
     <span class='ocr_line' id='line_1_62' title="bbox 1800 3132 2829 3203; baseline 0.015 -21"><span class='ocrx_word' id='word_1_308' title='bbox 1800 3132 1936 3203; x_wconf 86' lang='lat' dir='ltr'><strong>pius.</strong></span> <span class='ocrx_word' id='word_1_309' title='bbox 1956 3166 2036 3174; x_wconf 91' lang='lat'><strong>---</strong></span> <span class='ocrx_word' id='word_1_310' title='bbox 2054 3134 2171 3186; x_wconf 82' lang='lat' dir='ltr'><strong>Nic.</strong></span> <span class='ocrx_word' id='word_1_311' title='bbox 2201 3135 2377 3190; x_wconf 78' lang='lat' dir='ltr'><strong>Heius.</strong></span> <span class='ocrx_word' id='word_1_312' title='bbox 2402 3138 2456 3190; x_wconf 89' lang='lat' dir='ltr'><strong>in</strong></span> <span class='ocrx_word' id='word_1_313' title='bbox 2484 3153 2599 3193; x_wconf 83' lang='lat' dir='ltr'><strong>not.</strong></span> <span class='ocrx_word' id='word_1_314' title='bbox 2627 3141 2701 3194; x_wconf 80' lang='lat' dir='ltr'><strong>ad</strong></span> <span class='ocrx_word' id='word_1_315' title='bbox 2731 3144 2829 3196; x_wconf 73' lang='lat' dir='ltr'><strong>Ca·</strong></span> 
     </span>
     <span class='ocr_line' id='line_1_63' title="bbox 1801 3211 2826 3294; baseline 0.013 -32"><span class='ocrx_word' id='word_1_316' title='bbox 1801 3211 1917 3263; x_wconf 82' lang='lat' dir='ltr'><strong>tull.</strong></span> <span class='ocrx_word' id='word_1_317' title='bbox 1939 3213 2040 3282; x_wconf 78' lang='lat' dir='ltr'><strong>legi</strong></span> <span class='ocrx_word' id='word_1_318' title='bbox 2057 3215 2207 3282; x_wconf 85' lang='lat' dir='ltr'><strong>jubet</strong></span> <span class='ocrx_word' id='word_1_319' title='bbox 2223 3252 2238 3277; x_wconf 88' lang='lat'><strong>‚</strong></span> <span class='ocrx_word' id='word_1_320' title='bbox 2257 3216 2400 3285; x_wconf 82' lang='lat' dir='ltr'><strong>quod</strong></span> <span class='ocrx_word' id='word_1_321' title='bbox 2422 3222 2707 3288; x_wconf 81' lang='lat' dir='ltr'><strong>proposuit</strong></span> <span class='ocrx_word' id='word_1_322' title='bbox 2716 3224 2826 3294; x_wconf 77' lang='lat' dir='ltr'><strong>jam</strong></span> 
     </span>
     <span class='ocr_line' id='line_1_64' title="bbox 1800 3290 2828 3369; baseline 0.015 -29"><span class='ocrx_word' id='word_1_323' title='bbox 1800 3290 2112 3343; x_wconf 85' lang='lat' dir='ltr'><strong>Theodorus</strong></span> <span class='ocrx_word' id='word_1_324' title='bbox 2153 3294 2440 3361; x_wconf 73' lang='lat' dir='ltr'><strong>Mamilius,</strong></span> <span class='ocrx_word' id='word_1_325' title='bbox 2484 3299 2576 3350; x_wconf 74' lang='lat' dir='ltr'><strong>Ille</strong></span> <span class='ocrx_word' id='word_1_326' title='bbox 2611 3303 2828 3369; x_wconf 60' lang='lat' dir='ltr'><strong>pulsetis</strong></span> 
     </span>
     <span class='ocr_line' id='line_1_65' title="bbox 1801 3371 2823 3444; baseline 0.015 -24"><span class='ocrx_word' id='word_1_327' title='bbox 1801 3371 1971 3421; x_wconf 63' lang='lat' dir='ltr'><strong>‹ether-1⁴</strong></span> <span class='ocrx_word' id='word_1_328' title='bbox 1995 3371 2076 3423; x_wconf 82' lang='lat' dir='ltr'><strong>vel</strong></span> <span class='ocrx_word' id='word_1_329' title='bbox 2113 3376 2215 3424; x_wconf 73' lang='lat' dir='ltr'><strong>aeri</strong></span> <span class='ocrx_word' id='word_1_330' title='bbox 2245 3394 2343 3444; x_wconf 85' lang='lat' dir='ltr'><strong>pro</strong></span> <span class='ocrx_word' id='word_1_331' title='bbox 2379 3379 2567 3429; x_wconf 73' lang='lat' dir='ltr'><strong>oetluen‘t&#39;</strong></span> <span class='ocrx_word' id='word_1_332' title='bbox 2599 3393 2653 3433; x_wconf 81' lang='lat' dir='ltr'><strong>et</strong></span> <span class='ocrx_word' id='word_1_333' title='bbox 2687 3387 2823 3434; x_wconf 68' lang='lat' dir='ltr'><strong>aee-ia:</strong></span> 
     </span>
     <span class='ocr_line' id='line_1_66' title="bbox 1802 3450 2825 3520; baseline 0.014 -20"><span class='ocrx_word' id='word_1_334' title='bbox 1802 3450 1901 3501; x_wconf 85' lang='lat' dir='ltr'><strong>Per</strong></span> <span class='ocrx_word' id='word_1_335' title='bbox 1924 3452 2160 3520; x_wconf 75' lang='lat' dir='ltr'><strong>pulverem</strong></span> <span class='ocrx_word' id='word_1_336' title='bbox 2192 3454 2433 3507; x_wconf 70' lang='lat' dir='ltr'><strong>aether-icem</strong></span> <span class='ocrx_word' id='word_1_337' title='bbox 2461 3470 2642 3512; x_wconf 76' lang='lat' dir='ltr'><strong>autem</strong></span> <span class='ocrx_word' id='word_1_338' title='bbox 2675 3461 2825 3513; x_wconf 84' lang='lat' dir='ltr'><strong>innui</strong></span> 
     </span>
     <span class='ocr_line' id='line_1_67' title="bbox 1800 3537 2827 3607; baseline 0.014 -28"><span class='ocrx_word' id='word_1_339' title='bbox 1800 3542 1948 3598; x_wconf 84' lang='lat' dir='ltr'><strong>putat</strong></span> <span class='ocrx_word' id='word_1_340' title='bbox 1963 3543 2183 3595; x_wconf 81' lang='lat' dir='ltr'><strong>atomos,</strong></span> <span class='ocrx_word' id='word_1_341' title='bbox 2199 3550 2317 3602; x_wconf 80' lang='lat' dir='ltr'><strong>quae</strong></span> <span class='ocrx_word' id='word_1_342' title='bbox 2336 3553 2401 3587; x_wconf 78' lang='lat' dir='ltr'><strong>ex</strong></span> <span class='ocrx_word' id='word_1_343' title='bbox 2420 3537 2637 3607; x_wconf 85' lang='lat' dir='ltr'><strong>Epicuri</strong></span> <span class='ocrx_word' id='word_1_344' title='bbox 2657 3553 2710 3592; x_wconf 86' lang='lat' dir='ltr'><strong>et</strong></span> <span class='ocrx_word' id='word_1_345' title='bbox 2731 3544 2827 3593; x_wconf 83' lang='lat' dir='ltr'><strong>De·</strong></span> 
     </span>
     <span class='ocr_line' id='line_1_68' title="bbox 1801 3610 2829 3672; baseline 0.015 -14"><span class='ocrx_word' id='word_1_346' title='bbox 1801 3610 2007 3660; x_wconf 82' lang='lat' dir='ltr'><strong>mocriti</strong></span> <span class='ocrx_word' id='word_1_347' title='bbox 2044 3614 2295 3667; x_wconf 73' lang='lat' dir='ltr'><strong>sententia</strong></span> <span class='ocrx_word' id='word_1_348' title='bbox 2336 3633 2562 3668; x_wconf 88' lang='lat' dir='ltr'><strong>numero</strong></span> <span class='ocrx_word' id='word_1_349' title='bbox 2604 3619 2829 3672; x_wconf 62' lang='lat' dir='ltr'><strong>infinite</strong></span> 
     </span>
     <span class='ocr_line' id='line_1_69' title="bbox 1799 3687 2829 3764; baseline 0.015 -27"><span class='ocrx_word' id='word_1_350' title='bbox 1799 3688 1918 3740; x_wconf 83' lang='lat' dir='ltr'><strong>sint.</strong></span> <span class='ocrx_word' id='word_1_351' title='bbox 1945 3687 2049 3740; x_wconf 82' lang='lat' dir='ltr'><strong>sed</strong></span> <span class='ocrx_word' id='word_1_352' title='bbox 2082 3688 2224 3741; x_wconf 82' lang='lat' dir='ltr'><strong>haud</strong></span> <span class='ocrx_word' id='word_1_353' title='bbox 2252 3693 2405 3745; x_wconf 78' lang='lat' dir='ltr'><strong>facile</strong></span> <span class='ocrx_word' id='word_1_354' title='bbox 2433 3708 2605 3764; x_wconf 73' lang='lat' dir='ltr'><strong>poetae</strong></span> <span class='ocrx_word' id='word_1_355' title='bbox 2634 3701 2829 3752; x_wconf 78' lang='lat' dir='ltr'><strong>carmi·</strong></span> 
     </span>
     <span class='ocr_line' id='line_1_70' title="bbox 1798 3767 2829 3848; baseline 0.016 -32"><span class='ocrx_word' id='word_1_356' title='bbox 1798 3767 1954 3818; x_wconf 80' lang='lat' dir='ltr'><strong>nibus</strong></span> <span class='ocrx_word' id='word_1_357' title='bbox 1988 3768 2093 3818; x_wconf 79' lang='lat' dir='ltr'><strong>suis</strong></span> <span class='ocrx_word' id='word_1_358' title='bbox 2121 3770 2354 3823; x_wconf 83' lang='lat' dir='ltr'><strong>intexere</strong></span> <span class='ocrx_word' id='word_1_359' title='bbox 2385 3774 2554 3828; x_wconf 81' lang='lat' dir='ltr'><strong>solent</strong></span> <span class='ocrx_word' id='word_1_360' title='bbox 2588 3776 2829 3848; x_wconf 81' lang='lat' dir='ltr'><strong>philoso-</strong></span> 
     </span>
    </p>
   </div>
   <div class='ocr_carea' id='block_1_9' title="bbox 1761 3843 2828 3929">
    <p class='ocr_par' dir='ltr' id='par_1_13' title="bbox 1761 3843 2828 3929">
     <span class='ocr_line' id='line_1_71' title="bbox 1761 3843 2828 3929; baseline 0.017 -35"><span class='ocrx_word' id='word_1_361' title='bbox 1761 3843 1775 3852; x_wconf 80' lang='grc'><strong>’</strong></span> <span class='ocrx_word' id='word_1_362' title='bbox 1802 3845 2030 3915; x_wconf 82' lang='lat' dir='ltr'><strong>phorum</strong></span> <span class='ocrx_word' id='word_1_363' title='bbox 2053 3848 2260 3916; x_wconf 78' lang='lat' dir='ltr'><strong>placita.</strong></span> <span class='ocrx_word' id='word_1_364' title='bbox 2281 3852 2453 3905; x_wconf 82' lang='lat' dir='ltr'><strong>Multo</strong></span> <span class='ocrx_word' id='word_1_365' title='bbox 2475 3857 2642 3927; x_wconf 79' lang='lat' dir='ltr'><strong>tnagis</strong></span> <span class='ocrx_word' id='word_1_366' title='bbox 2663 3858 2828 3929; x_wconf 77' lang='lat' dir='ltr'><strong>igitur</strong></span> 
     </span>
    </p>
   </div>
   <div class='ocr_carea' id='block_1_10' title="bbox 1792 3925 2829 4157">
    <p class='ocr_par' dir='ltr' id='par_1_14' title="bbox 1792 3925 2829 4157">
     <span class='ocr_line' id='line_1_72' title="bbox 1801 3925 2829 4004; baseline 0.017 -30"><span class='ocrx_word' id='word_1_367' title='bbox 1801 3925 1933 3981; x_wconf 84' lang='lat' dir='ltr'><strong>mihi</strong></span> <span class='ocrx_word' id='word_1_368' title='bbox 1962 3925 2158 3979; x_wconf 79' lang='lat' dir='ltr'><strong>arridet</strong></span> <span class='ocrx_word' id='word_1_369' title='bbox 2185 3930 2349 3984; x_wconf 82' lang='lat' dir='ltr'><strong>altera</strong></span> <span class='ocrx_word' id='word_1_370' title='bbox 2386 3933 2621 4004; x_wconf 82' lang='lat' dir='ltr'><strong>ejusdem</strong></span> <span class='ocrx_word' id='word_1_371' title='bbox 2659 3938 2829 3990; x_wconf 78' lang='lat' dir='ltr'><strong>Hein-</strong></span> 
     </span>
     <span class='ocr_line' id='line_1_73' title="bbox 1794 4003 2823 4087; baseline 0.019 -34"><span class='ocrx_word' id='word_1_372' title='bbox 1794 4003 1857 4055; x_wconf 70' lang='lat' dir='ltr'><strong>sii</strong></span> <span class='ocrx_word' id='word_1_373' title='bbox 1877 4008 2174 4074; x_wconf 81' lang='lat' dir='ltr'><strong>conjectura</strong></span> <span class='ocrx_word' id='word_1_374' title='bbox 2192 4008 2246 4059; x_wconf 90' lang='lat' dir='ltr'><strong>in</strong></span> <span class='ocrx_word' id='word_1_375' title='bbox 2267 4023 2376 4063; x_wconf 81' lang='lat' dir='ltr'><strong>not.</strong></span> <span class='ocrx_word' id='word_1_376' title='bbox 2397 4012 2464 4063; x_wconf 84' lang='lat' dir='ltr'><strong>ad</strong></span> <span class='ocrx_word' id='word_1_377' title='bbox 2489 4014 2687 4070; x_wconf 84' lang='lat' dir='ltr'><strong>Catull.</strong></span> <span class='ocrx_word' id='word_1_378' title='bbox 2701 4019 2823 4087; x_wconf 74' lang='lat' dir='ltr'><strong>pu!-</strong></span> 
     </span>
     <span class='ocr_line' id='line_1_74' title="bbox 1792 4086 2829 4157; baseline 0.018 -26"><span class='ocrx_word' id='word_1_379' title='bbox 1792 4091 1908 4133; x_wconf 68' lang='lat' dir='ltr'><strong>oeris</strong></span> <span class='ocrx_word' id='word_1_380' title='bbox 1939 4086 2119 4149; x_wconf 77' lang='lat' dir='ltr'><strong>Africi,</strong></span> <span class='ocrx_word' id='word_1_381' title='bbox 2158 4106 2315 4157; x_wconf 76' lang='lat' dir='ltr'><strong>quam</strong></span> <span class='ocrx_word' id='word_1_382' title='bbox 2353 4092 2551 4144; x_wconf 67' lang='lat' dir='ltr'><strong>ceteris</strong></span> <span class='ocrx_word' id='word_1_383' title='bbox 2586 4095 2829 4153; x_wconf 62' lang='lat' dir='ltr'><strong>lectioni-</strong></span> 
     </span>
    </p>
   </div>
  </div>
 </body>
</html>
