2986 4935
988 422 1438 520 CARMEN
1488 453 1579 519 x.

530 584 779 654 Natum
816 580 1060 652 dicitur
1094 607 1272 668 esse,
1307 583 1709 677 comparasti
1857 617 1866 624 ·
2313 615 2363 653 ‚s

534 687 640 758 Ad
681 687 986 758 lecticam
1023 689 1361 759 homines:
1406 714 1569 783 ego,
1606 702 1682 759 ut
1727 685 1962 782 puellm

536 798 769 865 Unum
808 821 917 865 me
947 795 1231 865 facerem
1271 796 1673 883 beatiorem,

535 903 724 990 Non,
760 904 1073 996 inquam,
1109 903 1274 971 mihi
1319 916 1454 971 tam
1496 902 1622 970 fuit
1659 899 1981 996 maligne,

534 1011 670 1095 Ut,
705 1010 1051 1104 provincia
1085 1008 1266 1103 quod
1305 1007 1479 1078 mala
1511 1007 1882 1097 incidisset,

532 1116 691 1184 Non
734 1141 997 1210 possem
1041 1129 1195 1185 octo
1233 1115 1535 1184 homines
1569 1138 1804 1209 parare
1841 1130 2080 1185 rectos.

534 1225 627 1291 At
666 1221 760 1290 mi
796 1222 1015 1292 nullus
1048 1236 1229 1308 erat,
1268 1248 1481 1316 neque
1516 1223 1669 1310 hic,
1701 1247 1917 1316 neque
1956 1221 2121 1312 illic,

534 1331 848 1398 Fractum
893 1332 1006 1424 qui
1044 1331 1285 1398 veteris
1329 1329 1568 1425 pedem
1612 1329 1868 1423 grabati
1910 1366 1913 1369 ‡

538 1437 621 1504 In
652 1433 825 1506 collo
860 1437 986 1505 sibi
1019 1434 1345 1506 collocare
1377 1450 1619 1531 posset.

221 1681 295 1692 -—
316 1648 472 1721 Quod
493 1648 599 1701 illic
627 1661 791 1700 natum
824 1649 1004 1701 dicitur
1033 1668 1131 1700 esse
1148 1689 1162 1710 ‚
1188 1668 1252 1702 ex

220 1749 279 1783 eo
299 1768 316 1795 ‚
363 1726 518 1800 quod
563 1728 637 1781 ihi
679 1728 910 1781 lucratus
961 1747 1070 1781 esse
1109 1727 1252 1782 dice-

221 1810 289 1862 ris
319 1799 413 1877 (du
432 1808 545 1861 bien
570 1827 660 1879 que
688 1821 740 1861 tu
762 1810 852 1860 t’es
879 1799 1112 1876 amasse').
1142 1809 1252 1863 Na·

221 1901 313 1941 tum
334 1930 352 1952 ,
383 1889 526 1943 sicut
556 1887 868 1942 Graecorum
891 1891 946 1942 τὸ
971 1891 1249 1960 γιγνόμενον

222 1970 445 2042 ἀργύριον
465 2006 485 2034 ‚
523 1960 788 2038 eleganter
842 1966 1061 2036 dicitur,
1105 1967 1254 2040 quod

217 2066 544 2120 quacunque
583 2046 651 2100 de
699 2066 850 2101 causa
892 2048 1166 2121 provenit,
1203 2060 1255 2100 et

217 2130 291 2182 rei
321 2127 581 2181 familiari
603 2127 750 2199 quasi
773 2126 1255 2182 subnascitur.Vid.

217 2207 530 2263 Gronovius
547 2247 565 2264 .
591 2206 660 2260 de
690 2207 813 2261 Pec.
837 2210 959 2261 Vet.
993 2208 1125 2262 255.
1152 2209 1258 2260 Alii

216 2288 491 2360 explicant
517 2305 533 2341 ε
557 2290 693 2358 cujus
715 2290 784 2339 rei
793 2293 1020 2359 proprius
1052 2308 1164 2340 usus
1187 2300 1259 2340 est

219 2373 267 2421 in
283 2368 816 2440 Bithynia.—Imnge
830 2387 862 2421 a
874 2368 1000 2421 vero
1013 2366 1257 2421 deerrare

220 2447 441 2501 videtur
453 2446 791 2519 Doeringius,
800 2447 1136 2521 aliofflmque
1148 2469 1262 2502 sen·

220 2529 400 2582 tentiae
456 2526 677 2581 accedo.
723 2527 781 2581 Si
827 2526 1045 2599 quidem
1094 2542 1259 2580 natum

219 2607 444 2680 aliquid,
467 2620 588 2660 nata
618 2628 691 2659 res
718 2621 1003 2680 usurpatur
1025 2627 1088 2660 eo
1107 2627 1260 2662 sensu

219 2702 284 2742 ut
307 2688 391 2742 rei
410 2699 606 2740 statum
631 2700 684 2741 et
702 2702 965 2752 naturam,
988 2688 1260 2758 quomodo

223 2769 366 2822 facta
408 2767 572 2820 fuerit
609 2779 663 2820 et
700 2767 1047 2838 provenerit;‚
1089 2781 1262 2821 osten-

224 2847 337 2901 dat.
364 2847 453 2901 Sic
471 2846 714 2910 Plautus,
736 2848 927 2900 Bacch.
955 2859 1054 2900 act.
1081 2848 1161 2912 11,
1186 2866 1259 2900 sc.

229 2928 287 2994 3,
302 2947 355 2981 v.
377 2934 472 2991 40.
495 2925 583 2979 Sic
607 2926 697 2978 alii
714 2928 905 2998 vulgo:
924 2948 951 2978 e
970 2947 1021 2978 re
1037 2941 1171 2978 nata.
1194 2928 1264 2979 N.

317 3027 340 3061 ι
356 3007 410 3061 5.
461 3007 566 3058 Pro
616 3018 779 3059 natum
806 3047 822 3070 ,
875 3007 1102 3059 malebat
1155 3008 1266 3060 Me·

228 3088 409 3158 lengen-
427 3099 594 3138 notum
610 3127 626 3150 ,
661 3087 920 3157 probante
948 3087 1065 3139 viro
1106 3085 1265 3140 docto

232 3167 289 3218 in
313 3167 591 3219 Observat.
607 3166 828 3219 Miscell.
853 3166 891 3218 l.
918 3185 968 3219 c.
990 3168 1144 3221 male.
1159 3168 1265 3221 Pro

232 3267 334 3299 esse
357 3246 451 3299 alii
469 3267 564 3298 εει-υ
585 3246 669 3298 vel
693 3267 815 3299 asse.

326 3345 347 3379 1
360 3325 521 3379 6.Ad
534 3327 748 3378 lecticam
766 3327 973 3378 homines
992 3366 1008 3389 ‚
1029 3327 1133 3379 hoc
1158 3338 1266 3393 est,

234 3405 536 3459 lecticarios
561 3399 963 3477 [oopstopo'poud.
984 3407 1062 3459 De
1085 3406 1269 3459 lectica

235 3500 481 3539 veterum
510 3499 628 3556 post
644 3485 883 3557 Lipsium
918 3486 1146 3538 Elector.
1170 3486 1267 3538 lib.

236 3567 265 3619 1
282 3605 300 3631 ,
320 3584 439 3636 cap.
473 3583 495 3617 1
509 3584 541 3633 9
555 3604 571 3630 ‚
595 3567 807 3637 copiose
824 3577 878 3618 et
904 3580 1143 3619 accurate
1162 3565 1269 3618 dis-

233 3657 391 3717 putat
423 3644 753 3711 Schefsem,
772 3644 841 3698 de
860 3647 937 3699 Re
960 3646 1271 3699 vehiculari

232 3726 338 3777 lib.
373 3724 464 3790 11,
500 3743 614 3796 cap.
646 3726 707 3791 5,
741 3743 861 3796 pag.
884 3726 1072 3779 852-
1100 3721 1167 3777 Ut
1199 3746 1271 3777 me

220 3809 445 3874 sacena:
463 3805 522 3858 h.
542 3824 587 3857 e.
610 3824 695 3857 me
712 3805 986 3875 fingerem,
1001 3807 1270 3876 jactarem,

230 3884 565 3938 simularem.
577 3885 667 3938 Sic
673 3887 843 3954 facere
854 3887 1113 3954 sefer-ocem
1126 3884 1269 3956 apud

230 3965 413 4018 Plaut.
433 3965 653 4020 Curcul.
679 3967 781 4029 IV,
812 3983 914 4028 111,
949 3984 1003 4035 7,
1019 3963 1087 4017 ad
1111 3983 1269 4036 quem

230 4047 419 4098 locum
443 4045 598 4116 plura
626 4045 870 4117 exempla
894 4045 1105 4116 collegit
1131 4045 1269 4099 Gro-

231 4143 364 4178 nov,
395 4124 452 4177 in
489 4123 717 4179 Plautin.
744 4143 798 4195 p.
836 4145 923 4194 9²·

1428 1667 1520 1719 17.
1556 1648 1838 1701 Beatiomm
1874 1647 2154 1715 Avantius,
2186 1661 2366 1703 contra

1338 1728 1538 1781 nitente
1567 1727 1848 1798 Scaliger0.

1428 1812 1515 1863 18.
1550 1809 1667 1861 Non
1699 1809 1815 1859 melu·
1850 1819 1949 1859 tam
1972 1809 2082 1875 fuit
2119 1809 2362 1877 maligne,

1339 1907 1448 1940 non
1464 1886 1599 1941 adeo
1616 1889 1842 1958 maligna
1859 1887 2071 1941 fortuna
2093 1907 2214 1940 usus
2231 1906 2372 1953 sum,

1339 1987 1447 2020 non
1475 1968 1609 2020 adeo
1636 1987 1841 2038 pressus
1862 1967 1940 2019 fui
1966 1968 2233 2038 angustiis.

1423 2049 1637 2116 19.Quae
1647 2049 1773 2098 mala
1788 2045 2368 2117 tresantiquissimaeod.

1427 2146 1517 2180 20.
1541 2128 1621 2178 Ex
1647 2127 1908 2196 corruptis
1930 2126 2244 2179 lectionibus
2264 2139 2372 2178 octo

1344 2208 1536 2270 literas,
1558 2219 1665 2258 octo
1686 2207 1819 2269 litas,
1844 2219 1952 2258 octo
1974 2209 2120 2257 mines
2137 2206 2373 2276 reposuit

1344 2288 1563 2339 Vossius
1589 2298 1697 2337 octo
1729 2286 1897 2337 Midas
1915 2327 1931 2350 ‚
1969 2287 2007 2340 i.
2032 2304 2077 2339 e.
2111 2285 2375 2357 mancipia

1343 2366 1650 2437 Phrygiaca,
1665 2367 1747 2418 vel
1758 2365 2041 2436 Bithynica
2053 2363 2374 2430 3admodum

1346 2444 1479 2500 dure
1501 2448 1514 2500 Ξ
1539 2447 1677 2504 salva
1700 2465 1781 2499 res
1803 2458 1904 2512 est,
1920 2447 2130 2517 vulgata
2150 2445 2377 2499 lectione

1348 2541 1568 2579 servata.
1591 2560 1671 2569 —
1692 2528 1880 2579 Parare
1908 2521 2241 2600 [πορίζεσθαι]
2268 2539 2375 2578 octo

1347 2609 1555 2659 homines
1576 2619 1747 2670 rectos,
1785 2607 1840 2659 h.
1872 2626 1920 2660 e.
1946 2622 2148 2661 erectos
2176 2621 2229 2660 et
2255 2626 2381 2679 pro·

1348 2706 1511 2740 ceros.
1537 2687 1622 2740 Sic
1663 2700 1794 2738 recta
1831 2691 2023 2740 servitia
2054 2685 2201 2759 apud
2232 2687 2376 2740 Suet.

1350 2768 1539 2820 Caesar.
1567 2787 1680 2838 cap.
1707 2774 1800 2837 47,
1834 2780 1954 2819 sunt
1982 2780 2102 2838 apta
2131 2768 2301 2820 forma
2326 2781 2378 2820 et

1348 2859 1570 2910 statura,
1617 2860 1674 2899 ut
1720 2859 1858 2899 recte
1908 2846 1984 2898 ihi
2023 2848 2248 2917 explicat
2277 2847 2378 2899 Er-

1350 2928 1500 2979 nesti.
1525 2927 1734 2979 Lectica
1752 2941 1957 2988 autem,
1982 2927 2350 2997 velaquatuor
2365 2965 2383 2992 ,

1352 3006 1433 3058 vel
1469 3026 1501 3059 a
1540 3025 1659 3072 sex,
1689 3007 1770 3057 vel
1792 3005 1858 3057 ab
1892 3019 2015 3057 octo
2055 3007 2217 3057 servis
2251 3025 2380 3076 por·

1352 3087 1577 3151 abatur,
1597 3100 1648 3138 et
1669 3086 1796 3138 hinc
1820 3098 2036 3138 vocatur
2061 3086 2385 3157 octophorus

1351 3167 1437 3218 vel
1458 3166 1810 3237 octophorum
1829 3203 1845 3229 ,
1876 3167 2025 3235 cujus
2054 3184 2151 3216 usu
2191 3164 2386 3219 nobilis

1355 3246 1599 3316 inprimis
1630 3246 1729 3297 fuit
1775 3245 2043 3314 Bithynia.
2086 3246 2199 3298 Cic.
2226 3245 2384 3299 Verr.

1355 3328 1427 3391 V,
1460 3346 1481 3379 1
1503 3347 1550 3391 1,
1581 3345 1761 3389 unam,
1788 3339 1844 3377 ut
1867 3344 1983 3376 mos
2002 3325 2104 3377 fuit
2122 3325 2387 3397 Bithyniae

1355 3406 1581 3477 regibus,
1601 3407 1767 3457 lectica
1786 3406 2044 3475 octaphoro
2059 3406 2356 3459 ferebatur·
2369 3448 2382 3459 .

1438 3508 1465 3538 2
1483 3506 1529 3539 1.
1559 3486 1747 3538 Sensus
1764 3490 1861 3537 :At
1881 3504 1978 3555 ego
2000 3486 2208 3537 nullum
2231 3488 2389 3557 plane

1356 3567 1616 3618 habebam
1637 3584 1866 3629 servum,
1880 3584 2053 3635 neque
2071 3565 2158 3617 hic
2177 3604 2192 3631 ,
2219 3585 2392 3638 neque

1359 3647 1414 3698 in
1454 3645 1761 3716 provincia,
1804 3645 1859 3697 in
1914 3646 2065 3713 cujus
2106 3645 2248 3698 collo
2303 3646 2390 3697 vel

1360 3739 1509 3779 vetus
1544 3738 1595 3777 ct
1628 3725 1821 3777 fractus
1861 3725 2103 3795 grabatus
2142 3724 2391 3796 suspendi

1360 3820 1410 3859 et
1452 3805 1640 3875 gestari
1683 3818 1871 3875 posset.
1904 3804 2155 3857 Grabatus
2195 3817 2271 3857 est
2315 3806 2391 3858 le-

1359 3886 1618 3938 cticarum
1659 3903 1824 3954 genus
1868 3884 1973 3936 vile
2011 3897 2063 3936 et
2118 3884 2390 3954 exiguum.

1358 3966 1560 4017 Multus
1597 3977 1672 4016 est
1701 3964 1756 4016 in
1787 3963 1887 4016 hac
1918 3962 2235 4035 explicanda
2262 3983 2395 4016 voce

1360 4043 1597 4096 Vossius,
1625 4043 1780 4095 Pedes
1806 4057 1981 4096 autem
2018 4042 2275 4098 dicuntur
2314 4063 2396 4096 as·

1359 4144 1496 4178 seres
1518 4162 1534 4187 ,
1582 4125 1666 4176 vel
1708 4124 1930 4177 furculae
1954 4164 1970 4188 ,
2016 4124 2216 4194 quibus
2262 4123 2403 4177 inui-
