2986 4935
769 464 914 534 388

1288 469 1360 534 C.
1399 468 1734 535 VALER
1760 470 1834 537 11
1893 469 2358 538 CATULLI

972 596 1357 690 Optandum
1390 600 1557 684 vita,
1589 600 1806 670 dicere
1835 601 1983 693 quis
2012 600 2294 695 poterit?

758 800 859 853 hac
902 797 1203 870 Optandam
1241 801 1400 852 vitam
1440 798 1637 852 ducere
1672 801 1791 872 quis

758 879 1017 950 poterit?-
1041 878 1145 932 Sed
1162 880 1339 931 omnia
1359 898 1649 945 recensere,
1672 900 1787 951 quae

760 978 860 1029 pro
892 979 987 1010 suo
1019 960 1238 1030 quisque
1275 959 1486 1029 ingenio
1518 978 1788 1012 commen-

762 1053 844 1090 tus
877 1053 985 1100 est,
1021 1040 1180 1089 nimis
1219 1039 1438 1108 longum
1479 1051 1570 1090 est.
1602 1071 1684 1082 -
1720 1041 1785 1091 In

758 1119 983 1170 lectione
1010 1119 1282 1187 Doeringii
1307 1118 1588 1170 durissima
1609 1137 1787 1170 versus

763 1198 988 1247 clausula
1012 1198 1101 1246 hac
1121 1198 1250 1267 quid.
1275 1198 1466 1249 Noster
1493 1197 1604 1248 MS.
1631 1223 1651 1241 ·
1677 1201 1784 1249 Aut

1305 1408 1852 1497 CARMEN

1877 800 2041 871 magis
2064 820 2151 853 me
2177 814 2252 853 est
2268 801 2552 872 optandus
2579 804 2771 860 dicere
2791 810 2880 879 quis

1874 879 2098 951 poterit?
2117 907 2137 926 ι
2167 880 2307 933 unde
2317 901 2425 934 non
2443 883 2705 947 absurde,
2722 900 2784 939 ut
2798 890 2884 959 opi-

1873 978 2001 1023 nor,
2027 960 2253 1013 efficiam
2279 978 2293 1012 :
2326 975 2442 1013 «aut
2480 965 2654 1034 magis
2699 966 2799 1018 hac
2827 969 2879 1017 mi

1874 1037 2180 1109 Optandum
2196 1041 2298 1092 vita
2311 1039 2489 1093 dicere
2500 1045 2627 1113 quis
2637 1046 2877 1114 poterit?-

1872 1116 1925 1170 Si
1955 1117 2089 1189 quid
2130 1120 2323 1171 rectius
2351 1133 2425 1171 est
2456 1120 2598 1182 istis,
2647 1125 2883 1178 candidus

1870 1198 2104 1268 imperti.
2135 1198 2201 1251 N.

1952 1410 2312 1496 CVIII.

1515 1645 1598 1688 IN
1655 1644 2130 1689 COMINIUM.

861 1845 927 1908 81
954 1894 972 1923 ,
1007 1840 1304 1923 Comini,
1333 1836 1559 1932 populi
1592 1838 1865 1906 arbitrio
1896 1853 2010 1905 tua
2042 1862 2206 1906 cana
2242 1855 2546 1909 senectus

969 1948 1294 2039 Spin-cata
1340 1945 1616 2037 impuris
1656 1943 1951 2012 moribus
1995 1945 2311 2029 intereat;

862 2056 1014 2120 Non
1046 2051 1351 2146 equidem
1386 2049 1617 2118 dubito
1639 2104 1657 2135 ‚
1687 2052 1845 2143 quin
1880 2051 2165 2144 primum
2198 2053 2461 2120 inimica
2495 2053 2822 2125 bonorum

970 2162 1229 2252 Lingua
1264 2171 1528 2227 exsecta
1563 2157 1758 2223 avido
1796 2159 1879 2225 sit
1913 2157 2065 2224 data
2098 2156 2430 2244 volturi03

861 2264 1156 2333 Effossos
1193 2264 1419 2332 oculos
1451 2278 1643 2330 voret
1676 2277 1820 2329 atro
1856 2277 2123 2356 gutture
2159 2289 2438 2353 corvuS,

972 2372 1293 2438 Intestina
1335 2394 1570 2453 caneS‚
1607 2383 1841 2436 caetera
1884 2368 2180 2438 membra
2228 2368 2384 2465 lupi.

842 2586 979 2635 Ano.
995 2581 1225 2631 Tantum
1246 2594 1353 2628 esse
1366 2578 1455 2639 ait,
1474 2575 1617 2645 quod
1633 2594 1786 2627 senex

762 2663 974 2736 quidam
1003 2658 1279 2712 Cominius
1303 2669 1408 2707 tam
1430 2675 1640 2706 morum
1664 2675 1786 2725 pra-

760 2747 917 2797 vitate
944 2757 1102 2811 quam
1130 2733 1495 2789 maledicendo
1521 2734 1661 2803 apud
1690 2753 1786 2803 po-

763 2824 947 2895 pulum
977 2819 1076 2870 sibi
1104 2816 1449 2877 conflaverat,
1476 2812 1691 2874 odium,
1730 2827 1789 2865 ut

762 2922 870 2956 non
913 2898 1148 2952 dubitet,
1178 2896 1305 2966 quin
1338 2894 1599 2964 populus,
1638 2894 1680 2943 si
1720 2894 1788 2944 ab

764 2986 875 3054 ejus
892 2993 990 3031 stet
1011 2977 1253 3039 urbia-ic,
1277 2975 1532 3025 frustatim
1556 2991 1680 3022 eum
1704 2974 1792 3023 be·

766 3062 875 3114 stiis
899 3053 1260 3111 devorandum
1284 3052 1590 3122 obJecturus
1611 3051 1690 3102 sit.

859 3160 879 3192 ι
896 3180 906 3190 .
936 3138 1017 3189 Sic
1041 3138 1216 3186 homini
1238 3132 1319 3184 vel
1347 3132 1428 3184 Sic
1455 3132 1619 3181 horum
1636 3150 1790 3200 popu·

772 3223 864 3271 [αι-ἰ
910 3219 1107 3268 arbitrio
1145 3216 1199 3265 iu
1237 3212 1386 3264 MSS.
1430 3212 1579 3263 Statii
1597 3250 1612 3271 ‚
1649 3209 1791 3260 unde

773 3298 1023 3351 Avantius
1066 3292 1379 3346 emendabat
1423 3290 1482 3343 St
1499 3331 1513 3352 ,
1569 3289 1788 3350 Comini,

773 3380 972 3430 arbitrio
984 3377 1180 3445 populi,·
1205 3385 1254 3424 et
1275 3373 1348 3423 sic
1373 3370 1620 3423 exhibent
1644 3367 1789 3420 editt.

767 3457 977 3528 Gryph.
1006 3455 1197 3505 Mutet.
1229 3451 1563 3521 Henriepetr.
1599 3480 1673 3488 —
1700 3448 1784 3510 Si,

772 3539 992 3598 Comini,
1028 3536 1226 3584 arbitrio
1245 3532 1473 3601 populari
1503 3547 1625 3578 cana
1658 3547 1788 3578 sene-

768 3629 870 3668 ctus
897 3614 1136 3675 reduxit,
1164 3623 1221 3663 ut
1246 3611 1348 3675 ait,
1374 3622 1496 3662 vett.
1527 3608 1786 3658 librorum

764 3695 1069 3748 auctoritate
1085 3691 1314 3742 Vossius.
1336 3719 1414 3731 --
1433 3690 1622 3739 Nostra
1635 3686 1787 3738 lectio

752 3761 993 3828 'debetur
1018 3772 1199 3824 static.
1224 3801 1305 3810 —-
1330 3768 1519 3819 Sensus
1544 3778 1653 3817 est:
1690 3792 1710 3810 ·
1729 3765 1787 3817 Si

768 3869 825 3907 tu
843 3893 859 3920 ,
885 3872 1069 3905 meane
1091 3868 1245 3902 senex
1263 3887 1277 3911 ,
1306 3846 1528 3917 impuris
1551 3845 1788 3899 moribus

768 3935 1035 4004 inquinate
1051 3971 1065 3993 ‚
1091 3950 1118 3981 e
1147 3926 1323 3980 medio
1351 3926 1548 3977 tolIaris
1574 3942 1672 3993 pro
1697 3944 1788 3994 po·

763 4014 878 4084 puli
894 4012 1152 4068 arbitrium
1168 4021 1266 4060 etc.
1287 4006 1509 4059 Senectus
1532 4023 1632 4073 pro
1651 4025 1756 4055 sene
1766 4026 1784 4064 ,·

1875 2588 1932 2627 ut
1948 2575 2035 2628 illa
2053 2616 2069 2643 ‚
2089 2581 2245 2629 virtus
2265 2577 2488 2642 Catonis,
2505 2584 2750 2650 sapientia
2763 2580 2880 2632 1212:

1958 2655 2010 2707 3.
2041 2657 2243 2708 Inimica
2261 2658 2489 2710 bonorum
2502 2701 2519 2724 ,
2548 2659 2680 2730 (pro
2701 2661 2881 2730 mIgari

1875 2726 2032 2800 honis)
2052 2736 2234 2789 infesta
2254 2738 2404 2790 famae
2420 2739 2690 2792 bonorum
2703 2778 2724 2805 ,
2738 2740 2883 2791 bonos

1874 2832 2111 2885 quosque
2143 2817 2429 2869 verborum
2460 2819 2797 2871 contumeliis
2823 2820 2880 2868 Ia·

1872 2911 2072 2946 ceram.

1959 2979 2010 3035 4.
2044 2974 2236 3043 Lingua
2263 2988 2448 3026 exserta
2485 2976 2544 3028 in
2572 2976 2725 3029 MSS.
2752 2975 2882 3029 Statii

1876 3064 1928 3103 et
1948 3051 2098 3105 libris
2120 3067 2243 3107 vett.
2259 3056 2451 3108 Vossii.
2471 3087 2556 3098 —-
2575 3055 2658 3108 Sit
2672 3057 2881 3126 dampno

1876 3131 2030 3183 detur.
2059 3133 2193 3185 Satis
2217 3146 2393 3186 autem
2423 3149 2649 3201 constat,
2674 3137 2804 3189 nihil
2823 3135 2882 3184 vi·

1877 3228 1993 3261 sum
2026 3230 2132 3263 esse
2142 3214 2425 3266 Veteribus
2453 3213 2720 3276 atrocius,
2738 3233 2879 3285 quum

1879 3290 1918 3340 si
1956 3288 2206 3343 cadavera
2242 3293 2365 3343 feris
2401 3303 2560 3365 atque
2603 3296 2882 3346 volucribus

1880 3366 2224 3440 discerpenda
2235 3383 2286 3423 et
2305 3369 2618 3426 dilanianda
2635 3373 2876 3426 darentur.

1877 3480 1955 3488 -—
1973 3449 2056 3499 Cf.
2078 3467 2235 3520 supra
2253 3447 2321 3502 ad
2341 3451 2523 3506 Can-m.
2545 3454 2745 3517 LXIV,
2773 3455 2881 3512 ¹52,

1876 3540 1929 3578 et
1954 3527 2078 3581 Stat.
2098 3528 2167 3580 ad
2187 3528 2244 3582 h.
2269 3530 2305 3580 l.

1962 3608 2015 3658 5.
2063 3609 2193 3659 Atro
2234 3614 2431 3677 gurgite
2461 3609 2601 3663 cod.
2635 3612 2805 3664 Patav.
2836 3610 2882 3660 in

1878 3704 1982 3755 qua
2007 3685 2225 3756 quidem
2247 3688 2503 3756 lectione,
2529 3703 2774 3762 tanquam
2791 3691 2881 3740 de-

1875 3766 2111 3834 gantiore
2125 3804 2140 3830 ‚
2152 3767 2481 3837 praeferenda
2498 3783 2762 3839 argutam:-
2773 3768 2884 3819 vul-

1876 3864 2009 3913 pius.

1958 3930 2011 3978 6.
2039 3926 2227 3977 Extera
2249 3927 2452 3978 membm
2477 3940 2712 3980 veterum
2733 3928 2885 3979 lihto-

1877 4024 1996 4056 rum
2023 4006 2281 4077 scriptura
2300 4005 2445 4077 apud
2467 4009 2726 4060 vossium.
