2986 4935
803 471 1247 540 CARMEN
1303 472 1610 541 LXIII.

2115 497 2260 568 217

255 602 383 671 Ubi
412 603 622 669 suevit
655 599 762 670 illa
795 604 984 672 Divae
1021 603 1297 672 volitare
1333 627 1503 697 vaga
1541 603 1817 689 cohors3
2219 629 2266 665 ,s
2296 603 2307 612 “

256 710 404 797 Quo
436 732 559 776 nos
596 706 789 777 decet
821 710 1035 778 citatis
1067 710 1355 780 celerare
1391 709 1782 814 tripudiis.»

352 812 554 882 Simul
600 814 740 884 haec
782 817 1131 886 comitibus
1165 821 1327 910 Atys
1369 816 1608 884 cecinit
1641 815 1849 883 notha
1886 814 2151 903 mulier,

253 919 522 988 Thiasus
566 935 836 1014 repente
875 920 1112 1017 linguis
1159 938 1221 991 tn
1223 921 1641 1017 epulantibus
1684 920 1920 1007 ululat,

261 1027 429 1094 Leve
464 1039 852 1121 tympanum
900 1032 1219 1124 remugit,
1263 1053 1424 1098 cava
1465 1026 1770 1123 cymbala
1815 1045 2178 1123 recrepant.

259 1131 544 1200 Viridem
578 1135 750 1202 citus
787 1133 922 1202 adit
956 1134 1142 1204 Idam
1189 1149 1588 1230 properante
1631 1133 1798 1229 pede
1836 1135 2100 1204 chorus.
2218 1166 2270 1205 ³..

260 1238 628 1307 Furibunda
662 1239 890 1324 simul,
929 1241 1280 1327 anhelans,
1311 1266 1477 1336 vaga
1511 1241 1725 1325 vadit,
1766 1242 1970 1311 animi
2008 1267 2245 1338 egem,

259 1344 574 1414 Comitata
612 1359 928 1439 tympano
960 1351 1160 1442 Atys,
1199 1374 1317 1442 per
1355 1372 1563 1441 opaca
1604 1372 1876 1417 nemora
1913 1348 2082 1435 dux,

261 1448 466 1519 Veluti
502 1452 794 1545 juvenca
831 1456 1045 1523 vitans
1082 1480 1250 1523 onus
1288 1453 1605 1522 indomita
1636 1455 1795 1548 jugi.

261 1555 515 1650 Rapidae
555 1556 795 1626 ducem
832 1575 1200 1655 sequuntur
1229 1559 1438 1630 Gallae
1476 1559 1643 1653 pede
1681 1585 1989 1654 proper0.

261 1663 514 1756 Itaque,
547 1678 628 1732 ut
654 1664 926 1734 domum
958 1666 1262 1760 Cybelles
1307 1668 1618 1760 tetigere,
1651 1665 1906 1735 lassulae
2223 1701 2274 1739 ³5

176 1907 220 1958 p.
241 1908 318 1959 90.
329 1892 607 1954 —Acutis‚
627 1892 895 1946 clarisonis
910 1931 928 1959 ,
949 1894 1166 1961 ιύἤχισι.

239 1971 319 2024 25.
355 1972 575 2024 Volitare
589 2013 603 2035 ‚
653 1973 758 2025 huc
799 1973 925 2026 illuc
964 1972 1165 2027 discur-

177 2067 274 2103 rere
290 2090 305 2116 ,
328 2051 509 2122 vagari.
527 2052 617 2105 Cf.
643 2052 841 2117 LXIV,
872 2053 1003 2106 252.

245 2133 323 2182 26.
343 2131 597 2183 Celebrare
625 2132 843 2201 trae'pudie's
870 2133 1071 2204 profert
1100 2151 1164 2185 ex

178 2206 291 2262 libro
310 2229 395 2264 suo
415 2226 468 2265 et
490 2209 734 2265 defendit
756 2212 1005 2283 Scaliger,
1022 2231 1163 2266 acce·

177 2284 310 2341 dente
332 2291 613 2344 But-manno
649 2288 719 2343 ad
744 2290 900 2345 ovid.
944 2293 1164 2346 Metam.

181 2367 265 2431 IV,
290 2368 407 2436 304.

246 2467 323 2520 ²7·
345 2450 525 2515 Ξὶηωὶ,
560 2451 800 2505 simulac.
816 2482 896 2493 —
911 2452 1044 2505 Nota
1067 2470 1164 2523 pro

179 2528 301 2581 melu
317 2530 498 2586 vitiose
522 2533 582 2586 in
603 2531 750 2583 libris
773 2531 921 2584 MSS.
946 2545 996 2584 et
1018 2529 1165 2583 editt.

180 2612 518 2665 vete—Nova
543 2611 794 2681 Scaliger,
817 2629 977 2682 quem
1000 2611 1169 2682 sequi·

180 2698 251 2740 tur
261 2689 1048 2752 Werthesins.-Noehomulier,
1069 2708 1167 2743 nec

181 2766 391 2835 femina,
409 2790 507 2826 nec
532 2773 635 2823 vir.
663 2771 744 2823 Cf.
774 2768 935 2823 Ovid.
962 2770 1086 2821 Ibis.
1116 2789 1164 2821 v.

185 2846 559 2920 457ςῆμλθηλυς,
580 2852 770 2902 Anacr.
787 2848 892 2902 Od.
916 2851 1050 2901 XIII
1068 2888 1085 2913 ,
1114 2868 1165 2901 ι.

248 2932 324 2983 ³8.
356 2931 588 2993 Thiasus,
635 2930 825 2983 cohors
862 2931 972 3000 ipsa
994 2968 1009 2993 ,
1052 2947 1168 3000 qua

183 3006 378 3062 Attinem
403 3024 576 3064 secuta
601 3022 727 3062 emt.
751 3040 832 3051 —
857 3010 1165 3079 Str-epitomi-

181 3083 251 3136 bm
269 3089 337 3140 vel
368 3090 708 3161 crepitantibus
733 3108 921 3160 parum
948 3088 1168 3140 feliciter

181 3174 316 3221 teum
339 3170 574 3223 Vooeius.
602 3198 680 3211 -—
697 3171 895 3239 Linguis
924 3168 1168 3237 trepidan-

182 3244 302 3310 tibus,
321 3247 371 3301 h.
389 3267 440 3302 e.
461 3247 691 3305 subinde
713 3246 990 3301 clamando
1014 3247 1171 3299 motis

180 3336 228 3375 et
249 3327 467 3382 vila-atis.
483 3360 570 3373 --
587 3328 758 3382 Etiam
800 3340 1006 3381 motum
1035 3327 1172 3380 festi·

181 3404 358 3460 natione
389 3421 439 3462 et
482 3408 812 3462 vehementia
846 3407 1169 3460 concitatum

182 3499 268 3536 vox
285 3488 513 3558 trepida-e
537 3488 728 3560 passim
757 3502 809 3541 et
827 3488 931 3540 hoc
962 3487 1080 3540 loco
1100 3487 1171 3540 si·

179 3563 380 3629 gnificat.
408 3568 476 3622 N.

250 3663 330 3714 ²9·
355 3648 613 3719 lnce-epam
639 3648 695 3701 in
724 3646 996 3701 nonnullis
1020 3645 1169 3699 MSS.

180 3720 325 3778 Statii.

266 3803 349 3859 30.
418 3807 636 3860 Vir-idem
691 3807 829 3860 Idam
873 3824 888 3859 :
939 3804 1173 3876 intellige

180 3886 350 3939 montis
395 3885 507 3940 lde
547 3899 786 3958 partem,
835 3886 922 3939 vel
964 3884 1172 3954 Dindy-

182 3977 305 4016 mmn
323 4003 339 4029 ,
363 3967 445 4019 vel
483 3966 552 4019 τὰ.
580 3969 812 4032 Κύβιλα,
842 3966 910 4019 cf.
941 3965 1011 4017 ad
1038 3982 1171 4019 vers.

186 4056 226 4091 ².
248 4042 394 4098 Mons
423 4045 520 4098 Ida
564 4046 706 4098 enim
735 4046 817 4098 vel
855 4064 885 4098 a
918 4044 1077 4098 sacris
1099 4044 1176 4098 ibi

184 4117 401 4177 institutis
430 4126 516 4179 vel
550 4144 580 4177 a
609 4124 765 4178 variis
800 4126 913 4195 ejus
940 4123 1176 4195 partibus

1253 1906 1303 1946 et
1333 1893 1622 1946 verticibus
1653 1893 1796 1945 varia
1825 1911 2044 1964 quoqne
2071 1894 2274 1965 accepit

1250 1973 1485 2026 nomina.
1513 1974 1598 2026 Cf.
1618 1973 1941 2025 Hemsterlms.
1964 1972 2029 2025 ad
2054 1973 2270 2026 Lucian.

1255 2064 1292 2104 t.
1329 2053 1391 2117 1,
1430 2073 1485 2123 p.
1515 2052 1645 2104 252.
1670 2053 1922 2104 Frondosa
1958 2052 2051 2104 Ida
2080 2053 2272 2124 virgil.

1255 2131 1464 2184 AEneid.
1499 2133 1569 2196 V,
1603 2131 1710 2184 253
1736 2170 1751 2196 ,
1785 2132 1877 2183 ubi
1908 2131 1979 2184 cf.
2004 2131 2194 2186 Cerda.

1338 2214 1424 2264 31.
1450 2212 1631 2263 Animo
1668 2231 1807 2281 egens
1849 2211 2053 2281 vulgata
2081 2212 2235 2264 lectio
2259 2252 2275 2276 ,

1253 2289 1346 2342 sed
1372 2290 1585 2343 doctior
1608 2304 1685 2343 est
1722 2303 1929 2351 nostra,
1967 2309 2085 2363 quas
2115 2292 2277 2343 stabi·

1253 2369 1382 2424 litur
1421 2369 1704 2442 depravata
1743 2371 1966 2424 lectione
1998 2372 2053 2421 in
2075 2371 2271 2424 MSSC.

1256 2449 1401 2504 Statii
1428 2454 1577 2503 animi
1602 2454 1748 2522 geris.
1780 2485 1860 2493 —
1886 2452 1949 2503 In
1991 2448 2119 2504 edit.
2155 2452 2279 2504 Par·

1256 2530 1421 2582 thenii
1457 2544 1509 2584 et
1552 2531 1605 2583 in
1636 2532 1869 2602 margine
1899 2529 2025 2584 edit.
2058 2531 2271 2603 Gryph.

1256 2607 1443 2680 legitur
1455 2615 1687 2682 animoge
1690 2632 1830 2663 mens.
1834 2612 2067 2682 —Virg.
2080 2612 2273 2683 Georg.

1256 2689 1568 2759 111‚289,
1615 2692 1822 2743 «animi
1855 2689 2097 2743 dubius·
2111 2695 2276 2745 ..AEn

1260 2769 1340 2832 11,
1359 2775 1450 2834 61,
1477 2770 1668 2832 «animi
1689 2769 1900 2823 fidens·
1913 2772 2113 2824 ..Plaut
2134 2771 2273 2824 Rud.

1258 2848 1312 2910 1,
1341 2850 1402 2912 5,
1434 2853 1531 2911 16,
1555 2863 1807 2919 -segeute
1834 2870 2037 2920 opum·
2049 2851 2273 2903 ..Horat

1259 2926 1364 2980 Od.
1382 2930 1481 2992 lv,
1504 2930 1534 2979 8
1552 2968 1566 2993 ,
1591 2946 1678 2992 ιο,
1705 2929 1943 2980 -aninms
1965 2927 2275 2983 deliciarum

1259 3026 1414 3077 egens
1437 3035 1482 3060 ·.
1516 3008 1583 3059 N.

1341 3087 1430 3149 34.
1453 3088 1821 3158 Pmperepedem
1846 3088 1928 3138 vel
1954 3091 2281 3159 pmperepedi-

1261 3179 1348 3217 eam
1370 3167 1478 3219 Pal.
1506 3168 1693 3238 Papyr.
1714 3181 1764 3219 et
1779 3168 2093 3220 Commelin.
2116 3187 2282 3220 mem-

1258 3246 1338 3298 br.
1366 3246 1509 3299 unde
1537 3247 1798 3317 Meleager
1828 3248 2092 3317 rescripsit
2112 3268 2283 3319 prope·

1261 3328 1461 3396 ripe-dem
1511 3340 1781 3397 receptum
1833 3347 1863 3380 a
1910 3328 2127 3393 vossio,
2167 3327 2279 3380 edi-

1260 3418 1375 3459 tore
1422 3407 1726 3477 Cantabrig.
1776 3407 1939 3477 Vulp.
1990 3438 2065 3450 —-
2125 3410 2277 3459 Amat

1261 3499 1400 3540 certe
1443 3488 1602 3539 Poeta
1645 3487 1698 3539 in
1731 3487 1833 3538 hoc
1874 3487 2107 3539 carmine
2141 3490 2278 3557 ejus-

1262 3564 1406 3617 modi
1436 3585 1590 3618 voces
1630 3566 1942 3635 compositas
1961 3607 1976 3630 ,
2009 3579 2066 3618 ut
2095 3567 2282 3619 hederi-

1257 3664 1391 3713 ὅσα·
1409 3687 1424 3708 ,
1452 3650 1777 3714 nemer-iungas
1790 3687 1803 3708 ,
1834 3647 2148 3708 silvicultriae,
2182 3660 2280 3700 etc.

1261 3757 1340 3767 —
1362 3725 1577 3795 Propero
1592 3725 1713 3795 pede
1743 3726 1951 3796 Gryph.

1362 3804 1452 3859 35.
1508 3805 1705 3874 Cybeles
1763 3807 1916 3857 Voss.
1963 3836 2042 3847 --
2097 3805 2283 3877 Qrbebe

1263 3884 1435 3938 Graev.
1501 3898 1789 3955 utrumque
1845 3885 2030 3936 falsum
2057 3921 2071 3946 ,
2124 3883 2282 3938 debet

1262 3982 1372 4017 esse
1412 3964 1498 4016 vel
1555 3964 1763 4037 Cybebes
1814 3963 1897 4017 vel
1940 3963 2173 4034 Cybelles.
2203 3996 2285 4006 —

1265 4044 1484 4116 Csbelles
1539 4044 1726 4096 domum
1753 4085 1769 4107 ,
1823 4043 2099 4113 templum.
2152 4043 2280 4097 Stat.

1263 4123 1387 4177 Silv.
1427 4125 1529 4188 IV,
1559 4125 1589 4177 3
1609 4164 1626 4189 ,
1655 4144 1761 4195 77,
1792 4137 1843 4177 et
1867 4142 2001 4195 saepe
2029 4122 2188 4187 alibi,
2224 4136 2284 4177 ut
