2986 4935
430 497 788 565 MURETI
844 498 1429 565 GALLIAMBUS
1484 497 1583 564 ΙΝ
1639 499 2100 566 BACCHUM.
2177 501 2330 591 409

190 628 637 699 Rubicundus
681 628 860 695 hunc
907 629 1249 721 magister,
1296 631 1638 722 Satyrique
1683 630 2067 724 capripedes

195 736 373 830 Agili
416 734 626 829 gradu
668 735 1139 827 insequuntur,
1177 734 1557 828 thiasusque
1591 734 1977 823 mulierum,

193 846 389 911 Evoe
437 856 659 935 pater,
696 840 1093 909 frementum
1119 894 1139 928 ‚
1174 840 1526 909 metuende
1561 844 1913 928 Bassareu,

194 952 332 1016 Ter
368 974 409 1016 o
447 963 514 1016 et
556 961 788 1040 quater
822 947 1089 1015 beatum
1128 961 1240 1015 tua
1279 948 1390 1040 qui
1426 948 1613 1040 orgia
1648 950 1978 1041 sequitur,

194 1055 532 1147 Thyrsum
566 1053 852 1146 inquiete
887 1052 1118 1122 dextra
1152 1056 1449 1146 quatiens
1484 1052 1998 1141 hedericomum.

196 1158 409 1229 Simul
447 1174 643 1253 atque
684 1158 961 1252 pulchra
1007 1159 1239 1229 Cadmi
1284 1174 1349 1228 te
1393 1158 1527 1227 filia
1570 1162 1864 1254 peperit,

201 1267 507 1361 Peperit,
543 1264 656 1333 sed
690 1280 843 1333 ante
880 1280 1174 1359 tempuS‚
1217 1267 1399 1333 Jovis
1444 1267 1596 1359 igne
1641 1268 1894 1352 saucia,

200 1376 404 1441 Pater
436 1374 575 1465 ipse
611 1386 676 1438 te
713 1370 1049 1465 alligatum
1075 1425 1094 1456 ‚
1131 1374 1406 1466 proprio
1448 1374 1514 1439 in
1556 1372 1804 1441 femore
1839 1372 2020 1457 tulit,

205 1477 390 1546 Mala
421 1503 504 1546 ne
539 1502 825 1545 noverca
858 1476 1018 1546 caelo
1055 1491 1118 1546 te
1153 1478 1555 1573 praecipitem
1587 1494 1832 1572 ageret.

203 1584 412 1653 Dedit
455 1583 606 1651 inde
642 1599 705 1652 te
742 1583 1100 1652 fovendum
1144 1584 1449 1679 nymphis
1489 1587 1966 1680 nemorivagis,

203 1696 379 1785 Juga
414 1716 566 1783 quae
607 1715 726 1783 per
760 1688 891 1757 alta
927 1690 1122 1784 Nysae
1164 1716 1452 1785 propero
1487 1690 1654 1786 pede
1691 1691 1985 1760 volitant.

204 1799 377 1885 Quae
406 1797 491 1864 ibi
525 1820 785 1890 cunque
819 1812 889 1864 tu
923 1796 1180 1891 puellus
1214 1797 1358 1866 loca
1394 1796 1623 1865 dexter
1657 1797 1941 1880 adieraS,

207 1904 607 1995 Ubicunque
638 1904 1003 1989 sessitaraS‚
1036 1928 1208 1970 nova
1239 1905 1532 1997 germine
1566 1918 1793 1972 tenero

206 2014 255 2077 F
258 2009 511 2078 criebat
539 2009 736 2076 arbor
767 2033 959 2077 auras
996 2009 1298 2078 redimita
1336 2011 1702 2103 pampinis;

209 2117 612 2208 Ubicunque
643 2114 980 2201 lusitaras,
1014 2140 1187 2184 nova
1231 2116 1500 2183 flumina
1544 2119 1763 2183 temeti

209 2221 476 2291 Placido
508 2223 676 2288 viam
718 2222 1027 2290 secabant
1070 2222 1387 2290 fluitantia
1430 2223 1667 2289 sonitu.

207 2328 393 2416 Quid
419 2329 556 2420 jam
586 2327 843 2396 Indiam
876 2329 1211 2396 subactam
1247 2329 1360 2396 tibi
1391 2330 1675 2396 maxime
1707 2332 2111 2399 memorem?

211 2434 394 2525 Quid
424 2433 698 2503 Penthei
730 2449 844 2503 aut
871 2436 1160 2530 Lycurgi
1198 2433 1513 2504 scelerata
1560 2434 1845 2503 facinora
1866 2487 1883 2518 ‚

210 2537 405 2610 Nova
440 2542 682 2635 quidve
723 2556 1015 2610 monstra
1053 2544 1335 2611 Etrusco
1366 2545 1707 2611 natitantia
1746 2541 2023 2637 pelago?

209 2651 352 2716 Tua
394 2673 513 2743 per
550 2647 845 2741 trophaea
889 2650 1069 2716 eunti
1109 2674 1321 2742 neque
1364 2652 1538 2717 enim
1585 2647 1804 2717 modu’
1843 2650 2055 2719 fuerit.

210 2755 349 2822 Tibi
400 2753 704 2841 TmolUS‚
741 2769 806 2822 et
851 2755 1242 2847 Cythaeron,
1280 2755 1396 2823 tibi
1432 2755 1610 2848 Nysa
1644 2755 1901 2824 subdita
1940 2773 2075 2840 cst3

212 2863 352 2929 Tua
388 2862 663 2944 Musici,
700 2874 766 2928 et
798 2875 1007 2954 poetae
1041 2863 1381 2929 unanimes
1413 2885 1596 2928 sacra
1631 2860 2000 2946 celebrant;

211 2969 352 3035 Tuo
388 2968 480 3035 eis
510 2966 760 3060 liquore
799 2968 988 3035 tactis
1023 2965 1214 3034 simul
1249 2991 1325 3035 ac
1364 2968 1581 3059 capita
1616 2965 1864 3047 calent,

213 3074 523 3142 Numeris
552 3088 820 3166 repente
856 3071 1013 3141 fusis
1046 3073 1261 3141 subito
1294 3074 1516 3140 omnia
1553 3088 1878 3141 resonant.

216 3181 365 3249 Sine
404 3195 469 3249 te
503 3177 661 3246 nihil
701 3195 1047 3247 venustum
1084 3193 1214 3264 est,
1249 3177 1409 3246 nihil
1448 3194 1546 3248 est
1576 3179 1986 3248 hilarificum.

213 3288 315 3353 Tu
347 3287 583 3353 animis
620 3285 851 3353 acerba
890 3285 1073 3353 fessis
1105 3309 1411 3353 curarum
1450 3310 1650 3354 onera
1688 3287 1923 3380 abigis,

220 3392 468 3460 Adimis
506 3390 824 3485 pudorem
870 3392 1197 3485 ineptum,
1238 3407 1488 3460 secreta
1527 3391 1877 3486 patefaciS‚

219 3497 519 3566 Ineunda
549 3495 736 3590 pellis
768 3524 994 3566 omnes
1029 3498 1111 3565 ad
1151 3496 1368 3592 praelia
1384 3500 1696 3584 VeneriS‚

223 3605 468 3689 Obstis,
505 3606 720 3697 quiete
762 3602 972 3688 molli,
1015 3604 1251 3698 quibus
1294 3605 1545 3698 obtegis
1588 3604 1833 3674 oculos.

224 3711 524 3804 Agedum
563 3726 783 3803 pater,
823 3711 1101 3804 agedum
1146 3737 1295 3794 rex,
1338 3710 1617 3804 agedum
1657 3712 1917 3780 aetheris
1949 3711 2186 3790 decus,

226 3816 392 3887 Ades
430 3843 635 3910 usque
659 3872 676 3900 ,
724 3843 969 3910 nosque
1005 3816 1289 3884 clemens
1329 3815 1521 3884 oculo
1555 3818 1814 3911 adspice
1857 3815 2131 3911 placido.
2245 3878 2255 3890 ‚

909 4061 1055 4069 ——--—
1074 4047 1684 4080 -ᾥῡ-ὃῇ--Η-’ω
