2986 4935
897 457 1342 524 CARMEN
1398 457 1621 523 XLV.

2195 458 2324 540 ¹4¹

503 582 698 655 Solus
741 585 810 652 in
851 585 1096 680 Libya,
1133 586 1408 653 Indiave
1444 600 1655 670 tosta,

507 694 721 761 Caesio
762 694 1019 760 veniam
1060 693 1298 761 obvius
1329 694 1558 760 Leoni.

507 802 652 866 Hoc
696 813 771 866 ut
809 798 1007 885 dixit,
1047 801 1288 883 Amor,
1328 800 1657 866 sinistram
1693 812 1768 867 ut
1801 813 1990 883 ante,

508 907 828 973 Dextram
866 908 1145 974 sternuit
1174 904 1743 1000 approbationem.

171 1168 248 1238 pl.
264 1186 374 1236 per.
407 1165 463 1218 h.
486 1183 533 1216 e.
561 1177 818 1235 quantum
849 1166 987 1217 ullus
1012 1178 1216 1218 amator

174 1247 410 1298 amicam
435 1263 579 1296 suam
603 1243 808 1315 perdite
826 1263 1003 1296 amare
1024 1258 1212 1315 potest.

178 1328 353 1377 Perire
370 1344 475 1396 pro
492 1325 702 1395 deperire
721 1325 788 1376 cf.
809 1323 877 1376 ad
898 1323 958 1376 C.
984 1326 1210 1383 XXXV,

187 1425 208 1458 ι
224 1426 251 1458 2
262 1447 275 1458 .

265 1489 325 1536 6.
357 1485 506 1537 Solus
534 1487 583 1535 in
604 1484 760 1556 Lybia
784 1503 882 1554 pro
912 1484 1021 1536 sola
1045 1484 1099 1534 in
1122 1484 1213 1536 Li·

179 1565 286 1636 bya
305 1567 360 1617 b.
380 1584 428 1617 e.
452 1563 671 1616 deserta.
697 1565 840 1616 India
858 1576 984 1614 tosta
999 1605 1013 1624 ,
1036 1562 1183 1615 arida
1198 1603 1213 1629 ,

177 1643 403 1697 torrida.
436 1644 558 1695 Non
590 1644 724 1695 bene
753 1656 926 1696 autem
961 1663 991 1694 a
1021 1645 1213 1695 Nostro

179 1725 424 1777 Africam
450 1742 571 1775 cum
596 1721 745 1774 India
771 1724 1020 1791 componi
1040 1724 1215 1774 obser·

177 1818 266 1856 vat
307 1805 559 1856 Barthius
597 1801 664 1853 ad
695 1803 820 1854 Stat.
855 1802 982 1854 Silv.
1015 1804 1112 1864 IV,
1146 1802 1174 1853 3
1197 1841 1212 1866 ‚

187 1902 208 1934 1
225 1884 324 1952 37,
349 1882 495 1954 quod
521 1881 768 1952 equidem
794 1901 900 1933 non
925 1881 1212 1933 video.Vo·

178 1963 279 2016 luit
314 1977 366 2015 et
395 1962 568 2032 potuit
593 1962 748 2013 Poeta
781 1964 886 2033 jam
918 1962 1213 2032 quamlibet

179 2043 458 2113 regionem
522 2042 858 2093 remotiorem
910 2042 1210 2111 appellare,

177 2123 364 2174 leones
409 2121 669 2185 alentem,
706 2119 851 2190 quod
893 2119 1110 2190 quidem
1144 2119 1212 2172 de

179 2201 341 2253 India
392 2220 541 2272 aeque
582 2219 643 2253 ac
682 2201 851 2271 Libya
890 2201 1063 2252 valere
1104 2219 1209 2251 non

177 2281 414 2334 dubium
440 2294 544 2343 est,
572 2298 891 2351 quamquam
915 2280 1085 2351 Libya
1104 2281 1211 2332 leo-

179 2381 316 2412 num
341 2361 635 2430 frequentia
657 2360 891 2410 nobilior
910 2360 997 2419 sit,
1023 2372 1073 2410 et
1097 2360 1213 2412 Gae-

181 2443 276 2493 wli
298 2438 546 2512 inprimis
565 2439 717 2492 leones
736 2459 860 2510 soepe
873 2436 1019 2511 apud
1035 2452 1213 2511 poetas

177 2534 685 2573 commemorentur.

281 2619 337 2670 7.
392 2600 554 2653 Coesio
591 2600 714 2651 leon.
758 2602 814 2650 τὸ
867 2602 1036 2649 coesius
1076 2599 1211 2650 male

176 2682 349 2751 vulgo
398 2680 666 2749 explicant
709 2676 776 2729 (le
820 2678 1005 2747 glauco
1045 2680 1211 2730 leonis

176 2763 386 2814 colore.
425 2760 540 2810 Imo
578 2762 743 2809 coesius
781 2759 863 2809 leo
911 2759 1065 2828 plane
1111 2771 1210 2822 est,

175 2841 273 2913 qui
299 2840 539 2890 Homero
560 2836 712 2890 Iliad.
740 2838 841 2888 XX
859 2874 875 2899 ‚
909 2858 1014 2907 17²
1037 2876 1052 2901 ‚
1077 2836 1208 2889 dici-

177 2934 271 2973 tur
304 2918 572 2987 γλαυκιόων
614 2918 668 2969 h.
709 2937 754 2969 e.
788 2918 992 2969 vultum
1031 2931 1209 2968 trucu-

178 3002 390 3051 lentum
434 3014 543 3067 proe
582 3017 634 3048 se
677 2998 877 3060 ferens,
911 2998 1032 3067 quia
1070 2997 1209 3048 oculi

177 3079 327 3132 caesii
347 3078 702 3130 truculentum
723 3074 975 3147 quiddam
996 3077 1209 3128 habent.

178 3161 244 3211 ln
301 3175 467 3227 quam
511 3158 814 3208 sententiam
858 3168 1000 3207 recte
1052 3157 1205 3206 etiam

177 3238 487 3308 explicatur
504 3236 557 3286 M
565 3236 742 3287 inerva
760 3243 1063 3306 γλαυκῶπις.
1079 3234 1207 3287 vid.

179 3315 551 3369 Heinsterhus.
574 3313 641 3366 ad
659 3317 788 3366 Luc.
814 3315 877 3367 T.
909 3318 958 3376 Ι,
990 3334 1047 3386 p.
1079 3319 1210 3378 226,

177 3410 232 3448 et
278 3395 467 3447 Heius.
519 3392 586 3445 ad
619 3393 777 3446 Ovid.
828 3395 939 3446 Art.
981 3393 1208 3446 Amaud.

181 3478 267 3539 11,
324 3475 461 3542 659.
499 3474 776 3526 Terribilis
824 3486 997 3525 autem
1048 3474 1213 3525 leonis

177 3557 366 3607 vultus
388 3553 554 3605 multo
575 3554 785 3624 gravius
802 3572 961 3623 quam
990 3555 1102 3624 ejus
1121 3573 1210 3606 co·

179 3636 266 3687 lor
289 3634 361 3685 ab
383 3633 618 3685 Homero
643 3647 695 3685 et
717 3633 832 3685 aliis
856 3632 1024 3703 poetis
1047 3632 1100 3683 in
1124 3631 1217 3684 ad·

175 3715 382 3784 junctis
421 3714 648 3783 exprimi
703 3712 847 3765 solet.
885 3712 1024 3763 Hinc
1062 3732 1212 3783 σμερ-

176 3791 368 3854 δαλέος
392 3791 546 3845 Iliad.
576 3793 762 3844 XVIII
778 3832 793 3857 ‚
825 3792 935 3861 579
955 3830 971 3857 ,
995 3794 1211 3861 χαροπὸς

179 3873 383 3944 odyss.
401 3873 479 3924 XI
489 3910 502 3932 ,
524 3876 557 3923 6
570 3872 921 3925 10.—Obvius
935 3875 1126 3921 veniam
1140 3891 1210 3924 sc.

176 3969 239 4007 ut
272 3971 370 4005 me
402 3952 713 4004 sceleratum
746 3965 797 4005 et
827 3950 1095 4021 perfidum
1129 3950 1214 4003 di-

174 4047 406 4103 ·oerpat.
439 4033 731 4085 sceleratos
765 4031 908 4084 enim
950 4032 1214 4102 precipue

175 4132 207 4166 a
240 4114 370 4166 feris
401 4113 509 4184 peti
528 4152 543 4178 ,
572 4111 803 4183 vulgaris
833 4112 1032 4165 serebat
1057 4113 1213 4164 Vete-

1308 1180 1429 1214 rum
1475 1163 1678 1235 opinio.
1726 1164 1867 1218 Hinc
1911 1166 2091 1220 Horat.
2142 1194 2164 1214 ι
2194 1167 2330 1223 inte-

1307 1261 1462 1312 grum
1502 1246 1621 1295 vitae
1670 1246 1984 1317 scelerisque
2026 1266 2223 1317 purum
2273 1269 2329 1301 se

1304 1320 1628 1391 praedicans,
1657 1337 1844 1394 sponte
1875 1344 1928 1377 se
1959 1328 2214 1378 inermem
2243 1330 2328 1379 lu-

1303 1420 1434 1470 pum
1465 1403 1520 1452 in
1550 1404 1680 1455 silva
1703 1404 1893 1457 Sabina
1924 1405 2113 1477 fugisse
2137 1433 2158 1453 ·
2189 1407 2329 1461 canit

1306 1479 1411 1532 Od.
1449 1483 1503 1546 1,
1538 1502 1604 1534 22
1627 1521 1642 1546 ‚
1669 1503 1730 1552 9,
1758 1503 1873 1555 sqq.

1386 1562 1437 1612 8.
1468 1560 1678 1613 Sinistra
1707 1576 1761 1613 ut
1786 1576 1895 1615 ante
1917 1566 2102 1615 Dextra
2125 1572 2329 1620 sternuit

1303 1640 1647 1709 approbatione
1694 1643 1842 1695 MSS.
1893 1644 2001 1695 sere
2048 1664 2233 1697 omnes
2274 1661 2326 1700 et

1303 1719 1447 1771 editt.
1475 1736 1636 1773 veter.
1667 1743 1764 1775 nec
1791 1722 1945 1775 video
1963 1764 1977 1787 ,
1997 1743 2093 1775 cur
2118 1744 2227 1777 non
2256 1727 2327 1780 ita

1303 1797 1449 1870 loqui
1493 1803 1725 1871 potuerit
1768 1804 2004 1856 Catullus
2039 1822 2052 1855 :
2093 1817 2322 1858 nostram

1301 1878 1576 1932 lectionem
1603 1879 1856 1951 produxit
1870 1884 2063 1935 Statius
2080 1903 2141 1935 ex
2159 1885 2320 1939 MSC.

1303 1958 1554 2010 Patavino
1597 1962 1781 2014 altero.
1822 1995 1905 2003 —
1956 1963 2068 2013 Hoc
2102 1977 2157 2014 ut
2197 1964 2325 2017 dixit

1301 2039 1459 2089 Amor
1481 2043 1673 2090 se‘uister
1690 2056 1800 2093 ante
1819 2083 1832 2103 ,
1860 2043 2096 2092 Dextram
2122 2051 2328 2097 sternuit

1301 2118 1690 2187 adprobationem
1724 2123 1963 2183 Vossius,
1992 2124 2080 2191 qui
2116 2124 2171 2174 in
2202 2127 2321 2195 qui-

1299 2196 1522 2249 busdam
1558 2200 1706 2250 libris
1740 2201 2010 2253 invenerat
2046 2206 2325 2257 sinisti-ante

1300 2290 1426 2328 ante.
1458 2279 1669 2330 Caeteris
1704 2279 1940 2331 lectionis
1968 2283 2212 2333 monstris
2238 2285 2323 2336 fu-

1301 2356 1585 2428 tilibusque
1629 2358 1961 2411 recensendis
2005 2364 2323 2433 conjecturis

1299 2437 1533 2489 chartam
1574 2438 1795 2509 perdere
1835 2440 1982 2493 nolo,
2010 2471 2083 2481 —
2128 2443 2238 2496 Hoc
2270 2458 2325 2497 ut

1299 2518 1453 2579 delcit,
1477 2518 1593 2570 Am.
1613 2523 1706 2572 sin.
1737 2534 1817 2581 ut,
1855 2534 1951 2573 etc.
1979 2521 2170 2574 Sensus
2208 2538 2281 2576 est
2305 2545 2319 2579 :

1298 2598 1364 2649 ab
1393 2599 1493 2649 hoc
1522 2611 1761 2669 tempore
1797 2614 1847 2652 et
1878 2601 1979 2652 hoe
2005 2604 2200 2653 amoris
2235 2602 2325 2657 de-

1299 2676 1532 2729 clarandi
1560 2677 1720 2730 modo
1752 2680 1927 2732 favere
1963 2682 2120 2750 coepit
2155 2685 2322 2738 Amor

1299 2756 1538 2827 Septimii
1563 2771 1613 2810 et
1638 2762 1823 2810 Acmes
1844 2762 2040 2824 amori,
2063 2763 2150 2813 cui
2173 2777 2324 2817 antea

1300 2838 1473 2887 minus
1491 2838 1666 2888 favere
1690 2838 1828 2889 visus
1843 2853 1934 2891 est.
1954 2873 2024 2882 —
2040 2842 2322 2898 Probanda

1301 2916 1472 2966 Vossii
1514 2917 1769 2969 correctio
1819 2918 2058 2982 videtur;
2091 2940 2320 2991 namque

1298 3014 1406 3047 non
1432 2996 1552 3046 satis
1581 2997 1811 3065 intelligo
1840 2997 1971 3067 quid
1997 3000 2062 3050 sit
2091 3002 2321 3070 approba-

1300 3078 1366 3125 tio
1385 3078 1578 3125 sinistra
1598 3116 1612 3137 ,
1637 3077 1952 3146 approbatio
1982 3077 2321 3150 improbans?

1298 3154 1504 3205 Siniseer
1520 3168 1629 3204 ante
1644 3169 1871 3225 recepto,
1890 3170 2060 3208 rectus
2073 3160 2131 3210 fit
2143 3178 2323 3213 sensus

1298 3236 1585 3286 verborum
1623 3235 1891 3307 facilisque
1925 3238 2202 3290 connexio.
2230 3240 2319 3294 Sic

1296 3313 1440 3384 apud
1462 3315 1842 3368 Senec.Troad.
1868 3315 1977 3383 983
1994 3354 2006 3372 ‚
2027 3319 2195 3383 «Quis
2215 3333 2321 3373 tam

1297 3394 1505 3445 sinister
1537 3393 1726 3446 dividit
1748 3409 1925 3467 captas
1951 3398 2124 3450 Deus?
2145 3426 2165 3445 -
2190 3401 2256 3453 N.

1393 3492 1443 3540 9.
1493 3474 1745 3526 Stemuere
1786 3476 1942 3528 dextr.
1997 3478 2195 3549 appr-ob.
2248 3495 2322 3534 est

1300 3572 1456 3604 omen
1492 3555 1718 3606 faustum
1738 3593 1753 3618 ‚
1783 3560 1962 3607 sinistr.
1996 3578 2134 3628 appr.
2164 3579 2321 3613 omen

1304 3632 1588 3684 infaustum
1643 3633 1958 3687 sternuendo
2014 3638 2321 3707 praedicere.

1304 3713 1726 3764 Sternutamenta
1757 3715 1898 3766 enim
1932 3719 2032 3783 jam
2067 3720 2323 3789 antiquis·

1301 3792 1446 3843 simis
1475 3794 1802 3863 temporibus
1828 3792 1894 3846 ad
1923 3794 2061 3848 bona
2089 3800 2321 3869 auspicia

1300 3872 1615 3942 pertinuisse
1629 3886 1845 3943 apparet
1863 3894 1926 3925 ex
1945 3876 2178 3927 Homero
2191 3917 2205 3940 ,
2230 3880 2321 3931 uhi

1302 3951 1526 4002 faustum
1543 3966 1785 4004 eventum
1802 3973 1863 4004 ex
1878 3955 2180 4008 Telemachi
2201 3971 2324 4011 ster·

1302 4031 1573 4082 nutatione
1603 4047 1888 4102 auguratur
1918 4034 2093 4086 Penel.
2129 4035 2323 4108 Odyss.

1306 4112 1490 4172 XVII,
1536 4112 1666 4174 545.
1696 4112 1780 4165 Sic
1812 4111 1880 4164 de
1908 4114 2148 4168 Menelao
2178 4119 2324 4188 apud
