2986 4935
764 444 1208 513 CARMEN
1267 447 1551 512 LXIV.
2077 443 2224 514 225

232 587 440 654 Procul
478 611 515 654 a
555 610 696 655 mea
737 601 887 655 tuus
926 588 1008 655 sit
1044 586 1231 654 furor
1267 586 1514 670 omni8‚
1552 584 1746 672 hera,
1776 585 2012 670 ‹lom03

227 693 387 761 Alios
420 719 538 787 age
580 695 918 776 incitatOS,
956 692 1116 761 alios
1150 718 1271 787 age
1311 691 1641 759 rabidos.»

143 877 305 928 veteris
324 877 585 947 scripturn
611 876 906 944 vestigium.
932 875 1121 926 Nostra
1211 874 1550 926 vehementer
1564 872 1864 943 deprecari,
1878 894 2108 946 eumque
2118 878 2235 930 aliis

146 955 274 1006 lectio
291 994 305 1018 ‚
331 960 429 1024 jam
463 956 684 1026 probata
721 955 861 1017 aliis,
897 953 1123 1006 debetur
1208 955 1385 1024 potius
1398 954 1680 1023 imprecari
1700 953 1892 1006 studet.
1913 956 2115 1026 Didymi
2132 976 2231 1027 pro

143 1033 386 1103 Scaligero.
401 1067 477 1077 —
492 1037 602 1086 Dm
617 1074 630 1096 ,
651 1054 828 1104 magna
846 1036 974 1094 Dea,
997 1034 1120 1103 Cyb.
1213 1035 1472 1103 Dindymi,
1502 1033 1655 1085 metri
1674 1051 1846 1085 causa.
1862 1068 1941 1076 —-
1956 1036 2010 1085 A
2023 1055 2125 1086 mea
2141 1037 2233 1087 do-

145 1114 552 1166 —Finitcarmen
569 1113 728 1166 Poeta
743 1113 1123 1184 elegantissima
1212 1114 1343 1165 moi.
1371 1132 1416 1164 e.
1448 1133 1476 1164 a
1505 1131 1606 1165 me.
1638 1113 1720 1165 Cf.
1751 1113 1918 1166 Plaut.
1945 1116 2145 1185 Amph.
2180 1118 2232 1178 1,

145 1192 444 1246 conversione
466 1195 534 1246 ad
565 1194 730 1264 ipsam
760 1196 923 1245 Deam
956 1193 1127 1262 Cybe-
1219 1212 1245 1245 a
1263 1231 1279 1256 ‚
1313 1212 1367 1262 7,
1383 1193 1600 1244 Mercat.
1617 1194 1695 1258 11,
1720 1192 1773 1256 3,
1794 1213 1884 1245 πο.
1901 1194 1967 1246 Ν.

144 1272 327 1341 len‚qua
341 1292 548 1325 omnem
561 1274 797 1325 furorem
809 1292 839 1325 a
855 1273 1125 1343 sesuisque
1296 1293 1328 1340 9
1339 1273 1367 1323 3
1378 1313 1390 1325 .
1415 1273 1665 1333 Incitatos,
1691 1271 1869 1324 furore
1887 1289 2174 1345 correptos.

690 1464 1244 1553 CARMEN
1311 1459 1658 1551 LXIV.

385 1681 1041 1729 EPITHALAMIUM
1101 1683 1331 1726 PELEI
1391 1684 1484 1727 ET
1538 1683 1970 1731 TIIE'rtnos.

992 1854 1356 1880 -ᾼ-οοᾱ--νή

840 2007 1529 2061 ARGUMENTUM.

210 2179 374 2243 Qum!
391 2179 527 2243 hoc,
550 2175 694 2249 quod
718 2175 974 2246 sequitur,
993 2191 1200 2226 carmen
1222 2173 1481 2239 omnium,
1499 2192 1615 2245 quae
1635 2194 1664 2227 a
1689 2176 1896 2228 Catullo
1919 2177 1987 2231 ad
2016 2199 2111 2232 nos
2134 2179 2249 2253 per-

147 2272 405 2323 venerunt,
433 2256 803 2328 longissimum
840 2254 904 2306 sit
933 2272 993 2306 ac
1034 2253 1484 2323 pulcherrimum,
1514 2274 1622 2305 non
1652 2255 1743 2306 abs
1777 2275 1833 2307 re
1866 2257 2096 2310 alienum
2136 2280 2242 2313 esse

146 2348 360 2406 putamus
387 2337 553 2409 paulo
579 2334 796 2386 liberius
820 2333 1022 2402 evagari
1042 2371 1057 2396 ‚
1079 2346 1131 2384 et
1156 2333 1347 2403 quibus
1377 2333 1542 2385 lector
1566 2333 1860 2386 monendus
1883 2355 1989 2388 esse
2011 2337 2236 2400 videtur,

146 2415 218 2467 hic
241 2418 291 2469 in
317 2436 483 2471 unum
511 2417 689 2469 locum
707 2452 722 2479 ‚
742 2413 1059 2484 praefationis
1083 2430 1229 2462 more
1247 2452 1262 2475 ‚
1295 2430 1594 2482 congerere.
1628 2415 1975 2486 Dispiciamus
2005 2419 2236 2489 primum

146 2493 201 2545 de
230 2497 332 2567 ipso
362 2498 528 2568 hujus
556 2493 804 2547 carminis
831 2506 1142 2563 argumento
1163 2530 1177 2554 ,
1203 2492 1255 2543 in
1288 2511 1392 2561 quo
1424 2492 1641 2562 quidem
1670 2495 1963 2549 enarrando
1992 2499 2061 2550 ita
2091 2502 2242 2552 nobis

143 2577 315 2629 versari
345 2578 531 2639 liceat,
563 2588 620 2626 ut
650 2593 708 2625 ea
745 2573 932 2636 simul,
961 2590 1076 2642 quae
1108 2571 1176 2622 ad
1211 2571 1657 2642 pulchritudinem
1693 2575 1849 2644 hujus
1873 2579 2120 2629 carminis
2147 2581 2244 2633 rit'e

143 2656 473 2709 aestimandam
495 2654 761 2725 pertinere
784 2650 1058 2715 videntur,
1083 2652 1268 2720 passim
1290 2648 1682 2721 adspeigamus,
1700 2668 1749 2706 et
1773 2653 1838 2706 ad
1862 2656 2240 2711 observandam

143 2735 432 2804 singularem
472 2734 634 2803 plane
674 2744 834 2784 artem
858 2771 872 2794 ,
908 2750 1009 2801 qua
1048 2731 1103 2781 in
1145 2728 1364 2781 diversis
1403 2731 1592 2782 fabulis
1631 2734 1763 2785 inter
1796 2755 1846 2785 se
1874 2739 2244 2790 connectendis

147 2831 248 2864 usus
275 2816 338 2867 sit
363 2827 522 2885 poeta
549 2811 935 2863 venustissimus
952 2850 965 2873 ,
994 2808 1215 2880 digitum
1248 2808 1595 2862 intendamus.

211 2893 423 2946 Orditur
456 2910 673 2946 carmen
706 2891 773 2942 ab
808 2892 1226 2958 Argonautarum
1266 2887 1617 2959 expeditione.
1668 2891 1917 2942 Nereides
1938 2933 1951 2955 ,
1987 2897 2057 2946 ob
2103 2899 2238 2949 inso.

143 2971 335 3026 lentiam
360 2973 492 3025 novi
522 2970 717 3040 navigii
745 2968 1089 3021 admiratione
1117 2969 1395 3039 perculsae,
1423 2970 1595 3019 subito
1623 2984 1893 3039 emergunt
1921 2991 1980 3023 ex
2008 2994 2243 3045 aequore,

143 3050 410 3123 Thetisque
438 3064 492 3104 et
518 3051 702 3102 Peleus
721 3061 903 3100 mutuo
921 3066 1098 3099 amore
1120 3046 1497 3100 accenduntur.
1518 3080 1589 3089 —
1614 3050 1739 3100 Mox
1767 3051 1962 3120 nuptiae
1981 3071 2243 3124 apparan-

143 3144 236 3187 tur,
266 3133 524 3185 sternitur
551 3130 715 3181 lectus
739 3127 977 3197 genialiS,
1006 3140 1056 3177 et
1081 3128 1237 3178 totius
1263 3127 1489 3197 regionis
1514 3128 1696 3180 incolae
1723 3130 2009 3197 nuptialem
2028 3171 2043 3196 ,
2075 3148 2130 3185 ut
2158 3136 2213 3188 {it
2230 3175 2244 3197 ‚

140 3226 428 3279 apparatum
481 3208 762 3280 spectaturi
789 3248 801 3269 ,
850 3205 1087 3275 undique
1126 3205 1417 3258 confluunt.
1467 3207 1716 3276 Inprimis
1763 3207 2112 3265 admiratione
2156 3235 2244 3264 eos·

145 3287 325 3343 defixos
362 3302 510 3344 tenet
545 3288 695 3339 vestis
723 3287 860 3337 lecto
896 3286 1083 3355 geniali
1115 3287 1196 3337 vel
1233 3286 1493 3356 pulvinari
1532 3286 1773 3353 instrata,
1802 3289 1930 3340 mira
1967 3305 2075 3344 arte
2115 3314 2241 3346 con·

144 3369 258 3421 fecta
294 3383 344 3423 et
379 3369 569 3442 priscis
596 3367 873 3419 hominum
909 3365 1101 3417 variata
1130 3365 1327 3435 figuris.
1363 3397 1439 3405 —-——
1476 3366 1575 3417 nic
1609 3381 1792 3435 sponte
1826 3372 2116 3423 accuratius
2144 3375 2245 3427 hoc

147 3450 439 3516 peristroma
476 3448 655 3509 ζωοτὸν
693 3464 792 3497 una
834 3464 956 3496 cum
989 3443 1310 3496 adstantibus
1343 3445 1688 3513 perlustrandi
1730 3448 1780 3499 in
1823 3450 1998 3500 animo
2040 3453 2249 3506 lectoris

141 3529 396 3582 suboritur
413 3525 708 3599 cupiditas;
733 3524 818 3577 cui
843 3521 1056 3593 quidem
1083 3537 1142 3576 ut
1158 3523 1463 3576 satisfaceret
1488 3539 1638 3594 poeta
1660 3566 1672 3589 ‚
1702 3528 1999 3597 exemplum
2029 3552 2210 3585 eorum
2231 3573 2246 3595 ‚

142 3608 224 3676 qui
256 3607 519 3679 ejusmodi
558 3616 894 3675 argumenta,
922 3604 1151 3655 vestibus
1182 3604 1262 3653 vel
1303 3604 1417 3653 aliis
1448 3604 1602 3656 rebus
1641 3608 1863 3672 intexta,
1898 3608 2060 3661 fusius
2091 3631 2251 3683 expo-

140 3704 253 3740 nere
288 3702 340 3741 et
372 3686 615 3740 verbosis
640 3682 1081 3752 descriptionibus
1112 3701 1361 3734 exornare
1392 3684 1589 3747 solent,
1616 3697 1864 3755 sequutus
1890 3700 1980 3738 est.
2016 3687 2134 3750 [Sic
2161 3694 2251 3744 Ja-

141 3769 267 3819 sonis
285 3763 630 3838 chlamydem
649 3802 665 3827 ‚
687 3760 911 3815 Palladis
933 3761 1132 3814 donum
1150 3799 1166 3824 ‚
1195 3762 1466 3832 magnifice
1492 3762 1739 3816 describit
1759 3767 1981 3836 Apollon
2014 3771 2187 3822 Rbod.
2211 3775 2254 3835 1,

146 3846 478 3919 730-765,
501 3846 572 3899 cf.
594 3844 777 3913 Heyne
797 3840 860 3892 ad
889 3842 1042 3910 Virg.
1071 3841 1267 3904 AEn.V‚
1295 3842 1520 3893 250-2
1536 3844 1624 3911 57.
1657 3846 1870 3896 Excurs.
1898 3846 1994 3911 IV,
2019 3867 2069 3916 p.
2103 3849 2253 3912 538.]

141 3928 329 3980 —Jam
362 3929 512 3998 finge
545 3924 639 3978 tibi
658 3962 672 3986 ,
698 3920 897 3974 adstare
925 3922 1048 3973 huic
1078 3921 1312 3991 ἐξηγητὴν
1342 3921 1621 3992 quemdam
1658 3926 1739 3975 vel
1771 3926 2101 3996 interpretem
2125 3968 2140 3991 ‚
2168 3932 2259 4001 qui

145 4008 368 4075 populo,
398 4007 539 4059 mira
571 4002 815 4056 aviditate
846 4001 957 4053 haec
986 4003 1161 4052 onmia
1181 4001 1346 4054 oculis
1373 4015 1423 4052 et
1449 4002 1625 4054 animo
1649 4005 1795 4072 quasi
1824 4003 2124 4073 devoranti,
2157 4031 2261 4062 nou

142 4085 302 4138 solum
343 4106 484 4157 quas
526 4096 726 4137 textura
773 4081 981 4133 exhibet
1028 4082 1218 4150 figuras
1256 4093 1305 4131 et
1346 4080 1577 4143 fabulas,
1620 4083 1708 4133 sed
1752 4086 2071 4153 singularum
2112 4091 2267 4141 etiam

1820 4192 1898 4259 15
