2986 4935
677 437 822 517 224

1202 432 1751 499 C.VALER11
1810 431 2277 499 CATULLI

782 569 919 657 Age
939 617 958 651 ,
987 562 1166 632 caede
1202 578 1383 658 terga
1414 563 1667 630 cauda:
1701 576 1814 632 tua
1857 560 2138 630 verbera
2176 576 2441 656 patere3

782 675 950 739 Face
991 684 1233 738 cuncta
1272 671 1594 762 mugienti
1628 669 1894 737 fremitu
1936 668 2080 737 loca
2126 682 2467 752 retoneut;

785 760 1080 847 Rutilam
1123 776 1312 844 ferox
1347 790 1570 843 torosa
1607 777 1866 845 cervice
1904 790 2104 870 quate
2135 775 2437 868 jubam.»

893 884 1007 951 Ait
1043 882 1183 950 haec
1219 883 1440 949 minax
1475 880 1780 974 Cybelle,
1815 879 2176 976 religatque
2203 881 2365 974 juga
2395 904 2618 949 manu.

785 993 990 1058 Ferus
1025 991 1162 1083 ipse
1202 1015 1344 1057 sese
1379 987 1741 1056 adhortans
1778 989 2082 1082 rapidum
2116 989 2349 1056 incitat
2373 989 2699 1071 animum3
2746 1011 2787 1048 ος

788 1096 1031 1181 Vadit,
1069 1095 1324 1180 fremit,
1365 1094 1668 1188 refringit
1710 1093 1994 1189 virgulta
2039 1092 2205 1187 pede
2250 1119 2442 1189 vagu.

786 1205 872 1270 At
909 1202 1020 1270 ubi
1065 1200 1295 1268 ultima
1344 1200 1685 1269 albicantis
1728 1199 1873 1269 loca
1908 1199 2116 1269 litoris
2152 1199 2349 1287 adiit,

787 1311 1253 1400 Tenerumque
1294 1307 1457 1375 vidit
1489 1310 1665 1400 Atyn
1711 1332 1919 1400 prope
1964 1331 2299 1374 marmora
2342 1304 2592 1401 pelagi3

791 1415 972 1481 Facit
1010 1414 1349 1507 impetum.
1394 1411 1512 1480 llle
1549 1413 1820 1481 demens
1853 1413 2021 1508 fugit
2056 1415 2122 1481 in
2160 1437 2433 1482 nemora
2478 1412 2637 1482 fera.

790 1521 893 1588 Ibi
938 1544 1199 1613 semper
1236 1543 1432 1587 omne
1468 1520 1625 1587 vitae
1660 1522 1946 1613 spatium
1983 1518 2229 1587 famula
2264 1519 2409 1588 fuit.
2750 1563 2797 1599 ,ο

801 1629 1025 1710 «Dea,
1059 1650 1300 1719 magna
1337 1628 1479 1693 Dea
1502 1679 1521 1711 ‚
1559 1624 1864 1717 Cybelle,
1894 1624 2164 1718 Didymi
2195 1627 2338 1694 Dea
2375 1625 2680 1710 domina,

691 1862 887 1914 dacter.
910 1862 1144 1931 Imperia,
1168 1859 1520 1912 ministerium
1536 1897 1552 1922 ,
1574 1877 1714 1911 sacra

692 1962 824 1994 mea.

777 2025 864 2076 81.
885 2023 999 2091 Age
1018 2060 1033 2084 ,
1069 2021 1199 2072 ccede
1237 2033 1371 2089 terga
1395 2019 1582 2081 cauda,
1617 2032 1714 2071 etc.

697 2104 757 2153 In
784 2100 1135 2154 describendo
1163 2100 1422 2152 saevientis
1445 2098 1613 2150 leonis
1635 2100 1718 2151 in·

695 2201 839 2234 cessu
875 2181 1082 2252 praeivit
1117 2182 1220 2251 jam
1257 2181 1519 2231 Homerus
1565 2177 1717 2230 Iliad.

697 2262 798 2312 XX
818 2299 834 2325 ,
877 2279 983 2330 ¹70
1010 2279 1024 2313 :
1056 2264 1221 2330 -Οὺρῇ
1243 2256 1302 2311 δὲ
1328 2259 1539 2329 πλευράς
1561 2278 1615 2310 τε
1635 2258 1719 2309 καὶ

697 2342 834 2408 ἰσχία
869 2342 1202 2410 ἀμφοτέρωθεν
1232 2339 1550 2395 Mac-ristun,
1590 2341 1634 2389 ἔε
1668 2333 1721 2388 δ’

696 2422 838 2473 αὐτὸν
869 2422 1115 2491 ἐποτρύνει
1138 2421 1466 2490 μαχέσασθαι.
1481 2444 1503 2463 ·
1524 2418 1590 2469 Et
1613 2417 1719 2469 He·

697 2499 877 2551 siodus
905 2500 1047 2552 Scut.
1072 2493 1289 2550 Hercul.
1320 2498 1641 2563 ι--πλευροίς
1667 2519 1722 2550 τι

697 2581 780 2632 καὶ
826 2579 983 2648 ὤμους
1035 2581 1166 2646 Οὐρῇ
1210 2579 1488 2647 μαστιγόων
1509 2611 1527 2637 ,
1570 2579 1722 2631 πεσσὶ

698 2663 871 2728 γλάφει
899 2691 980 2700 --
1004 2684 1025 2703 ·
1069 2658 1150 2709 W
1154 2657 1411 2708 erthesius
1454 2671 1725 2726 comparat

700 2739 899 2790 Lucan.
925 2738 1106 2789 Phars.
1137 2737 1196 2801 1,
1230 2737 1337 2787 205
1368 2754 1482 2806 sqq.

786 2820 876 2879 84-
900 2818 1204 2887 Religatque,
1226 2816 1404 2879 solvit3
1428 2827 1485 2866 ut
1511 2814 1726 2884 refigere,

705 2898 930 2964 refodere.
960 2894 1094 2950 Vid.
1126 2897 1253 2948 Stat.
1295 2894 1393 2947 nisi
1432 2896 1549 2965 quis
1592 2896 1725 2947 forte

703 2981 759 3030 τὸ
792 2980 997 3047 religat,
1031 2977 1202 3028 soluto
1227 2978 1333 3046 jam
1360 2978 1487 3045 jugo
1523 2994 1571 3025 v.
1610 2982 1679 3044 74
1707 3015 1721 3035 ,

706 3056 772 3109 ad
799 3058 1021 3110 alterum
1053 3058 1226 3127 potius
1254 3056 1459 3107 leonem
1477 3093 1493 3118 ‚
1522 3055 1613 3124 qui
1640 3074 1724 3106 re·

705 3136 943 3209 ligandus
960 3149 1088 3189 esset
1104 3174 1119 3198 ,
1140 3136 1337 3186 referre
1354 3135 1519 3186 malit.
1541 3136 1727 3186 Exem-

707 3219 792 3288 pla
819 3231 988 3274 certe,
1023 3216 1113 3267 ubi
1145 3215 1364 3284 religare
1390 3215 1602 3265 sols-endi
1628 3234 1725 3265 no·

707 3299 904 3349 tionem
922 3295 1134 3358 habeat,
1149 3292 1528 3346 desunt.--Cf.
1546 3295 1723 3346 Carm.

705 3377 902 3440 LXIV,
936 3373 1061 3443 ¹73-
1094 3374 1161 3424 N.

792 3456 884 3507 85.
909 3454 1165 3506 Adortah's
1186 3449 1336 3502 MSS.
1372 3451 1500 3504 Stat.
1529 3464 1580 3505 et
1604 3453 1727 3505 libri

710 3535 819 3587 fere
845 3552 1028 3585 omnes
1055 3532 1247 3584 Vossii.
1267 3561 1347 3572 —
1366 3531 1639 3584 Adoreaeus
1668 3534 1728 3585 lis

710 3613 836 3667 edit.
863 3615 924 3665 R.
945 3646 1024 3654 —
1042 3610 1201 3664 Unde
1224 3613 1355 3662 bene
1382 3611 1730 3666 emendarunt

708 3694 831 3747 Viri
874 3692 1024 3745 Docti
1054 3713 1152 3744 sese
1182 3691 1459 3743 adhortans.
1486 3695 1555 3745 At
1592 3693 1728 3744 Vos-

707 3775 841 3833 sius,
873 3790 1041 3844 quum
1069 3771 1297 3842 exempl.
1333 3771 1728 3825 Mediolanense

708 3855 924 3907 haberet
967 3852 1038 3902 acl
1072 3872 1156 3904 ora
1203 3852 1313 3902 talis
1327 3890 1342 3914 ,
1387 3865 1438 3902 et
1487 3852 1540 3903 in
1582 3871 1691 3904 uno
1712 3892 1727 3920 ‚

707 3931 852 4005 quod
876 3932 1003 3985 olim
1038 3933 1137 3984 fuit
1162 3930 1322 3983 Palat.
1350 3930 1727 3995 Bibliothecae,

707 4026 976 4065 exaratum
1003 4025 1130 4064 esset
1159 4014 1258 4080 ipse
1289 4010 1547 4075 admotis,
1572 4031 1729 4082 repo-

706 4092 810 4144 suit
832 4093 1002 4142 ardore
1027 4092 1142 4141 talis
1163 4090 1245 4142 vel
1270 4091 1386 4141 arde
1416 4092 1529 4143 talis
1556 4093 1728 4161 ἀρχαῖ-

1804 1868 1898 1921 κῶς
1912 1879 2013 1930 pro
2026 1862 2218 1923 ardor-e,
2234 1879 2424 1933 parum
2446 1859 2801 1933 probabiliter!

1803 1972 1883 1981 —-
1902 1941 2058 1992 Ferus
2081 1960 2181 2011 pro
2209 1941 2341 1992 leone
2348 1960 2371 2002 ,·
2393 1961 2495 2012 pro
2519 1962 2652 1993 cervo
2675 1938 2805 2011 apud

1806 2019 2015 2073 Phaedr.
2041 2020 2168 2072 Feb.
2188 2022 2240 2077 1.
2276 2041 2296 2073 ι
2312 2040 2338 2074 a
2353 2057 2368 2078 .
2397 2042 2430 2091 9
2450 2059 2468 2085 ,
2491 2022 2586 2074 uhi
2610 2020 2714 2073 vid.
2732 2020 2806 2071 ln·

1805 2113 2059 2170 terpretes
2083 2099 2220 2152 etad
2243 2101 2455 2153 Petron.
2479 2119 2526 2153 c.
2552 2102 2623 2170 89
2643 2119 2660 2166 ς
2682 2098 2810 2153 adde

1812 2180 1955 2233 (ἐπὶ.
1974 2178 2040 2230 ad
2061 2180 2212 2251 Vix-g.
2234 2184 2356 2234 AEn.
2379 2181 2464 2245 11,
2497 2180 2588 2233 51.
2608 2182 2806 2251 -Ipse,

1807 2272 1993 2329 sponte
2014 2278 2027 2311 ε
2051 2259 2122 2311 cf.
2140 2259 2209 2311 ad
2238 2278 2373 2313 vers.
2400 2261 2494 2314 56.

1892 2340 1981 2392 86.
2017 2340 2201 2402 Vadit,
2244 2343 2423 2403 tremit,
2463 2342 2694 2411 refringit
2719 2343 2812 2392 vin

1807 2419 1976 2488 gulata
2001 2418 2123 2489 pede
2148 2439 2282 2489 vago
2311 2420 2508 2474 Mutet.
2532 2452 2613 2462 —-
2639 2420 2815 2474 Noctu

1808 2499 1964 2550 lectio
2005 2501 2114 2551 sine
2154 2500 2342 2571 copula
2365 2512 2414 2551 et
2429 2543 2445 2565 ‚
2482 2519 2633 2573 qua,
2671 2501 2713 2552 si
2741 2502 2817 2553 vel

1811 2591 2041 2633 metrum
2064 2593 2292 2649 spectes,
2309 2581 2446 2633 male
2467 2582 2522 2634 in
2545 2579 2818 2634 edicVoes.

1812 2658 1917 2709 Vul
1924 2678 1976 2729 p.
2020 2658 2259 2729 Gotting.
2294 2661 2569 2715 werthe..
2615 2661 2823 2732 Bipont.

1811 2750 1929 2789 ante
1955 2740 2179 2807 refringit
2201 2740 2404 2792 intrusa
2433 2754 2508 2793 est
2526 2777 2544 2803 ,
2569 2742 2674 2810 jam
2704 2760 2826 2795 oon·

1812 2818 2031 2887 spicitur
2056 2818 2111 2870 in
2143 2817 2379 2871 editione
2404 2820 2690 2873 Parthenii.

1894 2899 1988 2966 87.
2014 2900 2089 2949 At
2106 2899 2189 2949 ubi
2205 2899 2399 2950 humida
2415 2900 2638 2952 Vossius
2653 2913 2705 2953 et
2721 2902 2828 2973 ejus

1812 2978 2049 3029 comites.
2075 2978 2359 3050 Antiquior
2379 2992 2430 3031 et
2456 2979 2746 3050 elegantior
2760 2993 2832 3033 est

1811 3070 1983 3108 nostra
2020 3057 2195 3109 lectio.
2225 3091 2307 3100 —
2348 3059 2529 3111 Ultima
2556 3060 2663 3111 loca
2691 3061 2833 3123 lim,

1811 3149 2097 3189 extu-emam
2152 3137 2322 3189 litoris
2378 3151 2578 3209 partem
2600 3177 2619 3202 ,
2676 3158 2832 3211 quam

1811 3234 1955 3268 mare
1984 3216 2231 3270 alluebat.
2260 3217 2341 3270 Cf.
2375 3237 2531 3290 supra
2562 3217 2630 3271 nd
2656 3220 2833 3273 (ζει-ιιι.

1813 3295 1891 3346 XI
1914 3335 1930 3358 ‚
1989 3298 2079 3349 23.
2123 3328 2202 3338 —
2252 3297 2530 3350 Albicantis
2576 3299 2833 3352 nimirum

1812 3375 1973 3428 maris
1988 3366 2201 3447 spuma.

1897 3458 1987 3525 89.
2016 3457 2221 3508 Demens
2235 3497 2250 3520 ,
2268 3457 2709 3527 perta-refectus,
2724 3460 2837 3511 ani-

1814 3536 1887 3587 mi
1913 3537 2101 3606 impos,
2120 3536 2576 3604 —Nemomsera,
2603 3538 2838 3592 ferarum

1816 3615 2066 3679 latibula,
2092 3615 2163 3667 cf.
2188 3635 2238 3669 v,
2273 3615 2476 3680 53·54.

1897 3712 1978 3762 91,
1993 3714 2062 3763 9²
2074 3735 2086 3748 .
2102 3696 2210 3747 Dea
2224 3695 2418 3749 domina
2429 3696 2840 3768 DidymiVeuet.

1814 3805 1894 3817 -
1916 3776 2026 3827 Dea
2056 3775 2296 3848 Dindymi
2318 3776 2509 3828 domina
2535 3776 2755 3848 nyph.
2764 3810 2843 3821 —-

1816 3856 1929 3907 Dea
1959 3855 2150 3907 domina
2182 3856 2418 3928 Dindymi
2446 3856 2649 3910 Mutet.
2652 3859 2848 3910 —Do-

1817 3940 1945 3987 mina
1973 3935 2236 4006 Dieedsmei
2254 3936 2409 3988 MSS.
2442 3936 2636 4000 Statii,
2666 3936 2847 4009 quod,

1817 4033 1983 4108 quum
2003 4015 2206 4085 antiqui
2228 4015 2273 4067 E
2286 4015 2503 4088 longum
2528 4035 2631 4088 per
2644 4035 2706 4069 ιι
2726 4017 2849 4070 scri-

1816 4094 2049 4164 pserint,
2073 4092 2430 4149 indubitatum
2443 4093 2619 4149 Statio
2637 4095 2855 4152 videtur
