2986 4935
697 448 835 534 154

1215 454 1293 521 C.
1334 455 1764 523 VALER11
1823 459 2285 525 CATULLI

1002 586 1160 652 Otio
1205 583 1519 672 exsulum,
1557 588 1960 681 nimiumque
1998 591 2224 680 gestis;

1002 691 1228 759 Otium
1267 705 1335 760 et
1371 717 1559 785 reges
1600 695 1816 786 prim,
1846 710 1911 764 et
1955 695 2179 764 beatas
2765 730 2808 766 ‚s

1365 799 1657 869 Perdidit
1696 801 1911 870 urbes.

684 1025 842 1077 quam
870 1008 1099 1077 populus
1130 1006 1305 1072 unda,
1345 1010 1412 1061 Et
1444 1029 1602 1080 quam
1636 1011 1698 1061 li-

683 1105 829 1138 mosa
865 1106 1029 1139 canna
1065 1089 1309 1159 palustris
1337 1089 1505 1141 humo
1523 1129 1538 1153 ,
1566 1092 1700 1142 Tam

686 1167 868 1218 Venus
899 1166 1007 1218 otia
1038 1181 1191 1220 amat.
1226 1169 1334 1232 Qui
1366 1169 1526 1221 finem
1559 1188 1701 1240 quae·

683 1246 757 1297 ris
784 1246 1007 1311 amoris,
1037 1244 1213 1306 (Cedit
1241 1268 1388 1300 amor
1413 1245 1595 1315 rebus)
1621 1269 1703 1302 res

686 1344 776 1394 age
802 1344 814 1375 :
843 1338 987 1378 tutus
1018 1327 1174 1378 erisa
1215 1329 1281 1380 Et
1311 1328 1469 1400 paulo
1502 1341 1622 1397 post
1652 1350 1699 1382 v.

695 1411 799 1473 149
833 1423 845 1457 :
883 1432 903 1451 ι
925 1405 1187 1458 Desidiam
1215 1425 1346 1477 puer
1374 1409 1460 1460 ille
1493 1404 1700 1474 [Amor]

1788 1010 1937 1082 sequi
1972 1013 2138 1075 solet,
2180 1010 2294 1064 odit
2333 1025 2572 1082 agentes;
2610 1013 2689 1064 Da
2722 1031 2811 1065 va·

1787 1111 1898 1144 cuae
1937 1092 2131 1153 menti,
2169 1111 2275 1162 quo
2312 1104 2577 1157 teneatur,
2609 1110 2763 1163 opus.
2785 1118 2805 1139 ι

1791 1171 1873 1222 Cf.
1900 1172 2113 1223 Terent.
2141 1172 2428 1224 Heautont.
2456 1173 2512 1237 1,
2551 1189 2571 1223 ι
2594 1210 2609 1234 ,
2638 1174 2730 1243 57.

1878 1251 1967 1303 15.
1996 1250 2161 1303 Otium
2189 1264 2236 1302 et
2259 1271 2390 1319 reges
2409 1264 2511 1303 etc.
2537 1249 2671 1305 vid.
2699 1270 2815 1322 quae

1792 1329 1856 1382 ad
1904 1332 2039 1383 lianc
2090 1332 2397 1383 sententiam
2446 1329 2809 1384 illustrandam

1791 1411 2086 1463 attulerunt
2105 1411 2300 1464 Statius
2326 1424 2377 1464 et
2401 1410 2652 1481 Vulpius.

1333 1616 1885 1707 CARMEN
1964 1620 2167 1706 LII.

927 1853 1027 1897 An
1084 1852 1168 1897 SE
1228 1853 1477 1899 IPSUM
1539 1856 1636 1899 DE

1694 1854 2018 1900 STRUMA
2074 1856 2170 1899 ET
2225 1855 2573 1901 VATINIO.

1002 2043 1197 2128 Quin
1233 2057 1367 2125 est,
1397 2041 1690 2125 Catulle,
1721 2042 1875 2135 quid
1924 2044 2199 2110 moraris
2241 2042 2489 2112 emori?

1001 2145 1169 2215 Sella
1210 2149 1274 2213 in
1314 2148 1523 2217 curuli
1565 2151 1828 2216 Struma
1868 2151 2122 2217 Nonius
2167 2149 2389 2234 sedet;

770 2359 905 2411 Aac.
947 2357 1219 2418 Catullus,
1262 2375 1425 2426 quum
1465 2357 1705 2408 homines

685 2435 1078 2507 indignissimos
1096 2475 1113 2500 ‚
1159 2436 1389 2488 Nonium
1438 2436 1704 2489 Strumam

685 2530 737 2569 et
762 2518 1037 2569 Vatinium
1054 2555 1068 2579 ,
1103 2514 1169 2567 ad
1202 2536 1433 2568 summos
1459 2517 1706 2582 honores,

685 2597 829 2649 hunc
845 2595 1063 2665 quidem
1085 2594 1151 2647 ad
1173 2596 1498 2647 consulatum
1520 2635 1534 2659 ,
1553 2597 1707 2647 illum

690 2675 757 2728 ad
789 2674 1088 2727 aedilitatem
1119 2688 1469 2745 praeturamve
1502 2689 1707 2727 evectos

689 2753 924 2820 videret,
963 2755 1034 2805 ob
1074 2755 1156 2805 vix
1198 2753 1465 2806 serendam
1509 2756 1583 2807 rei
1625 2757 1705 2806 in·

686 2834 994 2904 dignitatem
1044 2854 1151 2885 non
1196 2835 1419 2904 amplius
1469 2835 1520 2885 in
1569 2847 1706 2886 terra

689 2916 788 2966 sibi
805 2912 1120 2966 morandum
1141 2926 1309 2984 putat.
1322 2949 1400 2955 —
1414 2914 1581 2967 Simili
1601 2915 1707 2969 fere

690 2995 849 3047 animi
892 2993 1251 3064 indignatione
1304 2996 1489 3047 Horat.
1533 2993 1704 3063 Epod.

691 3076 787 3140 lv,
813 3075 1078 3126 invehitur
1106 3075 1158 3126 in
1188 3074 1410 3127 Maenam
1429 3114 1443 3138 ,
1470 3074 1706 3144 Pompeii

688 3155 934 3208 libertum
954 3193 968 3216 ,
1011 3155 1100 3224 qui
1138 3155 1348 3205 levitate
1390 3169 1439 3207 et
1483 3152 1708 3225 perfidia

689 3254 853 3304 usque
875 3253 937 3283 eo
957 3246 1293 3303 pervenerat,
1321 3246 1379 3285 ut
1399 3254 1504 3285 non
1537 3238 1705 3285 solum

690 3312 906 3376 divitiis,
925 3312 1015 3363 sed
1035 3315 1262 3382 equestri
1279 3313 1559 3383 splendore
1578 3311 1707 3365 adeo

690 3394 1003 3462 superbiret.

780 3490 823 3526 1.
881 3472 1029 3538 Quod
1068 3475 1267 3523 moraris
1313 3473 1510 3524 Muret.
1561 3473 1709 3539 cujus

691 3552 930 3604 lectionis
955 3552 1304 3622 patrocinium
1331 3553 1384 3603 in
1404 3572 1458 3604 se
1481 3552 1709 3620 suscepit

691 3632 922 3702 Vulpius
971 3652 1092 3684 usus
1142 3632 1446 3687 auctoritate
1495 3632 1708 3683 Cicero·

689 3710 796 3765 nis.
822 3712 914 3782 qui
933 3731 1139 3783 semper
1155 3710 1331 3764 dicere
1352 3713 1541 3764 soleat:
1571 3711 1704 3783 quid,

690 3791 830 3861 quod.
855 3789 958 3842 Sed
981 3792 1034 3843 in
1056 3792 1329 3854 omnibus,
1356 3810 1472 3861 quae
1498 3789 1700 3861 produ-

690 3870 793 3934 xit,
819 3871 1070 3942 exemplis
1094 3878 1165 3940 τῷ
1192 3870 1321 3940 quod
1339 3870 1702 3941 conjunctivus

686 3950 929 4020 jungitur
944 3970 961 4014 ;
979 3963 1032 4003 et
1048 3949 1122 4003 sic
1141 3948 1365 4002 debebat
1384 3951 1542 4001 etiam
1562 3966 1700 4002 esse:

691 4035 918 4089 ωσι-ιώ,-
960 4044 1011 4083 at
1045 4050 1226 4082 omnes
1264 4031 1466 4083 codices
1503 4042 1555 4081 et
1579 4030 1703 4093 libri

693 4120 892 4162 veteres
952 4109 1253 4179 conspirant
1317 4110 1369 4161 in
1428 4110 1703 4161 lectionem

1791 2357 1937 2426 quid,
1996 2376 2111 2427 quae
2152 2359 2321 2409 multo
2365 2358 2528 2428 magis
2576 2361 2815 2418 animum

1790 2437 2184 2489 concitatiorem
2210 2437 2478 2507 exprimit.

1875 2537 1926 2569 a.
1959 2517 2155 2568 Struma
2187 2518 2388 2570 Nonius.
2423 2518 2675 2571 Meminit
2706 2524 2818 2590 ejtis

1792 2596 1926 2647 Plin.
1968 2596 2101 2649 Hist.
2144 2598 2326 2650 Natur.
2368 2599 2678 2662 XXXVII,
2733 2620 2816 2661 21,

1791 2678 1940 2746 cujus
1996 2676 2355 2747 distinguendi
2408 2697 2562 2731 causa
2625 2677 2815 2731 addit:

1799 2774 1991 2825 «quem
2018 2757 2086 2820 Q.
2119 2757 2356 2809 Catullus
2392 2771 2544 2829 poeta
2583 2758 2640 2811 in
2684 2759 2817 2811 Sella

1790 2836 1961 2887 curuli
1977 2836 2148 2889 visum
2170 2835 2386 2907 indigne
2407 2838 2559 2889 tulit·
2584 2870 2665 2877 —
2684 2838 2819 2890 Stru-

1791 2934 1867 2965 ma
1905 2928 1983 2967 est
2019 2935 2310 2985 cognomen
2349 2936 2376 2967 a
2417 2929 2648 2976 struma,
2706 2937 2817 2975 cer·

1791 2995 1918 3047 vicis
1954 2995 2183 3065 quodam
2230 3010 2470 3062 tumore;
2515 2997 2819 3066 cujusmodi

1792 3075 1948 3126 multi
1993 3075 2138 3145 apud
2180 3088 2380 3129 veteres
2419 3095 2448 3127 a
2491 3076 2656 3129 naevis
2701 3098 2819 3130 cor·

1793 3155 1935 3223 poris
1968 3167 2237 3207 traxerunt
2266 3156 2611 3224 cognomina;
2647 3157 2722 3209 ad
2750 3158 2822 3209 lo·

1792 3252 1913 3285 cum
1931 3233 2088 3285 Plinii
2103 3234 2168 3285 de
2188 3235 2284 3285 hac
2302 3248 2454 3304 gente
2469 3236 2575 3304 agit
2594 3236 2821 3288 Har-dui-

1793 3333 1894 3363 nus.
1927 3314 2187 3373 Caeterum
2212 3333 2374 3385 quum
2410 3314 2626 3367 aliunde
2646 3356 2663 3378 ‚
2684 3335 2820 3388 quos

1791 3393 2019 3446 honores
2051 3394 2265 3463 gesserit
2292 3394 2524 3455 Nonius,
2552 3414 2663 3453 uon
2690 3416 2820 3449 cou-

1793 3484 1893 3524 stet
1911 3511 1925 3534 ,
1948 3492 2010 3524 ex
2029 3474 2151 3525 sella
2177 3474 2383 3537 curuli,
2409 3476 2818 3543 magistratuum

1794 3554 2051 3622 majorum
2097 3553 2321 3623 insigni,
2367 3553 2423 3604 in
2470 3572 2577 3625 qua
2620 3554 2821 3607 sedisse

1793 3631 2025 3697 dicitur,
2069 3634 2351 3685 Censorem
2395 3635 2476 3685 vel
2524 3634 2818 3687 Praetorem

1796 3709 2089 3763 AEdilemve
2133 3712 2283 3763 illum
2324 3712 2486 3764 fuisse
2520 3725 2670 3765 certe
2712 3715 2821 3767 col·

1791 3791 1954 3861 ligere
1991 3810 2288 3861 possumus.
2335 3790 2479 3842 Sedet
2515 3811 2641 3845 cum
2691 3812 2820 3847 cou-

1789 3883 1996 3940 temptu
2023 3870 2089 3922 de
2112 3871 2327 3927 homine
2348 3873 2537 3941 ignavo
2558 3884 2613 3924 et
2636 3873 2822 3928 stulto.

1792 3952 1876 4003 Cf.
1901 3949 1965 4002 ad
1988 3952 2163 4003 Carm.
2187 3951 2451 4003 XXXVII
2469 3988 2486 4015 ,
2512 3955 2564 4003 6.
2591 3985 2677 3995 --
2696 3953 2813 4005 Pla-

1792 4049 1863 4081 no
1889 4048 2042 4085 sensu
2072 4031 2155 4082 hic
2179 4034 2236 4082 τὸ
2260 4031 2390 4085 tedet
2414 4031 2649 4084 sumitur
2665 4071 2682 4096 ‚
2712 4051 2820 4085 non

1795 4110 2137 4179 contemptim
2157 4149 2171 4171 ‚
2197 4129 2368 4180 neque
2386 4110 2818 4180 componendum
