2986 4935
1139 473 1217 536 C.
1265 468 1698 536 VALERII
1761 469 2221 535 CATULLI

729 598 1059 669 Omnibus
1102 600 1202 667 his
1244 600 1480 668 Thesei
1524 597 1782 667 dulcem
1832 600 2216 692 praeoptarit
2258 597 2587 667 amorem?
2672 641 2741 668 η.

730 710 863 773 Aut
906 721 979 773 ut
1016 720 1204 773 vecta
1241 709 1397 778 ratis
1437 730 1747 799 spumosa
1785 703 1869 771 ad
1908 703 2101 773 litora
2137 704 2323 773 Diae?

731 815 864 879 Aut
908 827 981 879 ut
1020 837 1163 881 eam
1203 813 1370 879 tristi
1406 813 1782 879 devinctam
1827 810 2074 879 lumina
2117 836 2350 880 somno

732 919 1031 1011 Liquerit
1075 919 1440 987 immemori
1485 917 1825 986 discedens
1870 932 2140 1010 pectore
2180 918 2466 1011 conjux?

734 1027 920 1117 Saepe
965 1022 1138 1091 illam
1183 1024 1534 1118 perhibent
1577 1024 1831 1091 ardenti
1881 1023 2080 1091 corde
2118 1023 2445 1093 furentem

732 1128 1108 1199 Clarisonas
1143 1132 1275 1196 imo
1309 1130 1552 1199 fudisse
1588 1156 1623 1197 e
1661 1145 1928 1222 pectore
1962 1155 2194 1214 voceS,

741 1241 827 1304 Ac
868 1251 1009 1303 tum
1049 1251 1417 1329 praeruptos
1451 1239 1703 1305 tristem
1738 1236 2181 1304 conscendere
2220 1250 2511 1313 monteS,

731 1341 927 1408 Unde
973 1343 1178 1409 aciem
1228 1344 1293 1408 in
1333 1342 1546 1436 pelagi
1593 1357 1809 1410 vastos
1849 1342 2273 1435 protenderet
2309 1356 2538 1410 aestus:

621 467 766 539 252

625 1516 718 1568 lin.
757 1518 925 1580 «Quae
950 1517 1052 1568 fuit
1087 1516 1299 1586 ingratae
1326 1516 1518 1567 misero
1548 1516 1640 1568 de-

630 1595 839 1665 perdita
876 1596 1010 1647 laeto.
1036 1622 1057 1642 a»
1088 1628 1164 1636 —
1196 1596 1457 1664 Meleager
1489 1598 1600 1646 vult
1628 1615 1639 1643 ε

637 1702 658 1721 σι
680 1676 810 1740 Quae
840 1676 1024 1726 misera
1052 1686 1239 1744 agnato
1263 1675 1424 1726 suerit
1450 1673 1642 1743 deper-

627 1753 735 1806 dita
763 1755 926 1807 letho.
953 1781 971 1798 υ
1002 1787 1079 1795 -
1101 1753 1330 1823 Scaliger
1356 1755 1642 1824 proponit:

629 1835 798 1898 «Quae
834 1833 1022 1886 misera
1054 1835 1257 1903 ingrata
1289 1832 1420 1884 vixit
1455 1833 1643 1902 deper-

630 1912 740 1964 dita
765 1912 863 1963 tela
880 1953 894 1976 ,
921 1939 940 1958 n
974 1913 1030 1965 h.
1058 1933 1102 1964 e.
1128 1932 1245 1982 quae
1271 1910 1429 1964 solata
1448 1924 1524 1964 est
1545 1911 1644 1964 do-

626 1992 794 2044 lorem
827 2011 980 2043 suum
1004 1993 1103 2044 tela
1131 1991 1383 2044 facienda.
1408 2024 1486 2032 ——
1506 1992 1644 2042 Vos·

630 2073 733 2123 sius
758 2085 918 2123 tentat
938 2088 952 2122 ε
980 2095 999 2112 α
1016 2073 1149 2135 Quae
1173 2072 1359 2123 misera
1382 2072 1526 2140 gnati
1546 2072 1643 2121 mi-

630 2170 745 2202 sero
785 2149 1058 2220 deperdita
1095 2145 1303 2203 letho&-
1347 2181 1426 2191 —-
1465 2149 1645 2201 Editio

631 2232 802 2282 Graev.
845 2257 866 2276 ι
892 2231 1023 2293 Quae
1051 2232 1237 2282 misera
1268 2230 1334 2281 ah
1357 2249 1530 2298 gnarae
1554 2228 1646 2279 fle·

629 2323 708 2360 ret
733 2309 1006 2380 deperdita
1033 2311 1196 2361 luctu.
1226 2337 1245 2354 n·
1278 2342 1358 2351 --
1381 2309 1562 2361 Heius.
1591 2311 1643 2358 in

633 2400 744 2440 not.
782 2388 845 2439 ad
881 2390 1072 2441 Catull.
1110 2391 1249 2439 «Vae
1284 2389 1518 2455 miserae,
1565 2388 1645 2437 in-

628 2481 779 2537 grato
822 2467 973 2519 fleret
1014 2465 1286 2538 deperdita
1328 2469 1495 2519 luctu.
1522 2495 1542 2513 ι
1568 2500 1645 2509 ——

628 2549 862 2617 Lennep.
890 2545 956 2597 ad
999 2547 1211 2599 Coluth.
1248 2570 1269 2589 ‹-
1296 2547 1427 2611 Quae
1460 2547 1646 2598 misera

631 2627 684 2676 in
707 2639 872 2695 gnatae
893 2627 1101 2677 tabebat
1123 2625 1327 2695 perdita
1353 2627 1489 2676 lecto
1503 2654 1522 2671 υ
1539 2667 1549 2677 .
1566 2660 1646 2667 --

629 2705 856 2756 Lenzius
904 2704 1133 2775 denique
1173 2723 1186 2756 :
1236 2732 1257 2751 «-
1283 2707 1414 2769 Quae
1461 2719 1644 2755 moesto

529 2793 532 2795 ’
631 2797 844 2854 gnatam
866 2783 1016 2836 flevit
1036 2783 1311 2854 deperdita
1331 2784 1529 2836 luctu.»
1566 2787 1645 2835 En

634 2864 801 2915 varias
823 2866 1025 2935 epulas,
1051 2867 1244 2935 quibus
1270 2865 1479 2934 largiter
1500 2883 1551 2914 se
1572 2865 1648 2915 in·

629 2944 795 2995 vitare
821 2958 1037 3016 possunt
1055 2945 1320 2997 varietatis
1342 2942 1527 3014 cupidi
1548 2944 1643 2993 !-—-

630 3025 810 3076 Verba
842 3026 968 3093 Quoe
997 3029 1148 3076 miser.
1181 3028 1229 3075 in
1256 3037 1393 3092 gnat.
1409 3026 1527 3092 stes».
1564 3025 1645 3073 de-

624 3106 762 3173 perd.
781 3103 1078 3169 commode,
1099 3120 1247 3174 puto,
1270 3105 1326 3155 in
1350 3104 1647 3173 parenthesi

630 3185 797 3254 posui.
829 3184 970 3235 Flere
1004 3188 1052 3234 in
1084 3196 1215 3235 nata.
1256 3183 1309 3234 h.
1340 3204 1382 3234 e.
1415 3183 1541 3234 flere
1579 3184 1647 3233 ob

630 3276 827 3325 natam,
855 3276 912 3314 ut
934 3281 1066 3314 vei-S.
1095 3266 1166 3330 98
1187 3303 1201 3323 ,
1234 3268 1283 3313 in
1309 3263 1468 3333 aliqcao
1492 3266 1645 3329 suspi-

629 3362 756 3394 rare.
795 3374 873 3383 --
915 3343 1034 3393 Jam
1079 3342 1220 3393 conf.
1260 3344 1385 3392 Var.
1420 3342 1563 3392 Lect.
1597 3356 1649 3393 et

630 3423 741 3491 ipse
771 3419 837 3471 de
864 3421 1103 3472 lectionis
1128 3433 1180 3471 et
1204 3422 1650 3489 interpretationis

637 3514 824 3552 nostrae
850 3500 1183 3570 simplicitate
1200 3499 1399 3570 judica.
1414 3501 1647 3550 —Doe-

629 3580 787 3650 ringii
831 3580 1077 3642 lectione,
1127 3598 1306 3632 versus
1344 3599 1479 3649 oegre
1525 3598 1646 3646 pro-

628 3659 765 3712 cedit
790 3672 840 3711 et
863 3657 1137 3711 claudicat.
1160 3661 1224 3710 Et
1249 3659 1359 3727 ipse
1378 3661 1643 3727 conjectu·

625 3740 748 3791 ralis
759 3737 976 3791 medelae
989 3739 1282 3809 periculum
1296 3739 1430 3790 facio
1447 3755 1458 3788 :
1482 3762 1503 3781 ‹-
1513 3740 1645 3802 Quae

630 3820 816 3870 misera
845 3820 899 3870 in
932 3819 1075 3888 gnati
1104 3819 1251 3870 flevit
1274 3815 1549 3887 deperdita
1570 3819 1645 3868 le·

628 3911 698 3947 to.
726 3925 746 3943 u
788 3899 1043 3968 Pasiphae
1083 3898 1286 3959 filium,
1330 3897 1449 3948 licet
1492 3916 1646 3948 mon·

630 3990 827 4042 strum,
860 3978 1058 4029 flevisse
1095 3976 1201 4029 dici
1243 3989 1448 4048 potest,
1485 3996 1644 4046 quem

627 4053 858 4107 Ariadne
885 4058 979 4109 sibi
1007 4058 1251 4109 amissum
1278 4057 1495 4108 fratrem
1510 4057 1557 4108 T
1562 4057 1647 4107 he·

624 4153 712 4186 seo
756 4138 1032 4209 exprobrat
1056 4157 1103 4188 v.
1139 4138 1258 4189 150.
1292 4137 1357 4188 N.

1818 1535 1837 1567 1
1855 1535 1939 1568 20.
1957 1517 2223 1581 Pru-ferree
2234 1515 2547 1586 simpliciter
2558 1514 2614 1566 in
2628 1513 2753 1566 edd.

1736 1595 2085 1662 plurimis.—
2108 1593 2311 1648 Scande
2340 1595 2647 1665 praeoptarit
2680 1595 2754 1645 sic

1733 1666 2069 1740 praeoptarit
2091 1709 2107 1736 ,
2143 1687 2384 1744 correpta
2424 1696 2454 1724 o
2487 1685 2607 1725 ante
2634 1693 2753 1725 mu·

1736 1767 1839 1804 tam
1867 1773 1989 1805 cum
2019 1753 2242 1824 liquida.
2269 1755 2338 1805 N.

1818 1853 1839 1884 1
1856 1853 1882 1884 a
1897 1853 1921 1883 2
1933 1874 1944 1884 .
1961 1833 2151 1884 Somnio
2171 1837 2327 1884 tristi:
2344 1834 2497 1883 ΒαΙεὶ
2509 1850 2609 1902 pro
2629 1836 2760 1882 tristi

1734 1913 1784 1962 in
1812 1914 1997 1963 Venet.
2039 1913 2249 1984 Gryph.
2280 1913 2477 1963 Muret.
2520 1924 2574 1963 et
2607 1912 2756 1975 aliis3

1730 1989 1819 2041 sed
1865 1992 2100 2059 primum
2144 1993 2342 2061 ingrata
2386 2004 2461 2043 est
2504 1991 2755 2063 repetitio

1731 2077 1814 2121 τοῦ
1843 2071 1995 2121 dulcis
2028 2090 2091 2121 ex
2118 2091 2271 2123 versu
2294 2068 2758 2142 praeamecedeuti,

1733 2148 1926 2201 deinde
1944 2151 2136 2202 rectius
2155 2151 2313 2202 etiam
2334 2163 2552 2203 vocatur
2567 2170 2756 2202 somnus

1727 2231 1833 2298 jam
1871 2232 2019 2279 tristis
2038 2271 2051 2292 ,
2079 2230 2172 2300 qui
2193 2226 2349 2282 versu
2385 2231 2455 2282 56
2470 2230 2645 2295 fizllas
2663 2249 2757 2300 ap·

1734 2309 2040 2376 pellabatur.
2065 2339 2144 2348 —
2173 2310 2279 2360 Pro
2316 2310 2582 2360 devinctam
2623 2330 2760 2361 non-

1732 2388 1864 2439 nulli
1917 2389 2144 2440 devictum
2187 2408 2295 2441 non
2345 2390 2514 2453 male,
2553 2389 2760 2440 lumina

1732 2470 1870 2519 enim
1932 2481 1983 2521 et
2037 2488 2223 2520 somno
2276 2473 2443 2520 vincta
2488 2459 2511 2534 (
2546 2476 2759 2539 μαλακῷ

1732 2543 2039 2617 δεδμημένοι
2066 2540 2228 2617 ὕπνῳ)
2259 2560 2310 2599 et
2341 2552 2477 2599 victa
2498 2561 2647 2601 recte
2677 2547 2762 2601 di·

1731 2640 1941 2679 cuntur.
1967 2627 2095 2679 vid.
2133 2629 2305 2698 Heyne
2340 2626 2408 2679 ad
2455 2628 2658 2681 Tibull.
2699 2630 2760 2690 1,

1737 2726 1763 2757 2
1788 2745 1802 2770 ,
1839 2726 1864 2756 2
1888 2746 1903 2771 ‚
1934 2708 2157 2771 Observ,
2183 2726 2235 2776 p.
2278 2706 2342 2759 15
2361 2746 2376 2771 ,
2399 2706 2528 2760 edit.
2553 2726 2684 2759 nov.
2708 2721 2764 2759 et

1735 2785 1932 2838 ibidem
1954 2787 2250 2838 Brouckhus.
2267 2787 2563 2839 peccarunt
2581 2799 2762 2839 autem

1730 2867 1785 2916 in
1823 2866 1905 2916 his
1940 2863 2153 2919 duobus
2177 2864 2541 2935 permutandis
2580 2867 2765 2918 verbis

1732 2946 1934 2997 librarii
1957 2963 2118 3016 saepe3
2138 2945 2248 2998 vid.
2277 2945 2599 3016 quoslaudat
2625 2947 2762 2998 Dru·

1733 3025 2004 3076 cherchorclz.
2029 3022 2096 3075 ad
2121 3024 2214 3076 Sil.
2247 3025 2361 3076 Ital.
2385 3025 2467 3076 VI
2483 3064 2499 3088 ,
2526 3025 2642 3089 384
2657 3067 2671 3087 ,
2709 3039 2763 3078 et

1733 3103 1802 3156 ad
1827 3105 1942 3156 Liv.
1968 3106 2036 3167 V,
2060 3111 2167 3168 44,
2196 3092 2327 3165 tom'
2350 3105 2404 3155 11
2422 3123 2509 3176 ..p
2546 3113 2688 3173 194,
2711 3119 2763 3158 et

1732 3182 1798 3236 ad
1826 3184 1938 3246 IX,
1976 3186 2075 3249 30,
2109 3197 2240 3236 tom.
2270 3184 2360 3246 II,
2391 3203 2446 3254 p.
2480 3184 2617 3254 957.

1821 3282 1840 3314 1
1859 3265 1945 3314 25.
1975 3262 2227 3328 Clarificas
2242 3263 2426 3333 Scalig.
2442 3264 2765 3318 reclamante

1741 3342 2000 3394 Marcilio.

1842 3441 1863 3473 1
1880 3424 1963 3473 26.
2003 3421 2326 3473 Conscendere
2362 3434 2378 3467 ··
2424 3424 2765 3493 pra-,teritum

1734 3501 1930 3571 excipit
1979 3520 2237 3571 praesens3
2279 3521 2396 3572 quae
2451 3514 2763 3573 temporum

1736 3582 1956 3632 mutatio
1986 3579 2284 3632 admittitur
2301 3582 2519 3650 optimis
2543 3584 2768 3653 quibus·

1736 3676 1839 3727 que
1885 3661 2227 3729 scriptoribus
2267 3678 2281 3710 :
2329 3659 2438 3712 vid.
2502 3661 2644 3713 Coe-e.
2697 3661 2765 3717 ad

1737 3738 1943 3792 Sallust.
1971 3739 2219 3809 Jugurth.
2249 3759 2364 3810 cap.
2400 3741 2466 3793 13
2486 3780 2501 3805 ,
2528 3736 2558 3801 S
2591 3744 2646 3794 6.
2674 3745 2769 3795 ln-

1734 3818 1920 3888 primis
1960 3819 2344 3872 Drackmborck.
2384 3817 2449 3872 ad
2480 3821 2600 3873 Liv.
2640 3825 2728 3875 III
2748 3860 2765 3882 .

1739 3901 1842 3963 46,
1877 3912 2007 3951 tom.
2044 3900 2099 3962 Ι,
2138 3919 2191 3970 p.
2224 3899 2357 3968 731,
2383 3911 2437 3950 et
2472 3900 2662 3955 Clark.
2700 3902 2769 3955 ad

1735 3977 1954 4032 Homer.
1978 3976 2131 4031 Iliad.
2157 3979 2208 4039 Ι,
2244 3982 2336 4048 37.

1823 4078 1845 4110 1
1862 4078 1950 4129 ²7·
1984 4059 2119 4110 Unde
2136 4063 2284 4110 aciem
2306 4063 2355 4110 ιἰι
2365 4059 2462 4128 pel.
2485 4073 2614 4111 vast.
2626 4076 2773 4130 prot.

1738 4151 1842 4188 cest.
1879 4157 2089 4203 omnem
2136 4152 2467 4209 prospectum
2512 4139 2615 4191 late
2672 4161 2771 4214 po·
