2986 4935
747 455 1213 522 -CARMEN
1271 456 1547 522 LXIV.
2072 466 2219 551 229

151 591 291 661 magis
317 591 478 642 forsan
503 608 531 640 a
556 590 756 660 virgula
785 591 870 643 illa
900 592 1132 643 censoria
1151 631 1165 655 ‚
1192 610 1295 662 qua
1323 591 1670 663 digressiones
1698 593 1853 664 hujus
1877 594 2118 646 carminis
2140 595 2221 645 vel

151 683 198 720 ut
216 669 417 721 nimium
443 669 665 737 prolixas
691 683 744 722 et
769 670 1003 742 copiosas
1020 710 1035 734 ,
1057 671 1137 723 vel
1168 684 1225 723 ut
1251 691 1436 741 parum
1467 672 1603 723 inter
1628 691 1681 723 se
1705 686 1852 742 aptas
1879 685 1930 725 et
1955 674 2225 741 copulatas

151 761 394 811 notarunt,
425 748 521 800 sibi
563 761 950 820 temperassent.
986 750 1070 816 Sic
1100 751 1340 802 Duscleius
1371 752 1426 802 in
1461 752 1600 802 libro
1631 754 1909 805 vernaculo
1938 754 2100 818 Briefe
2133 772 2223 803 zm·

153 828 339 897 deung
365 828 442 879 des
473 827 800 893 Geschmuckx,
825 822 983 898 (Vol.
1008 831 1088 881 111
1105 869 1119 896 ‚
1147 850 1197 901 p.
1234 829 1373 901 227)
1398 843 1569 882 totum
1599 850 1808 884 carmen
1841 833 1977 884 male
2003 832 2139 883 inter
2165 851 2219 883 se

148 907 375 959 subm-ere
396 920 446 959 et
468 905 870 979 digressionibus
896 909 1048 980 longe
1069 910 1246 979 petitis
1272 910 1510 962 laborare
1526 949 1539 972 ,
1569 911 1746 963 multis
1773 910 1963 964 docere
1986 911 2218 963 studuit:

151 988 273 1055 cujus
299 987 496 1057 vestigia
526 987 721 1040 deinde
745 990 869 1059 legit
900 989 1143 1058 Degem'us
1172 991 1223 1040 in
1259 990 1557 1041 versionum
1593 991 1771 1044 libello
1791 1031 1804 1053 ‚
1841 992 2076 1042 Deutsclaee
2107 994 2217 1043 An-

149 1065 326 1133 thologie
351 1067 432 1117 der
457 1069 711 1120 romischen
743 1068 973 1137 Elegiker
1001 1088 1057 1139 p.
1094 1068 1222 1138 378.
1259 1070 1369 1121 Nec
1405 1070 1616 1122 mollins
1649 1072 1758 1141 ipse
1793 1072 2016 1142 Magnus
2047 1072 2218 1140 Heyne

149 1141 204 1195 de
225 1146 433 1197 carmine
460 1160 638 1200 nostro
664 1149 821 1200 sentit
853 1146 919 1199 ad
947 1147 1137 1217 virgil.
1165 1151 1321 1201 Tom.
1355 1150 1451 1212 IV,
1481 1169 1533 1220 p.
1574 1157 1625 1211 ά.
1659 1183 1734 1192 —-
1761 1151 2092 1221 Quamquam
2123 1169 2216 1202 au-

150 1234 234 1274 tem
263 1223 376 1277 huic
396 1227 646 1291 carmini,
677 1228 719 1278 si
745 1247 773 1279 a
803 1226 1019 1280 fatidico
1046 1228 1137 1279 illo
1173 1229 1449 1280 Parcarum
1475 1242 1632 1280 cantu
1664 1231 1762 1280 sub
1788 1233 1900 1298 ejus
1927 1231 2087 1281 finem
2110 1229 2217 1282 dis-

147 1304 357 1367 cesseris,
385 1306 511 1358 nihil
554 1308 663 1360 sere
700 1306 855 1371 insit,
894 1300 1042 1378 quod
1073 1306 1349 1359 commode
1384 1306 1452 1359 ad
1484 1308 1821 1378 Epithalamii
1847 1350 1860 1374 ‚
1892 1309 2107 1380 proprie
2145 1310 2216 1361 sic

150 1378 280 1444 dicti,
306 1401 461 1454 genus
485 1387 740 1439 referatur
761 1427 775 1451 ,
801 1399 852 1438 et
880 1401 1020 1439 recte
1047 1387 1264 1438 omnino
1290 1407 1488 1456 parvum
1519 1389 1650 1457 Epos
1678 1407 1796 1440 cum
1830 1390 2049 1441 Doctiss.
2080 1388 2215 1442 Gur·

148 1461 210 1509 lite
235 1462 472 1515 nominari
501 1479 670 1536 queat,
700 1466 840 1518 idem
875 1479 1246 1537 tamen,“quum
1280 1467 1543 1536 praecipue
1562 1468 1613 1517 in
1640 1469 1893 1519 honorem
1913 1469 2215 1539 nuptiarum

149 1538 262 1590 Pelei
288 1555 333 1593 et
355 1543 602 1596 Thetidos
630 1547 976 1616 compositum
1004 1547 1067 1596 sit
1084 1583 1098 1607 ‚
1131 1544 1272 1597 baud
1303 1547 1493 1615 inepte,
1527 1546 1695 1598 latiori
1730 1566 1902 1611 sensu,
1925 1549 2218 1630 epithalamii

150 1619 329 1671 nomine
353 1622 588 1693 insigniri
607 1642 760 1693 posse
781 1624 1009 1677 videtur.
1036 1625 1116 1677 Cf.
1144 1628 1521 1694 Argumentum
1549 1625 1612 1677 ad
1639 1629 1812 1678 Carm.
1841 1627 1891 1678 in
1921 1629 2082 1698 Nupt.
2107 1629 2138 1678 J
2146 1628 2213 1678 ul.

147 1709 186 1746 et
207 1697 353 1753 Manl.
379 1731 455 1743 —
482 1704 657 1755 Missis
680 1704 838 1774 igitur
863 1704 1136 1768 omnibus,
1167 1724 1285 1775 quae
1311 1704 1375 1756 ad
1407 1704 1636 1773 pretium
1664 1707 1821 1777 hujus
1848 1708 2096 1758 carminis
2119 1707 2219 1758 ele·

150 1774 342 1830 vandum
376 1801 426 1832 in
463 1782 702 1834 medium
741 1785 938 1853 prolata
972 1796 1119 1843 sunt,
1161 1784 1398 1836 fruamur
1427 1784 1751 1837 nitidissimis
1787 1786 2047 1847 flosculis,
2083 1805 2216 1856 quos

147 1853 347 1927 undique
367 1873 415 1912 et
438 1880 500 1913 ex
525 1861 719 1914 dissitIs
746 1864 892 1933 qnasi
920 1863 1221 1932 regionibus
1247 1878 1412 1934 poetae
1439 1863 1724 1935 decerpere
1748 1867 1939 1937 volupe
1968 1867 2089 1926 fuit,
2114 1884 2212 1917 nec

149 1936 356 1990 varietate
372 1940 610 1993 colorum
640 1956 690 1993 et
713 1940 939 1995 odorum
971 1944 1103 1993 bene
1134 1943 1267 1994 inter
1295 1961 1348 1994 se
1377 1945 1755 2012 permixtorum
1787 1949 2037 2015 majorem
2066 1945 2216 1996 nobis

145 2015 373 2070 concilim·
400 2022 706 2074 suavitatem
738 2020 1090 2092 indignemur.

211 2095 361 2149 Restat
383 2100 483 2152 alia
507 2102 753 2172 quaestio,
782 2102 833 2152 in
871 2121 970 2172 qua
1003 2100 1365 2154 constituenda
1403 2105 1626 2153 multum
1649 2103 1980 2165 laborarunt,
2008 2102 2094 2153 sed
2124 2124 2214 2173 pa-

143 2190 240 2224 mm
274 2177 599 2246 perfecerunt
634 2182 961 2252 interpretes.
1001 2182 1179 2245 Quum
1232 2180 1371 2232 enini
1416 2181 1715 2243 Catullum,
1755 2180 2209 2251 diligentissimum

142 2250 409 2308 Grecorum
450 2272 728 2328 poetarum
766 2260 1081 2313 imitatorem
1103 2295 1119 2319 ‚
1161 2261 1243 2311 hie
1279 2280 1489 2331 quoque
1516 2261 1685 2311 fontes
1719 2280 1902 2312 eornm
1933 2261 1982 2311 in
2018 2262 2217 2312 areolas

143 2348 237 2382 suas
254 2332 499 2389 derivasse
521 2358 553 2390 e
579 2352 690 2391 toto
716 2341 971 2410 poematis
992 2339 1169 2392 colore
1198 2339 1432 2391 dilucide
1453 2354 1700 2410 appareat
1719 2379 1733 2403 ‚
1756 2340 1848 2391 diu
1881 2341 2214 2410 multumque

141 2414 382 2479 quesitum
413 2430 520 2483 est,
549 2436 683 2489 quos
714 2420 1041 2490 potissimum
1072 2419 1364 2471 imitatione
1395 2419 1488 2471 sibi
1522 2418 1890 2489 exprimendos
1916 2420 2217 2490 sumpserit,

143 2488 239 2542 Fuit
262 2493 463 2548 Hesiodi
492 2501 810 2569 ἐπιθαλάμιον
847 2502 909 2559 εἰς
945 2501 1111 2553 Πηλέα
1143 2503 1228 2553 καὶ
1267 2504 1410 2551 Θέτιν
1437 2519 1465 2551 a
1498 2500 1755 2568 scaligero
1776 2503 1882 2572 jam
1908 2499 2174 2552 laudatum
2198 2521 2213 2565 ;

138 2569 191 2621 ef.
214 2572 368 2645 Hesne
395 2574 464 2627 ad
494 2577 807 2647 Apollodor.
833 2600 884 2649 p.
915 2584 1044 2648 764.
1070 2610 1147 2619 -—
1173 2580 1293 2630 Fuit
1322 2579 1464 2630 aliud
1497 2581 1843 2648 Agamestoris
1878 2581 2157 2643 pharsalii,
2178 2582 2215 2631 'e

139 2666 225 2716 quo
250 2656 488 2708 nonnulla
517 2658 721 2729 profert
770 2660 966 2709 Tzetzes
996 2657 1061 2709 ad
1108 2659 1342 2729 Lycoph.
1383 2661 1506 2727 178.
1544 2657 1649 2709 Sed
1679 2675 1923 2712 neutrum
1966 2680 1994 2711 a
2036 2674 2215 2712 nostro

141 2731 331 2799 exprimi
361 2736 568 2805 potuit,
590 2757 752 2808 quum
788 2740 897 2807 ipse
916 2779 929 2800 ,
955 2751 1010 2789 ut
1038 2757 1192 2807 supra
1232 2738 1491 2789 monitum
1519 2751 1591 2789 est
1610 2779 1622 2797 ,
1642 2739 1871 2791 noluerit
1901 2742 2216 2791 concinnare

140 2810 498 2876 epithalamium
514 2836 528 2880 ;
543 2817 650 2876 vel,
668 2818 707 2867 si
725 2815 1097 2886 quaedaminde
1112 2819 1164 2868 in
1179 2837 1324 2868 usum
1343 2837 1495 2868 suum
1517 2811 2030 2889 converterit‚(qnod
2057 2839 2116 2870 ex
2135 2820 2214 2870 in-

141 2887 286 2942 stium
308 2896 698 2965 comparatione
721 2915 769 2948 v,
803 2898 986 2949 25--2
998 2915 1047 2966 7,
1076 2916 1195 2948 cum
1226 2898 1514 2966 fragmento
1543 2896 1803 2948 Hesiodeo
1824 2899 2097 2968 probabile
2122 2896 2215 2955 fit)

139 2963 180 3015 3³
199 2972 364 3038 paucis
384 2988 529 3027 certe
553 2974 658 3026 hoc
680 2976 886 3036 factum,
914 2990 965 3027 et
995 2977 1220 3046 plurima
1242 2976 1293 3026 in
1318 2976 1407 3027 illa
1428 2974 1681 3026 Ariadnes
1703 2976 1873 3027 fabula
1898 2978 1965 3027 ab
1989 2977 2104 3027 aliis
2127 2996 2217 3045 po·

139 3044 221 3096 tius
250 3063 510 3105 mutuatus
549 3053 774 3106 videtur.
807 3056 980 3107 Exstat
1006 3055 1147 3126 apud
1186 3056 1493 3107 Ciceronem
1525 3055 1578 3105 in
1614 3055 1845 3123 epistolis
1880 3054 1944 3106 acl
1982 3057 2212 3107 Atticum

141 3122 279 3187 ΠΗ,
308 3132 362 3197 5,
392 3132 743 3203 fragmentum
783 3136 969 3186 veteris
1002 3148 1165 3204 poetae
1205 3166 1278 3175 --
1318 3134 1447 3203 ῥίψαι
1487 3133 1647 3185 Heu&
1685 3135 1844 3202 μάτην
1880 3136 2137 3205 κεράεσσιν
2172 3138 2215 3195 ἐς

137 3206 234 3273 ἠέρι
252 3211 528 3278 Ouinium-rot
545 3250 558 3267 .
590 3212 731 3283 quod
757 3233 920 3283 quum
949 3214 1153 3283 egregie
1180 3211 1490 3283 respondeat
1519 3213 1688 3264 versui
1721 3214 1791 3265 illi
1823 3213 1889 3265 de
1916 3216 2215 3266 Minotauro

145 3298 225 3337 ΙΙΙ
247 3326 260 3346 ,
284 3292 400 3343 satis
427 3292 695 3361 probabili
729 3295 1028 3363 conjectura
1057 3293 1301 3364 suspicari
1332 3294 1526 3362 possiS‚
1555 3294 1812 3344 Catullum
1858 3296 1907 3345 in
1944 3295 2115 3345 fabula
2150 3294 2216 3346 de

139 3366 335 3419 Ariadne
368 3383 598 3423 veterem
631 3371 810 3436 illum,
845 3390 1000 3441 quem
1031 3372 1358 3441 ignoramus,
1392 3373 1547 3442 hujus
1578 3372 1853 3442 fragmenti
1885 3387 2085 3445 poetam
2128 3394 2213 3426 ex·

139 3447 362 3508 prosim.
389 3450 633 3501 Omnino
656 3464 828 3502 autem
857 3451 975 3502 satis
1000 3451 1222 3503 fidenter
1245 3463 1466 3503 statuere
1487 3470 1792 3521 possumus,
1824 3453 2086 3505 Catullum
2112 3473 2214 3504 non

134 3519 187 3573 “l
218 3544 370 3580 unum
407 3542 500 3583 aut
534 3530 758 3582 alterum
798 3544 1000 3582 tantum
1041 3545 1247 3600 poetam
1293 3529 1531 3583 imitandi
1585 3529 1813 3582 studium
1853 3545 2220 3595 attemperasse

136 3595 275 3670 (quod
300 3607 419 3660 feeit
442 3610 501 3660 in
528 3609 850 3661 carminibus
871 3609 1183 3680 quibusdam
1211 3610 1341 3661 κατὰ
1373 3607 1509 3661 πόδα,
1537 3629 1565 3661 e
1591 3612 1807 3680 Sappho
1829 3625 1877 3663 et
1898 3613 2219 3665 Callimacho

138 3679 404 3754 translatis),
427 3687 520 3740 sed
547 3687 782 3759 undique
799 3728 812 3751 ,
836 3693 939 3760 apis
969 3690 1172 3741 Matiuoe
1194 3709 1319 3739 more
1341 3691 1568 3761 modoque
1588 3731 1599 3750 ,
1618 3708 1712 3761 per
1742 3691 1979 3743 hortulos
2007 3691 2220 3743 Graeco-

135 3776 231 3813 rum
259 3766 702 3819 circumvolitasse
740 3781 792 3819 et
822 3768 1116 3820 suavissima
1148 3787 1370 3839 quaeque
1401 3767 1684 3831 delibasse,
1719 3770 1771 3821 id
1799 3770 1944 3841 quod.
1977 3790 2037 3821 ex
2071 3790 2221 3838 aper-

138 3838 207 3900 ῑῖδ,
231 3861 351 3913 quas
376 3846 432 3899 in
461 3847 567 3898 hoe
593 3848 823 3899 carmine
845 3847 1314 3919 deprehendimus,
1345 3849 1650 3900 Graecorum
1676 3863 1947 3918 poetarum
1975 3850 2222 3901 imitatio-

136 3918 264 3972 nibus
289 3925 404 3992 plus
430 3926 554 3978 satis
579 3945 830 3997 apparere
860 3940 1006 3997 puto.
1035 3927 1120 3979 Sic
1144 3946 1205 3977 ex
1234 3927 1516 3979 Homerico
1542 3928 1755 3997 Hymno
1778 3930 1830 3979 in
1856 3928 2096 3980 Cererem
2125 3949 2221 3979 nu-

137 4001 336 4062 perrime
367 4018 601 4074 reperto,
634 4006 863 4076 pluscula
891 4006 1135 4057 Nostrum
1163 4004 1418 4058 derivasse
1450 4010 1691 4076 praeclare
1718 4007 1896 4059 docuit
1926 4009 2224 4059 Rulmkenius

137 4075 176 4127 in
201 4082 335 4147 praef.
365 4082 434 4134 ad
469 4084 535 4134 H.
568 4084 620 4135 in
657 4087 831 4137 Cerer.
872 4107 920 4154 p.
964 4105 1022 4136 ιὰ».
1057 4104 1126 4161 κῃ.
1165 4088 1246 4135 Sic
1280 4107 1306 4135 e
1335 4087 1603 4137 Theocriti
1635 4086 1869 4155 ldylliis,
1905 4103 1951 4138 et
1989 4088 2227 4157 inprimis

1795 4194 1865 4209 b«

1744 4221 1818 4260 l.)
