2986 4935
769 532 1218 600 CARMEN
1275 509 1553 634 LXIV]

217 664 370 731 Nam
413 664 761 757 perhibent
801 664 955 732 olim
998 663 1248 732 crudeli
1285 680 1469 757 peste
1515 679 1811 732 coactam

218 769 689 863 Androgeoneae
728 795 956 864 poenas
991 770 1328 837 exsolvere
1374 771 1601 850 caedis,

216 874 458 945 Electos
489 878 762 970 juvenes
806 876 996 945 simul
1044 892 1109 944 et
1151 875 1351 943 decus
1389 880 1814 971 innuptarum

219 985 585 1077 Cecropiam
628 984 886 1052 solitam
930 1009 1068 1051 esse
1109 982 1342 1074 dapem
1390 982 1546 1050 dare
1580 985 1963 1050 Minotauro
1998 1009 2010 1048 :

218 1087 372 1174 Quis
412 1105 684 1183 angusta
724 1089 913 1159 malis
951 1114 1156 1183 quum
1192 1090 1429 1155 moenia
1467 1103 1891 1172 vexarentur,
2179 1122 2226 1154 s..

127 1321 182 1373 R.
206 1341 303 1373 non
333 1326 486 1390 male,
515 1339 657 1378 recte
680 1328 822 1377 enim
849 1328 1019 1394 templa
1046 1325 1112 1376 de

128 1401 292 1471 amplis
323 1402 549 1457 aediflciis
588 1405 856 1475 dicuntur.
886 1407 970 1459 Sic
997 1418 1112 1457 tem-

123 1480 236 1545 plum
261 1481 391 1552 apud
416 1484 586 1538 Cicer.
609 1505 706 1556 pro
735 1487 891 1536 Dom.
922 1487 950 1537 5
967 1507 1015 1550 1,
1048 1485 1113 1537 de

129 1563 241 1610 cevia
276 1560 473 1616 dicitur.
501 1596 584 1607 —
616 1564 851 1635 Cortynia
886 1566 939 1616 in
981 1584 1113 1616 non-

127 1638 275 1692 nullis.
297 1671 374 1682 -
407 1642 654 1715 Gortynia
683 1657 804 1695 tecta
825 1685 838 1704 ,
871 1645 1110 1696 Cretam:

133 1716 321 1790 Gonyne
341 1723 508 1776 Cretae
528 1724 853 1794 metropolis.

193 1803 370 1870 76-77.
396 1804 532 1855 Nam
551 1804 801 1874 perhibent
824 1804 957 1855 olim.
983 1804 1112 1854 Sen-

128 1892 220 1929 sus:
235 1897 346 1931 nam
369 1881 604 1943 tradunt,
630 1883 758 1933 olim
775 1883 1114 1934 Athenienses

128 1954 302 2009 crudeli
337 1963 633 2029 pestilentia
679 1981 857 2032 poenas
895 1977 1113 2035 propter

128 2033 297 2088 caedem
327 2039 601 2111 Androgei
640 2043 842 2093 solvere
873 2055 1114 2103 coactos,

125 2112 314 2179 juvenes
340 2119 534 2173 electos
561 2135 614 2172 et
639 2121 867 2191 virgines
885 2140 993 2190 prae
1013 2139 1113 2173 οω-

126 2193 229 2245 teris
254 2196 416 2250 forma
442 2214 492 2252 et
526 2201 689 2252 aetatis
715 2201 844 2251 flore
877 2201 1113 2251 eminen-

127 2280 214 2334 tes,
239 2270 442 2345 (dapem)
472 2293 725 2349 tanquam
755 2298 959 2331 sacrum
990 2280 1113 2329 reli·

122 2349 298 2418 gioeum
320 2358 541 2427 epulum
566 2359 868 2410 Minotauro
887 2357 1012 2409 dare
1040 2379 1119 2408 so-

123 2428 225 2483 litos
246 2434 392 2489 fuisse
411 2433 489 2500 (h.
509 2457 562 2489 e.
585 2457 650 2491 ex
668 2451 819 2509 pacto
839 2439 1119 2509 quotannis

127 2510 334 2578 mimae).
343 2548 423 2559 --
437 2518 809 2588 Androgeoneoe
822 2517 984 2568 caedis.
1005 2518 1116 2569 :ln-

124 2590 327 2662 ‘hogen-5,
352 2597 557 2650 Minois
583 2612 633 2650 et
650 2598 929 2668 Pasiphaes
952 2597 1118 2660 filius,

122 2671 191 2722 vir
214 2674 522 2729 fortissimus
540 2716 557 2741 ,
579 2691 629 2729 et
658 2697 791 2749 saepe
818 2678 872 2729 in
894 2678 1121 2747 publicis

123 2749 314 2807 Gracia
333 2753 478 2808 ludis
502 2757 699 2817 victor,
724 2777 782 2808 ex
808 2755 1006 2808 invidia
1027 2776 1118 2807 oc-

123 2830 240 2885 cisus
262 2835 326 2886 ab
348 2836 767 2888 Atheniensibus
785 2850 835 2888 et
855 2837 1122 2906 Megaren-

121 2909 259 2966 sibus.
294 2946 373 2956 —-
417 2915 622 2967 Crudeli
651 2929 776 2986 pest.
817 2929 964 2967 coact.
1009 2930 1114 2967 tam

120 2988 270 3055 bello,
291 3013 397 3064 quo
435 2996 582 3047 hanc
619 2997 684 3046 ab
717 2996 1122 3047 Atheniensibus

122 3067 295 3123 illatam
311 3074 566 3144 injuriam
584 3075 788 3126 ulturus
803 3088 911 3125 erat
929 3075 1123 3138 Minos,

120 3166 262 3216 quam
274 3154 404 3217 same
423 3167 473 3204 et
488 3154 767 3222 pestilentia
778 3174 797 3214 ,·
813 3172 1122 3223 responsum

121 3241 278 3282 autem
302 3245 412 3284 erat
440 3233 855 3285 Atheniensibus
876 3235 1088 3284 oraculo
1106 3270 1122 3293 ‚

120 3324 196 3358 eos
221 3329 324 3363 non
363 3313 553 3382 prius,
587 3331 745 3383 quam
781 3312 951 3363 Minoi
983 3312 1125 3364 satis·

120 3386 297 3443 factum
320 3393 384 3443 sit
404 3431 419 3456 ,
447 3392 720 3444 malorum
749 3393 914 3444 finem
939 3411 1123 3463 exper-

123 3477 250 3519 turos
278 3490 401 3524 esse.
441 3472 628 3523 Minos
658 3487 829 3523 autem
871 3472 1127 3523 tributum

121 3560 299 3616 septem
310 3553 578 3621 juvenum
597 3551 955 3621 etpuellarum
980 3565 1130 3621 quot-

121 3627 255 3679 annis
283 3630 596 3699 postulavit.

187 3710 275 3776 78.
313 3710 525 3762 Electus
554 3712 750 3778 juvenes
794 3722 842 3759 et
880 3710 982 3761 dec.
1023 3710 1127 3759 Alii

119 3800 195 3836 eos
223 3789 406 3841 missos
441 3808 556 3841 esse
590 3788 804 3841 tradunt
832 3790 968 3841 facto
997 3787 1133 3839 dele-

117 3874 192 3917 ctu
214 3908 231 3931 ,
281 3869 374 3920 alii
420 3867 601 3921 ductis
652 3868 894 3920 sortibus
936 3869 1127 3937 Virgil.

118 3945 429 4011 AEneidNI,
462 3967 571 3999 20:
609 3976 629 3993 -ι
654 3982 668 3994 .
695 3982 708 3995 .
731 3960 873 3999 .tum
904 3947 1135 4017 pendere

119 4041 279 4091 poenas
312 4025 633 4097 Cecropidae
666 4028 791 4097 jussi
820 4022 1135 4089 (miserum)

116 4119 309 4173 septena
360 4107 658 4177 quotannis
698 4108 933 4177 Corpora
990 4121 1135 4158 nato·

117 4201 222 4236 rum
250 4206 261 4237 ;
293 4201 395 4239 stat
439 4184 618 4238 ductis
664 4187 890 4237 sortibus
937 4206 1084 4237 urna.
1112 4216 1128 4233 ›,

1206 1326 1458 1377 Fabulam
1486 1327 1684 1377 tirones
1705 1325 1878 1395 legant
1894 1324 2039 1396 apud
2058 1325 2194 1376 Diod
2207 1366 2217 1376 .

1204 1405 1364 1456 Sicul.
1403 1407 1501 1469 IV,
1538 1425 1585 1456 c.
1627 1411 1724 1468 60,
1765 1410 1873 1470 613
1906 1403 2217 1476 Apollodor.

1205 1486 1318 1547 111,
1353 1486 1417 1537 15
1439 1505 1453 1549 ;
1479 1483 1640 1536 Ovid.
1670 1486 1795 1536 Met.
1826 1486 1970 1547 VII,
2002 1485 2135 1549 456,
2169 1499 2217 1536 et

1205 1565 1368 1628 VIII,
1406 1583 1427 1615 1
1444 1565 1535 1616 53.

1299 1664 1389 1712 79.
1433 1644 1742 1713 Cecropidum
1790 1645 1981 1695 solitum
2030 1665 2125 1694 esse
2170 1655 2219 1694 et

1202 1724 1382 1792 paullo
1410 1738 1530 1775 ante
1568 1743 1615 1775 c.
1650 1728 1752 1785 66,
1774 1737 1961 1774 coactos
1985 1741 2086 1793 pro
2116 1743 2224 1774 cou-

1201 1816 1325 1853 ctam
1349 1802 1594 1855 audacter
1614 1802 1795 1854 Heius.
1820 1804 1873 1854 in
1900 1815 2010 1855 not.
2030 1803 2097 1854 ad
2121 1806 2221 1854 Ca·-

1203 1882 1405 1934 tull.-—-
1425 1884 1719 1933 Minotauro.
1749 1884 2031 1934 Notissima
2054 1896 2128 1934 est
2149 1883 2223 1933 fa-

1200 1962 1325 2013 bula
1365 1961 1653 2013 Minotauri
1691 1981 1702 2012 :
1742 1955 1875 2022 οὗτος
1909 1957 2004 2028 εἶχε
2046 1963 2222 2031 ταύρου

1203 2043 1462 2108 πρόσωπον
1482 2081 1495 2098 ,
1528 2041 1595 2091 τὰ
1630 2037 1686 2091 δὲ
1716 2041 1864 2092 λοιπὰ
1903 2036 2075 2110 ἀνδρός
2096 2081 2109 2106 ,
2142 2062 2224 2091 se-

1201 2118 1436 2171 cundum
1472 2119 1782 2190 Apollodor.
1820 2121 1900 2171 ΙΙΙ
1921 2157 1937 2181 ,
1971 2138 2015 2171 c.
2058 2138 2115 2182 1,
2151 2128 2179 2182 ά
2203 2159 2217 2176 .

1203 2200 1273 2250 cf.
1301 2201 1469 2262 Herm:
1498 2200 1553 2250 in
1582 2212 1692 2250 not.
1713 2217 1832 2269 pag.
1865 2197 1993 2267 537.
2015 2228 2094 2237 —
2120 2202 2219 2251 Ca·

1203 2279 1310 2348 pite
1356 2279 1589 2340 bubulo,
1636 2291 1781 2349 parte
1823 2278 2073 2330 inferiore
2118 2278 2220 2329 hu-

1205 2376 1358 2409 mana
1375 2397 1388 2421 ‚
1407 2358 1770 2409 Minotaurum
1792 2375 2004 2428 quoque
2025 2356 2220 2409 descri-

1205 2439 1282 2489 bit
1306 2438 1503 2509 Hygin.
1517 2437 1643 2489 Fab.
1669 2438 1783 2490 XL.
1802 2471 1878 2479 -—-
1897 2434 2002 2490 Sed
2017 2439 2224 2490 nummi

1207 2518 1512 2569 Gelensium
1553 2530 1602 2569 et
1640 2517 2130 2569 Taurominitarum
2170 2518 2223 2568 in

1206 2597 1381 2648 Sicilia
1394 2638 1407 2661 ,
1431 2598 1905 2666 Neapolitanorum
1922 2610 1971 2648 et
1990 2597 2223 2668 plurium

1208 2676 1432 2728 alioruin
1487 2697 1582 2747 per
1634 2677 1880 2747 Magnam
1935 2678 2190 2729 Graeciam
2210 2715 2222 2736 ‚

1209 2754 1455 2807 eumdem
1501 2775 1726 2825 corpore
1768 2757 1976 2808 taurino
2017 2769 2069 2807 et
2112 2776 2230 2808 cor-

1211 2854 1341 2906 pore
1363 2836 1596 2886 humano
1617 2837 1932 2888 instructum
1956 2836 2230 2887 exhibent:

1211 2914 1278 2965 de
1306 2934 1414 2985 quo
1443 2915 1580 2965 inter
1615 2934 1862 2965 nummos
1902 2927 1953 2964 et
1994 2929 2233 2967 auctores

1212 2993 1448 3046 dissensu
1478 2993 1586 3044 vid.
1611 2995 1761 3044 Voss.
1806 2992 1874 3045 ad
1913 3012 1964 3043 v.
2015 3012 2034 3043 1
2055 3012 2074 3043 1
2094 3013 2114 3044 1
2136 3032 2149 3055 ,
2183 3009 2234 3045 et

1217 3074 1514 3141 [Vesseling.
1544 3071 1608 3123 ad
1630 3071 1789 3123 Diod.
1815 3073 1978 3124 Sicul.
2009 3072 2107 3129 lV,
2135 3092 2230 3141 77,

1214 3174 1266 3204 n.
1289 3152 1379 3217 32,
1407 3167 1443 3205 t.
1472 3154 1523 3215 1,
1542 3171 1596 3221 p.
1623 3153 1757 3215 320,
1774 3153 1865 3220 qui
1885 3151 2062 3203 laudat
2084 3152 2239 3214 Span-

1216 3236 1333 3283 hem.
1364 3232 1430 3283 de
1454 3233 1550 3283 Us.
1581 3245 1631 3282 et
1654 3232 1743 3283 Pr.
1772 3231 1934 3282 Num.
1960 3232 2093 3283 Diffi.
2114 3234 2167 3284 5.

1298 3315 1383 3365 80.
1409 3313 1633 3380 Augusta
1659 3330 1758 3380 pro
1788 3324 1994 3378 ungusta
2022 3312 2195 3362 male
2184 3334 2234 3363 in

1217 3390 1529 3462 quibusdam
1559 3404 1686 3442 vett.
1717 3391 1935 3460 legitur;
1959 3391 2238 3462 saepissime

1218 3485 1393 3523 autem
1445 3472 1498 3520 in
1551 3470 1634 3520 his
1689 3469 1978 3522 scribendis
2025 3473 2242 3523 vocibus

1218 3552 1530 3601 aberrarunt
1577 3550 1977 3618 negligentiores
2017 3551 2240 3602 librarii.

1219 3628 1348 3682 Vid.
1377 3631 1645 3680 Burmann.
1694 3628 1806 3680 Sec.
1851 3630 1919 3681 ad
1956 3628 2143 3681 Claud.
2188 3632 2241 3681 in

1223 3710 1397 3760 Russu.
1428 3711 1480 3772 I,
1505 3715 1711 3769 ¹1:204,
1733 3709 1979 3777 inprimis
2001 3711 2253 3759 Dracken·

1223 3790 1379 3840 burch.
1408 3787 1471 3840 ad
1493 3789 1552 3838 Ι
1542 3808 1609 3838 iv.
1633 3790 1701 3850 V,
1727 3788 2238 3857 ii,ton1.II‚p;.g.

1234 3888 1252 3919 1
1267 3872 1350 3919 80.
1374 3900 1450 3909 --
1471 3868 1575 3918 Pro
1592 3881 1886 3917 ‘vexarentur
1907 3865 2015 3917 duo
2055 3871 2244 3920 vetusti

1225 3949 1348 3999 libri
1368 3946 1510 4017 apud
1535 3948 1664 3997 Stat.
1688 3959 2005 3996 versarentur.
2030 3945 2133 3996 Sed
2156 3948 2245 3997 has

1226 4047 1436 4098 quoque
1485 4046 1635 4078 voees=
1684 4046 1787 4077 non
1842 4044 1963 4077 raro
2014 4027 2244 4080 turbaxit

1228 4109 1570 4159 librariorum
1607 4107 1915 4175 ignorantia.
1944 4104 2075 4155 vid.
2110 4125 2245 4175 quos*

1231 4186 1399 4238 laudat
1460 4185 1839 4237 Druck-enharcla.
1889 4183 1949 4235 ad
2001 4186 2114 4235 Liv.
2165 4189 2244 4243 U,

1764 4279 1882 4358 16³
