2986 4935
885 356 1325 424 CARMEN
1381 356 1583 425 LXI.

2159 358 2296 452 189

609 488 684 554 Ῐο
723 489 978 580 Hymen
1015 490 1370 581 Hymenaee
1412 490 1510 571 in,

609 595 683 660 lo
720 595 975 685 Hymen
1011 597 1383 687 Hymenaee.
2226 629 2299 674 14⁵

817 699 1072 767 Scimus
1116 699 1256 768 haec
1298 699 1449 776 tibi,
1485 724 1631 792 quae
1673 699 1899 786 licent,

606 801 754 871 Sola
796 806 1061 898 cognita
1103 831 1116 871 :
1157 805 1269 873 sed
1306 806 1543 873 marito

611 910 745 977 Ista
785 934 916 978 non
956 911 1185 978 eadem
1227 909 1442 979 licent.

612 1018 687 1083 Io
721 1018 978 1109 Hymen
1016 1019 1371 1109 Hytuenaee
1410 1020 1507 1102 in,

609 1122 683 1189 Io
718 1124 974 1215 Hymen
1011 1126 1379 1216 Hymenaee.
2230 1159 2301 1195 15..

743 1271 744 1274 =
814 1228 1036 1321 Nupta
1076 1243 1147 1296 tu
1189 1253 1483 1322 quoque,
1521 1253 1664 1321 quae
1705 1242 1855 1295 tuus

615 1334 735 1406 Vir
773 1349 978 1427 petet,
1013 1357 1173 1403 cave
1216 1359 1297 1401 ne
1333 1359 1564 1428 neges;

608 1438 711 1506 Ne
755 1442 1029 1531 petitum
1071 1438 1331 1516 aliunde
1369 1455 1493 1508 eat.

613 1547 687 1611 10
730 1547 989 1637 Hymen
1026 1548 1380 1639 Hymenaee
1422 1548 1517 1629 io,

222 1777 418 1833 decebat
437 1779 699 1850 unguentis
712 1779 1003 1832 delibutum
1024 1793 1196 1852 caput.

294 1865 502 1919 166———1
520 1861 590 1911 50
619 1861 731 1928 Qua
749 1862 890 1911 licent
914 1861 1100 1929 Scalig.
1121 1891 1201 1902 --

225 1939 384 1990 Caelibi
429 1940 525 1990 soli
566 1943 740 2008 agnita
789 1940 1097 1992 Passeratius
1145 1940 1198 1990 in

218 2018 945 2089 exemplaribusMemmianiS‚
968 2017 1108 2070 unde
1125 2057 1140 2081 ‚
1158 2019 1200 2071 si

221 2099 392 2150 vetusti
426 2099 633 2166 alicujus
673 2099 981 2169 exemplaris
1018 2111 1201 2150 aucto-

219 2176 360 2228 ritate
390 2178 570 2234 fulciri
597 2179 739 2230 >ussit
767 2178 880 2230 haec
902 2178 1081 2241 lectio,
1101 2178 1199 2230 Ca-

218 2256 392 2308 tullum
416 2258 612 2309 fortas&
631 2258 892 2327 scripsisse
915 2270 1061 2327 putat
1075 2258 1205 2309 Vos·

218 2334 313 2387 sins
333 2375 349 2399 ,
381 2337 571 2389 Scimus
604 2357 688 2387 naec
720 2337 806 2388 tibi
840 2337 996 2389 caele'bi
1032 2349 1080 2387 et
1111 2339 1202 2388 soli

216 2420 428 2484 cognita,
459 2414 606 2487 quod
623 2415 753 2469 mihi
789 2416 1003 2488 quidem
1037 2417 1201 2469 multo

219 2496 368 2565 magis
392 2495 633 2567 displice.
655 2529 722 2539 -
754 2497 856 2548 Pro
885 2500 987 2549 sola
1011 2496 1204 2549 Statius

215 2592 421 2646 quoque
437 2576 653 2627 rescrilit
665 2578 770 2628 soli.
782 2609 858 2617 —
869 2575 1023 2630 Haud
1041 2576 1201 2628 dubie

215 2653 414 2724 vulgata
434 2655 595 2707 lectio
611 2655 859 2708 etinenda
882 2670 985 2720 est,
1011 2674 1128 2726 quoe
1145 2657 1200 2708 in

213 2734 454 2787 omnibus
489 2733 673 2801 §eripis
694 2748 745 2786 et
772 2736 1029 2806 impressis
1048 2754 1205 2805 appa·

213 2823 287 2862 ret
303 2851 318 2873 ,
339 2826 391 2866 et
409 2813 672 2866 rectissite
690 2833 899 2884 quoque
919 2827 1114 2867 servata
1129 2827 1204 2866 est

214 2908 241 2940 a
265 2884 475 2946 vossio.
516 2924 593 2934 —
626 2892 785 2944 {cimus
815 2895 914 2945 hoec
950 2894 1064 2954 eibi,
1103 2906 1200 2946 etc.

214 2967 430 3025 Sensus:
462 2972 632 3043 probe
650 2972 863 3043 quidem
900 2973 1122 3038 scimus,
1155 2986 1203 3024 te

215 3048 272 3099 iis
296 3063 503 3105 tantum
527 3052 794 3124 hucusque
814 3053 1005 3106 amoris
1028 3050 1201 3105 indul-

213 3128 330 3182 sisse
355 3130 607 3203 ineptiis,
639 3151 730 3185 uun
758 3132 951 3185 cadunt
979 3132 1032 3184 iu
1054 3134 1203 3201 juve-

213 3226 335 3271 nes,
361 3209 589 3263 liberius
627 3224 720 3264 alte
748 3213 958 3282 nuptias
994 3209 1203 3264 vivendi

211 3301 465 3356 potestate
507 3287 764 3358 gaudntes
804 3289 891 3352 [h.
932 3310 977 3343 e.
1008 3304 1060 3343 te
1098 3310 1204 3341 non

211 3366 305 3418 nisi
326 3370 513 3439 pueris
532 3370 783 3423 merioriis
801 3369 869 3423 ad
892 3368 1205 3442 explendam

213 3444 492 3500 libidinem
513 3447 658 3501 adhu
678 3468 827 3502 usum
847 3447 973 3511 esse]
990 3489 1004 3513 ‚
1023 3448 1206 3501 iisdem

212 3536 384 3579 tamen
436 3546 585 3583 nunc
635 3528 704 3580 tbi
750 3528 938 3580 marito
987 3529 1208 3598 amplius

209 3604 491 3677 indulgere
510 3626 618 3658 non
629 3606 745 3660 lieet.
759 3609 822 3659 In
842 3606 1076 3660 eamdem
1100 3608 1208 3659 fere

205 3686 529 3739 sententiam
571 3685 691 3757 apd
717 3687 1022 3738 Terentium
1063 3687 1208 3739 Simo

204 3763 272 3815 ad
315 3767 540 3818 Davum
586 3764 653 3817 de
666 3766 780 3820 filio
800 3804 816 3828 ‚
857 3767 942 3819 cui
990 3785 1209 3818 uxorem

204 3840 430 3897 daturus
494 3860 604 3906 est,
659 3844 805 3899 tndr.
864 3848 925 3906 1.
979 3864 1037 3905 π,
1105 3862 1208 3913 17:

210 3948 232 3967 ι
261 3923 403 3976 Nam
423 3963 439 3984 .
478 3922 624 3995 quod
665 3925 860 3977 ntehac
903 3924 1048 3987 fecit,
1075 3924 1210 3977 nihil

203 4000 269 4052 ad
292 4022 380 4056 me
406 4004 613 4055 attinet.
641 4004 762 4058 I'um
788 4017 992 4073 tempus
1010 4002 1080 4056 ad
1098 4022 1210 4055 eam

1288 1799 1399 1833 rem
1422 1782 1566 1844 tulit,
1589 1782 1716 1847 sivi,
1741 1796 1800 1835 ut
1815 1784 2048 1837 animum
2072 1788 2303 1857 expleret

1285 1879 1435 1912 suum
1461 1880 1475 1914 ε
1507 1863 1661 1913 Nunc
1682 1863 1769 1915 hic
1797 1860 1909 1914 dies
1934 1855 2022 1930 (sc.
2051 1861 2300 1933 nuptialis)

1284 1939 1439 1991 aliam
1486 1941 1645 1992 vitam
1688 1941 1861 1993 adfert
1889 1981 1904 2005 ,
1952 1944 2082 1994 alios
2133 1963 2302 1997 mores

1285 2020 1527 2087 postulat.
1536 2038 1636 2060 ¹⁸—-
1643 2021 1852 2089 Cognita
1862 2039 1881 2070 .·
1894 2040 2171 2088 cognoscere
2180 2024 2233 2074 in
2245 2043 2300 2076 re

1293 2098 1522 2150 Venerea
1549 2098 1657 2151 vid.
1689 2101 1910 2151 Davisius
1934 2103 2004 2151 ad
2032 2101 2215 2153 Coesar.
2237 2105 2298 2154 B.

1286 2177 1466 2238 G.V1‚
1498 2197 1523 2228 α
1541 2196 1561 2229 1
1587 2216 1602 2240 ‚
1632 2179 1722 2229 ubi
1752 2192 1825 2231 est
1837 2184 2053 2245 foeminoe
2078 2185 2296 2232 notitiam

1285 2257 1484 2318 habe1·e;
1508 2270 1558 2308 et
1587 2258 1828 2310 Heraldus
1852 2259 1907 2311 in
1936 2257 2299 2313 AnimadverS.

1283 2336 1348 2388 ad
1362 2337 1558 2389 Jambl.
1576 2338 1694 2389 c-V.
1728 2356 1749 2390 1
1765 2337 1855 2400 54.
1882 2339 1967 2391 Sic
1988 2336 2131 2409 apud
2150 2338 2299 2391 Grn-

1284 2434 1371 2467 cos
1383 2416 1629 2486 γινώσκειν
1641 2415 2065 2488 ‚Vid.1nterpret.
2081 2416 2149 2470 ad
2163 2419 2212 2471 N
2213 2436 2298 2471 ov.

1285 2496 1422 2548 Test.
1451 2497 1633 2549 Matth.
1660 2499 1712 2560 1,
1738 2499 1833 2558 28,
1853 2511 1904 2550 et
1940 2498 2198 2551 Gatacker.
2232 2496 2299 2550 de

1287 2576 1354 2626 N.
1384 2577 1451 2627 T.
1478 2574 1552 2627 St.
1585 2594 1699 2647 cap.
1723 2578 1827 2641 XI,
1847 2596 1898 2646 p.
1931 2583 2019 2648 47.

1371 2662 1502 2725 147.
1531 2656 1631 2707 Sed
1661 2661 1846 2708 marito.
1883 2656 1983 2709 Hic
2014 2675 2192 2709 versus
2224 2670 2301 2708 est

1285 2730 1647 2806 hypermeter,
1667 2749 1725 2788 ut
1750 2736 1907 2806 paulo
1929 2750 2048 2787 ante
2072 2753 2124 2788 v.
2160 2743 2264 2800 ¹4²
2284 2774 2300 2798 ,

1295 2833 1360 2881 19
1376 2831 1396 2864 t
1416 2852 1432 2878 ‚
1469 2813 1576 2877 234
1597 2854 1611 2877 ‚
1635 2817 1782 2884 cujus
1808 2815 2006 2883 syllaba
2027 2813 2303 2867 abundans

1284 2912 1314 2945 a
1354 2894 1525 2962 prima
1558 2894 1723 2945 vocali
1761 2894 2023 2964 sequentis
2057 2894 2301 2946 versiculi

1286 2973 1607 3024 absorbetur.

1373 3054 1497 3114 148.
1527 3052 1713 3103 Eadem
1738 3070 1837 3121 pro
1866 3049 2118 3103 adverbio
2145 3050 2303 3103 sumit

1288 3131 1545 3199 Scaliger,
1569 3144 1618 3181 et
1636 3130 1943 3201 spondaeum
1966 3129 2159 3201 dactyli
2184 3130 2303 3183 loco

1287 3210 1519 3282 positum
1545 3228 1650 3261 esse
1671 3223 1832 3281 putat.
1861 3211 2019 3262 Nulla
2041 3227 2167 3262 vero
2190 3208 2307 3261 ido·

1289 3310 1386 3342 nea
1411 3288 1755 3357 perturbandi
1779 3308 1955 3341 versus
1978 3307 2145 3342 causa.

1375 3369 1701 3423 151——152.
1739 3370 1863 3437 Quoe
1896 3382 2001 3421 tuus
2037 3374 2119 3420 vir
2141 3381 2271 3440 petet
2290 3411 2306 3429 ,

1291 3449 1505 3500 honeste
1529 3467 1624 3517 pro
1653 3449 1879 3518 vulgari,
1909 3476 1931 3495 α
1955 3447 2170 3519 quando
2193 3467 2302 3501 rem

1292 3541 1465 3579 tecum
1496 3527 1689 3579 habere
1717 3529 1846 3580 vult.
1873 3556 1889 3572 -
1934 3530 2095 3590 Cave,
2129 3529 2307 3579 ultima

1293 3607 1451 3676 hujus
1499 3607 1790 3676 imperativi
1839 3607 2140 3677 corripitur.
2178 3605 2307 3658 vid.

1297 3688 1422 3737 Var.
1448 3685 1591 3738 Lect.
1616 3705 1771 3756 supra
1793 3684 1859 3737 ad
1890 3687 2067 3739 Carm.
2101 3685 2180 3748 X,
2215 3703 2310 3754 27.

1382 3764 1505 3816 153.
1542 3766 1618 3815 Ne
1644 3771 1843 3835 petitum
1877 3765 2067 3816 alismde
2104 3776 2211 3821 eat,
2244 3782 2311 3814 ne

1295 3844 1420 3896 alias
1466 3844 1709 3899 mulieres
1747 3843 2043 3897 exercende
2080 3841 2312 3895 libidinis

1299 3941 1453 3975 causa
1487 3921 1668 3986 adeat,
1699 3924 1825 3976 alibi
1862 3920 2122 3976 scortandi
2163 3940 2314 3975 oem-

1301 4003 1505 4054 sionem
1528 4004 1779 4071 exquirat.
