2986 4935
716 373 1159 451 CARMEN
1214 381 1680 449 XXXVIII.

2114 403 2250 472 127

346 519 601 585 Irascor
645 515 792 585 tibi.
834 517 944 584 Sic
979 538 1162 594 meos
1200 511 1499 581 amores?

351 621 643 691 Paullum
683 622 843 715 quid
877 620 1063 691 lubet
1097 619 1566 700 adlocutionis,

347 730 645 799 Moestius
685 726 970 797 lacrimis
1009 726 1423 796 Simonideis.

166 937 559 992 Drakenborch.
585 937 654 990 ad
685 939 802 991 Liv.
829 938 925 991 lib.
945 938 1056 1000 IX,
1083 943 1115 992 6
1136 974 1148 995 .

165 1017 298 1069 Tom.
323 1017 400 1081 11,
429 1036 547 1088 pag.
577 1019 684 1072 682
702 1056 718 1082 ,
739 1030 792 1070 et
819 1017 894 1070 sic
916 1036 1050 1088 saepe
1073 1019 1149 1068 al·

164 1096 274 1166 loqui
304 1110 374 1148 est
405 1097 682 1151 consolari.
711 1096 837 1149 vid.
860 1098 1029 1168 Vulp.
1063 1097 1149 1149 cui

164 1172 277 1226 adde
306 1175 498 1230 illustre
529 1177 832 1246 exemplum
859 1194 924 1228 ex
942 1176 1151 1229 Senecae

161 1253 332 1309 Troad.
350 1276 397 1309 v.
423 1261 532 1312 622
560 1275 574 1309 ε
608 1256 753 1307 Alios
772 1270 994 1327 parentes
1023 1256 1149 1307 allo-

162 1337 230 1402 qm‘
252 1339 296 1386 in
320 1335 442 1387 luem
470 1337 607 1387 decet
623 1355 642 1387 .·
677 1336 791 1387 Tibi
806 1336 1151 1405 gratulandum

160 1426 232 1464 cst.
270 1416 501 1487 intelligo
545 1428 721 1468 autem
761 1434 858 1486 per
895 1416 1150 1467 allocutio-

161 1509 246 1543 nem
270 1512 468 1548 carmen
495 1495 910 1549 consolatorium
937 1495 1010 1547 ob
1032 1513 1150 1547 ver-

159 1589 253 1625 sum
281 1574 534 1628 ultimum.

225 1656 271 1706 6.
313 1656 403 1705 Dic
445 1675 571 1706 meos
622 1673 802 1705 amores
854 1654 990 1705 male
1035 1654 1149 1705 vult

162 1728 310 1784 Heius.
331 1734 383 1784 in
409 1746 517 1788 not.
541 1730 612 1785 ad
635 1732 827 1786 Catull.
858 1733 1149 1785 —Totum

160 1808 278 1864 hunc
306 1832 508 1866 versum
530 1852 546 1878 ,
595 1832 763 1884 quum
806 1831 999 1864 nexum
1042 1831 1150 1865 non

160 1905 303 1957 posset
335 1893 562 1964 assequi,
610 1890 859 1945 audacter
899 1905 959 1944 ut
1001 1893 1152 1957 solet,

158 1970 306 2022 statim
326 1984 439 2043 post
461 1973 684 2026 tertium
707 1972 881 2043 posuit
901 1971 1148 2041 Scaliger.

157 2049 306 2101 —Sic
329 2072 446 2103 meos
465 2059 698 2105 amores?
721 2052 829 2103 scil.
858 2069 1045 2103 curare
1067 2070 1150 2102 so-

158 2125 230 2179 les.
244 2130 364 2183 Tam
381 2151 572 2203 parum
593 2150 747 2184 curas
771 2129 855 2194 id,
877 2129 1022 2201 quod
1045 2133 1153 2183 ani·

159 2224 280 2260 mum
299 2229 466 2264 meum
483 2211 719 2282 graviter
738 2210 932 2263 afficit?
953 2211 1154 2280 elegan-

159 2296 224 2337 ter
238 2300 395 2341 autem
412 2290 479 2343 ad
498 2293 613 2342 vim
635 2288 836 2342 doloris
853 2289 1151 2360 exprimen-

154 2362 257 2419 dam
281 2370 492 2423 verbum
517 2370 810 2422 omittitur·
841 2369 1043 2421 Amores
1067 2387 1149 2422 ac·

155 2444 273 2516 cipio
296 2445 358 2501 de
379 2469 560 2503 amore
588 2470 621 2503 a
645 2450 820 2520 puella
846 2448 1048 2520 perfida
1076 2450 1154 2501 in-

157 2536 384 2597 terruptO,
404 2529 648 2600 adeoque
679 2530 891 2581 infelici.
916 2530 1152 2582 Fortasse

155 2608 272 2658 euim
306 2611 475 2662 omnis
503 2608 668 2662 dolor
695 2609 890 2662 Catulli
923 2611 1152 2679 pertinet

154 2682 208 2736 ad
235 2687 498 2755 perfidiam
526 2689 750 2760 puellm,
775 2706 933 2758 quam
961 2689 1150 2740 carmi-

152 2781 207 2815 ne
229 2775 481 2837 superiore
519 2788 549 2820 a
588 2788 647 2820 se
677 2768 732 2819 in
771 2769 1037 2820 tabernam
1073 2786 1150 2819 se-

154 2845 329 2897 cessisse
347 2848 433 2901 ait.
453 2849 668 2900 Amores
689 2866 823 2918 saepe
847 2858 987 2910 sunt,
1005 2845 1148 2917 quod

151 2941 230 2975 nos
247 2922 463 2979 dicimus
483 2926 576 2980 die
600 2927 921 2979 Liebschaft.
948 2927 1035 2979 Cf.
1059 2945 1155 2977 nos

151 3000 206 3052 ad
230 3003 394 3059 Carm.
414 3008 495 3072 X,
528 3025 575 3059 1.
597 3006 835 3076 Vulpius
865 3006 1059 3075 cogitat
1085 3004 1152 3056 de

152 3097 433 3150 praematura
474 3098 660 3139 morte
695 3086 904 3146 fratris,
941 3084 1008 3137 de
1045 3103 1152 3154 quo

152 3160 243 3213 vid.
268 3166 439 3217 Carm.
461 3166 730 3217 LXVIII.
745 3196 824 3205 -—
839 3165 958 3217 Jan.
979 3166 1152 3216 Dousa

156 3258 259 3293 neos
275 3263 448 3296 amores
477 3244 548 3297 de
570 3244 867 3298 Cornificio
897 3244 1151 3314 interpre-

150 3330 286 3386 tatur,
302 3343 407 3376 non
428 3322 785 3396 spernendus.
805 3331 887 3375 An
912 3342 1017 3374 nou
1040 3342 1155 3393 pos·

149 3399 205 3450 sit
229 3401 292 3453 ita
325 3422 541 3474 quoque
572 3404 727 3454 locus
752 3402 1017 3472 explanari
1041 3420 1056 3453 ε
1085 3405 1153 3452 sic

149 3498 251 3531 meos
272 3482 320 3534 in
341 3496 392 3536 te
412 3504 605 3535 amores
630 3481 1021 3533 remuneratis?
1047 3482 1115 3533 N.

217 3578 263 3627 7.
288 3563 511 3615 Paullum
540 3561 669 3635 quid
687 3560 816 3611 lubet
837 3561 1045 3613 adlocut.
1065 3563 1155 3612 In·

149 3648 382 3708 tea-pretor
421 3644 607 3696 locum
654 3640 834 3711 paullo
873 3642 1155 3693 obscurum

147 3728 190 3766 et
206 3718 519 3791 implicitum
544 3722 657 3783 sic:
689 3720 817 3771 lubet
838 3731 967 3790 opto
995 3735 1048 3773 et
1069 3717 1157 3771 de-

145 3794 296 3850 sidero
310 3802 533 3870 paullum
560 3799 689 3873 quid
711 3799 1000 3851 adlocution.
1026 3800 1155 3851 Bre-

147 3894 241 3928 vem
291 3878 677 3933 tantummodo
722 3878 1156 3940 consolationem,

1237 938 1398 989 breve
1415 953 1625 989 carmen
1645 936 2053 988 consolatorium
2067 974 2086 1008 ,
2111 935 2257 1009 quod

1240 1021 1444 1067 moestius
1472 1016 1537 1067 sit
1568 1016 1776 1066 lacrimis
1806 1015 2088 1068 Simonideis
2106 1058 2121 1079 ,
2156 1017 2257 1069 mi-

1238 1094 1480 1148 serabiles
1511 1106 1562 1147 et
1594 1094 1793 1146 flebiles
1823 1095 1994 1165 elegos
2026 1094 2256 1148 Simoni·

1238 1173 1320 1226 dis
1338 1174 1876 1244 superet.-—Paullum
1898 1175 2018 1245 quid
2029 1175 2111 1227 vel
2134 1177 2264 1247 quod

1237 1253 1292 1305 in
1323 1252 1643 1324 quibusdam
1671 1266 1799 1307 vett.
1826 1255 2054 1307 Paullum
2080 1257 2265 1324 quidli-

1238 1333 1314 1384 bet
1333 1333 1541 1405 Grypb.
1563 1334 1757 1386 Muret.
1779 1347 1832 1386 et
1853 1334 1958 1391 alii,
1989 1333 2134 1405 quod
2155 1336 2262 1387 for-

1238 1425 1367 1465 tasse
1394 1413 1466 1464 sic
1495 1412 1745 1484 explicari
1773 1426 1971 1483 potest,
1999 1425 2060 1466 ut
2085 1415 2262 1466 subin·

1238 1492 1503 1562 telligatur
1516 1495 1813 1558 satkfieisset
1828 1495 1913 1546 vel
1928 1494 2000 1546 sic
2018 1510 2031 1545 ε
2042 1495 2260 1564 paullum

1236 1573 1470 1642 quidlibet
1499 1574 1800 1625 allocutionis
1829 1591 1856 1624 a
1884 1585 1934 1625 te
1963 1574 2260 1643 profectum

1236 1651 1455 1703 Moestae'us
1469 1652 1646 1705 fuisset
1659 1654 1868 1703 lacrimis
1879 1653 2260 1705 Simonideis.—

1238 1731 1468 1783 Paullum
1506 1733 1638 1803 quod
1652 1736 1793 1802 juvet
1820 1732 2038 1784 Vossius
2067 1752 2260 1804 appro-

1237 1810 1398 1863 bante
1429 1811 1608 1864 Heius.
1641 1812 1694 1864 in
1728 1825 1838 1865 not.
1871 1810 1935 1864 ad
1963 1812 2155 1865 Catull.
2179 1831 2259 1858 -ι-

1238 1891 1469 1943 Voculas
1498 1892 1618 1961 quid
1641 1893 1770 1944 lubet
1788 1933 1801 1953 ‚
1834 1911 1936 1944 una
1958 1911 2086 1944 voce
2113 1911 2259 1945 com-

1236 1970 1424 2040 plicari
1453 1971 1634 2023 malim
1652 2009 1667 2036 ,
1695 1983 1747 2023 et
1778 1972 1851 2023 sic
1876 1971 2095 2040 paullum
2121 1972 2260 2042 quc'd-

1237 2050 1353 2100 lc'bet
1379 2050 1602 2120 intelligi
1626 2049 1909 2103 subaudito
1932 2051 1997 2102 da
2017 2053 2151 2114 mihi,
2183 2053 2258 2117 uf·

1226 2131 1311 2194 ser
1342 2145 1356 2181 ε
1389 2142 1439 2180 te
1472 2148 1658 2198 precor
1689 2141 1749 2181 ut
1779 2130 1908 2183 mihi
1940 2129 2032 2184 des
2057 2129 2257 2202 aliquid

1239 2206 1591 2260 adlocutionis
1608 2245 1624 2273 ,
1651 2208 1967 2280 quantulum
1999 2223 2052 2263 et
2076 2211 2254 2281 quale-

1238 2306 1447 2358 cunque
1473 2289 1555 2340 sit.
1578 2288 1645 2340 N.

1320 2370 1376 2420 8.
1408 2370 1640 2420 Lacrima·
1677 2370 1853 2439 paullo
1885 2369 2158 2422 sublimius
2188 2368 2256 2423 de

1238 2447 1574 2512 carminibuS,
1606 2467 1725 2518 quae
1754 2449 1995 2503 lacrimas
2026 2463 2256 2504 movent.

1240 2527 1569 2580 Simonidem
1603 2545 1775 2581 autem
1819 2528 2108 2583 scribendis
2142 2550 2259 2584 carr

1237 2606 1470 2658 minibus
1487 2628 1702 2678 operam
1718 2607 2020 2674 dedi-meae]
2037 2629 2098 2662 ex
2113 2610 2255 2663 Phae-

1238 2683 1322 2737 dri
1347 2687 1538 2738 fabulis
1558 2701 1746 2740 notum
1767 2702 1862 2753 est;
1888 2690 2113 2741 multum
2132 2709 2261 2760 prae-

1239 2766 1393 2835 cipue
1417 2767 1635 2819 valuisse
1660 2766 1869 2820 videtur
1897 2769 1951 2818 in
1978 2769 2264 2822 tractandis

1240 2846 1397 2896 rebus
1416 2846 1753 2916 lugubribus,
1782 2859 1831 2898 et
1856 2848 2086 2899 molliori
2109 2868 2261 2901 sensu

1241 2924 1519 2981 excilando
1539 2962 1554 2987 ,
1580 2938 1639 2978 ut
1666 2925 1754 2978 hic
1780 2925 1892 2995 ipse
1917 2927 2094 2978 Nostri
2116 2930 2263 2980 locus

1240 3001 1412 3057 docet.
1449 3005 1586 3057 Hinc
1628 3005 1873 3057 laudatur
1912 3002 2169 3075 Σιμονίὸης
2214 3011 2260 3059 ἐν

1239 3085 1416 3153 θρήνοις
1441 3083 1582 3154 apud
1601 3085 1873 3136 Scholiast.
1895 3085 2165 3138 Theocrit.
2189 3085 2259 3142 ad

1240 3161 1399 3233 Idyll.
1439 3164 1606 3227 XVI,
1644 3166 1732 3217 36.
1763 3162 1889 3215 vid.
1931 3163 1998 3216 de
2041 3165 2268 3220 Simoni-

1241 3241 1308 3293 de
1369 3243 1693 3295 Munckerus
1757 3241 1824 3295 ad
1880 3243 2076 3315 Hygin.
2134 3245 2260 3299 Fab.

1242 3321 1626 3388 CCLXXVII,
1662 3323 1878 3387 Burni,
1935 3325 2266 3377 Dictionnaioe

1243 3401 1523 3472 Histoi-ique
1552 3414 1598 3452 et
1619 3401 1831 3472 Critique
1850 3422 1888 3456 s,
1908 3403 1964 3455 h.
1984 3422 2036 3456 V.
2060 3417 2112 3457 et
2133 3424 2267 3475 quos

1243 3478 1421 3533 laudat
1447 3479 1515 3533 de
1545 3484 1822 3551 ἐγκωμίοις,
1856 3502 1975 3553 quae
1999 3483 2261 3538 Simonidi

1245 3560 1553 3612 tribuuntur
1569 3600 1583 3625 ,
1598 3562 1914 3631 Wesseling.
1940 3561 2022 3614 ed.
2046 3563 2263 3618 Diodor.

1244 3639 1404 3691 Sicul.
1424 3640 1487 3690 Τ.
1518 3642 1572 3703 1,
1594 3660 1648 3711 p.
1678 3648 1743 3704 41
1760 3661 1809 3693 a.
1835 3667 1945 3688 -ι
1968 3641 2069 3694 Sed
2093 3663 2159 3694 ne
2181 3663 2263 3696 re·

1246 3718 1411 3779 lictis,
1444 3737 1592 3771 musa
1617 3739 1843 3790 procax,
1873 3722 2004 3790 jocis
2038 3722 2150 3773 Ceoe
2182 3742 2262 3775 re·

1245 3809 1433 3851 tractes
1463 3817 1679 3852 munera
1707 3804 1907 3853 κωπίω»
1923 3841 1936 3853 .
1956 3801 2137 3853 Horat.
2158 3802 2264 3856 Od.

1243 3878 1331 3940 11,
1365 3877 1553 3942 2‚36.
1582 3879 1647 3930 N.
