2986 4935
796 469 1249 548 'CARMEN
1306 478 1687 548 LXVIII.

2162 480 2301 552 321

267 617 497 703 QUOD
538 611 738 695 mihi,
785 612 1050 680 fortuna
1095 635 1385 704 casuque
1429 637 1785 707 oppressus
1829 615 2111 703 acerbe,

385 719 856 814 Conscriptum
897 718 1028 786 hoc
1071 716 1356 786 lacrimis
1395 721 1602 787 mittis
1646 719 2063 814 epistolium,

266 827 694 920 Naufragum
733 840 809 894 ut
848 824 1132 917 ejectum
1169 826 1630 917 spumantibus
1661 829 1942 919 aequoris
1977 828 2171 898 undis

383 932 776 1018 Sublevem,
818 946 887 999 et
923 954 963 998 a
1003 933 1236 999 mortis
1273 929 1499 999 limine
1535 934 1916 1019 restituam3

264 1043 495 1131 Quem
536 1064 752 1132 neque
788 1051 1011 1107 sancta
1039 1040 1266 1106 Venus
1309 1036 1487 1105 molli
1523 1040 1933 1131 requiescere
1971 1067 2204 1111 somno
2288 1075 2309 1110 ⁵

380 1151 738 1216 Desertum
781 1148 846 1212 in
892 1143 1063 1212 lecto
1102 1142 1333 1213 coelibe
1374 1147 1777 1238 perpetitur;
1847 1213 1854 1216 ,

264 1254 419 1336 Nec
458 1266 758 1321 veterum
804 1249 980 1319 dulci
1024 1252 1425 1344 scriptorum
1461 1253 1753 1319 carmine
1791 1256 1997 1322 Musae

383 1358 776 1444 Oblectant,
806 1383 1012 1451 quum
1052 1382 1239 1424 mens
1276 1358 1468 1425 anxia
1498 1358 1883 1451 pervigilat3

266 1467 354 1536 Id
385 1481 647 1561 gratum
677 1479 776 1533 est
806 1464 1006 1550 mihi,
1042 1488 1148 1532 me
1188 1465 1501 1556 quoniam
1547 1464 1666 1532 tibi
1700 1464 1886 1533 ducis
1931 1468 2214 1536 amicum
2237 1522 2256 1556 ,

382 1577 793 1666 Muneraque
828 1585 895 1639 et
925 1573 1269 1638 Musarum
1305 1569 1459 1638 hinc
1495 1572 1663 1664 petis
1700 1586 1767 1639 et
1797 1575 2093 1642 Veneris.
2262 1618 2310 1642 lo

244 1782 292 1811 ι.
332 1757 476 1826 Quid
505 1756 561 1808 in
593 1769 819 1827 quatuor
856 1755 1009 1809 MSS.
1047 1757 1190 1807 Sant.

147 1870 235 1881 -—-
298 1838 418 1906 Quo
477 1856 542 1888 ex
607 1855 716 1887 uno
782 1837 989 1906 profert
1037 1836 1187 1886 Voss.

148 1931 455 1987 utrumque
524 1916 659 1966 male
692 1935 706 1978 ;
781 1915 977 1968 evincit
1047 1916 1189 1966 enim

145 2009 399 2050 nostram
460 1995 740 2047 lectionem
814 2014 946 2047 vers.
1006 2015 1056 2061 9.
1111 2026 1190 2035 —

152 2078 392 2148 Castaque
429 2095 538 2146 opp.
580 2075 749 2126 acerbo
776 2092 788 2126 :
823 2074 1015 2126 amoris
1040 2112 1056 2138 ‚
1103 2075 1189 2125 cui

144 2156 341 2210 adhuc
380 2155 695 2219 indulserat,
727 2154 984 2207 fructibus
1013 2155 1188 2224 priva·

144 2249 277 2289 tum
318 2235 478 2288 fuisse
513 2237 619 2287 hoc
656 2236 847 2286 acerbo
887 2253 1008 2285 casu
1036 2235 1189 2286 Man·

141 2317 320 2380 lium,
350 2327 571 2386 apparet
598 2333 660 2366 ex
686 2333 736 2367 v.
766 2319 817 2366 6.
843 2314 1072 2366 Multum
1101 2333 1191 2367 au·

140 2409 266 2449 tem
299 2394 557 2459 suadent,
588 2407 647 2446 ut
683 2413 805 2446 cum
836 2393 1097 2464 Scaligero
1138 2407 1189 2445 ct

139 2476 372 2546 Vulpio
406 2475 475 2528 de
513 2474 786 2528 inimicitia
839 2474 1013 2544 potius
1051 2476 1190 2526 inter

135 2556 422 2609 Manlium
481 2567 533 2607 et
580 2557 693 2625 ejus
757 2553 979 2605 amicam
1033 2567 1148 2605 orta
1172 2592 1186 2613 ‚

135 2654 320 2708 quam
343 2654 470 2688 cum
492 2634 775 2686 Parthenio
791 2632 858 2684 de
876 2634 988 2702 ejus
1008 2635 1185 2684 uxoris

132 2716 316 2769 Jujiae
360 2727 531 2767 morte
568 2714 876 2782 cogitemus,
910 2713 997 2764 Sic
1034 2714 1185 2764 Man-

131 2797 258 2849 lius
297 2814 351 2845 v.
385 2794 416 2846 3
437 2832 453 2858 ,
484 2790 677 2845 dicitur
707 2794 1000 2860 naufragus,
1043 2791 1186 2844 haud

131 2875 352 2931 dubie,
387 2871 535 2944 quod
560 2873 615 2925 in
640 2891 819 2924 amore
840 2873 1029 2924 fecerat
1056 2892 1184 2925 nau-

126 2956 417 3026 fragium,
458 2952 512 3005 h.
555 2972 600 3004 e.
647 2953 894 3022 expulsus
939 2952 1105 3003 fuerat
1155 2972 1185 3004 a

125 3035 355 3108 puella.
386 3033 531 3096 Nec,
559 3044 618 3084 ut
647 3032 747 3083 alia
770 3044 998 3091 taceam,
1032 3032 1183 3082 Man-

124 3118 288 3169 lium
338 3111 411 3165 de
460 3124 633 3164 morte
687 3113 863 3163 uxoris
916 3109 1182 3163 dolentem

125 3212 352 3249 munera
389 3192 589 3244 Veneris
625 3211 655 3243 a
689 3191 901 3243 Catullo
933 3190 1141 3260 petiisse
1164 3228 1180 3254 ‚

124 3276 307 3329 facile
334 3272 433 3325 tibi
452 3269 783 3343 persuadeas.

230 3374 293 3407 2.
321 3353 637 3422 Conspersum
668 3350 785 3404 vult
823 3348 1181 3415 Schraderu33

124 3434 240 3489 aed
270 3433 399 3504 quis
429 3450 539 3483 non
570 3431 756 3494 sentit,
783 3430 949 3482 multo
975 3430 1186 3500 gravius

123 3534 258 3569 aue
288 3514 650 3581 conscriptum?
672 3541 740 3553 --
776 3511 888 3561 Hoc
932 3510 1183 3561 omissum

124 3609 222 3648 est
260 3594 322 3646 in
358 3589 491 3643 edit.
520 3591 716 3642 Muret.
745 3620 825 3632 --
845 3590 984 3652 Hoc,
1027 3589 1184 3657 hujus

122 3671 484 3745 argumenti,
505 3670 561 3721 in
587 3689 695 3740 quo
728 3670 831 3721 hoc
856 3669 1102 3740 postulas.

226 3753 290 3805 3.
318 3751 577 3819 Natali-agi
594 3749 817 3818 conjecit
842 3748 1109 3809 Heinsius,
1127 3760 1184 3798 ut

120 3833 213 3888 ad
238 3833 460 3904 aequon’s
477 3830 749 3882 reseratur.
766 3829 871 3880 Pro
896 3839 951 3878 ut
970 3828 1105 3879 male
1128 3826 1182 3877 in

118 3911 431 3968 nonnullis
454 3922 516 3961 et.

226 4000 285 4054 ά.
332 3992 625 4043 Restituam.
668 3987 908 4039 Imitatus
951 4000 1028 4039 est
1076 3986 1184 4037 No-

122 4087 322 4128 strum
344 4108 362 4135 ‚
415 4082 473 4122 ut
510 4069 718 4121 monuit
752 4070 859 4137 jam
911 4067 1150 4118 Muretus
1172 4105 1186 4129 ,

122 4151 417 4222 Virgilius
443 4150 501 4201 in
532 4147 696 4201 culice
725 4167 774 4197 v.
813 4146 944 4199 223.
972 4146 1188 4209 «Quum

1279 1769 1330 1807 te
1362 1756 1584 1807 Restitui
1618 1756 1821 1827 superis
1853 1756 1942 1808 leti
1967 1759 2074 1827 jam
2120 1758 2306 1810 limine

1277 1836 1344 1886 ab
1372 1836 1507 1905 ipso.
1533 1861 1554 1880 ι·

1360 1915 1407 1966 5.
1431 1916 1611 1967 Sancta
1644 1916 1807 1966 Venus
1827 1936 1844 1966 .·
1872 1915 2013 1967 conf.
2050 1935 2206 1987 supra
2234 1915 2302 1970 ad

1278 1993 1453 2046 Carni.
1487 1995 1755 2056 XXXVI,
1790 1994 1840 2046 3.

1379 2079 1432 2125 6.
1486 2076 1534 2125 T
1532 2076 1720 2124 kalamo
1766 2094 1865 2145 pro
1915 2075 2035 2124 lecto
2080 2075 2134 2125 in
2173 2075 2300 2128 edit.

1278 2153 1406 2205 Stat.
1433 2153 1575 2204 haud
1609 2153 1770 2206 dubie
1799 2172 1868 2204 ex
1891 2172 2083 2205 errore.
2101 2187 2180 2195 —
2197 2157 2300 2206 De-

1276 2246 1449 2285 sermm
1477 2236 1528 2283 in
1553 2235 1673 2284 lecto
1699 2227 1860 2284 caelibe
1880 2274 1893 2296 ,
1925 2233 2095 2284 solum
2127 2247 2177 2285 et
2205 2232 2299 2287 de·

1276 2315 1515 2365 relictum
1549 2315 1600 2365 in
1647 2315 1780 2365 lecto
1818 2312 1979 2363 viduo
2017 2325 2068 2363 et
2102 2332 2304 2378 vacuo;

1274 2393 1483 2462 plenius
1503 2412 1601 2463 pro
1621 2399 1669 2446 in
1689 2394 1808 2444 lecto
1826 2393 2025 2444 deserto.
2048 2392 2133 2445 Sic
2146 2394 2299 2446 cubile

1275 2474 1505 2525 desertum
1528 2494 1576 2526 v.
1612 2495 1698 2541 29.

1358 2558 1410 2608 8.
1437 2556 1700 2624 Pet-vigilet
1724 2556 1861 2606 male
1887 2554 2133 2624 Scaliger.

1358 2654 1410 2701 9.
1437 2635 1577 2686 Dicis
1609 2636 1662 2687 in
1693 2635 1904 2704 triginta
1934 2633 2207 2687 codicibus
2249 2648 2301 2689 et

1274 2712 1421 2765 editt.
1478 2728 1703 2785 quatuor
1753 2715 2017 2784 prioribus
2074 2714 2298 2767 offendit

1274 2793 1567 2846 SanteniuS.
1597 2795 1765 2864 Magis
1785 2791 2000 2864 quidem
2024 2793 2221 2847 arridet
2244 2809 2295 2847 et

1273 2876 1442 2925 multo
1461 2874 1859 2925 convenientior
1885 2871 2097 2923 videtur
2118 2888 2296 2927 nostra

1270 2952 1424 3004 lectio
1451 2952 1613 3016 ducis,
1653 2971 1811 3023 quain
1843 2951 2046 3021 primus
2077 2953 2300 3021 Calpur·

1270 3033 1389 3083 nius
1411 3033 1671 3101 vulgavit,
1698 3030 1788 3082 sed
1808 3029 1949 3081 haud
1969 3031 2145 3099 inepte
2163 3052 2291 3101 quo·

1272 3131 1374 3181 que
1420 3113 1668 3181 explicari
1706 3123 1874 3181 potest
1919 3129 1990 3160 me
2032 3112 2150 3160 dicis·
2191 3130 2291 3181 pro

1279 3218 1299 3237 «
1339 3210 1423 3241 me
1472 3190 1737 3254 declaras,
1783 3210 1867 3241 me
1912 3189 2194 3259 alloqueris
2236 3205 2291 3243 ut

1272 3284 1423 3322 tuum
1464 3272 1695 3322 amicum
1741 3270 1797 3320 in
1838 3269 1936 3321 hac
1975 3270 2226 3341 epistola3
2262 3296 2283 3315 ι

1273 3351 1489 3401 confusa
1514 3364 1686 3401 autem
1716 3362 1834 3400 sunt
1862 3349 2143 3401 sexcenties
2169 3370 2197 3401 a
2234 3351 2294 3401 li·

1271 3430 1459 3482 brariis
1485 3431 1639 3481 dicere
1669 3442 1719 3481 et
1742 3430 1924 3480 ducere.
1956 3430 2111 3481 Conf.
2136 3449 2294 3500 supra

1272 3510 1396 3560 Var.
1435 3511 1578 3563 Lect.
1624 3508 1690 3561 ad
1730 3510 1906 3561 Carni.
1933 3509 2098 3572 VIII,
2138 3516 2191 3572 4.
2215 3545 2295 3556 -

1278 3589 1504 3642 Gratum.
1558 3615 1580 3634 ε
1609 3591 1708 3640 Ista
1749 3588 1934 3639 veritas
1979 3588 2179 3639 etiamsi
2204 3592 2292 3657 ju·

1274 3668 1432 3720 cunda
1469 3688 1577 3720 non
1630 3670 1725 3728 sit,
1762 3667 1890 3719 mihi
1930 3680 2103 3719 tamen
2145 3681 2293 3735 grata

1274 3761 1364 3799 est.
1396 3773 1414 3792 n
1436 3749 1547 3800 Cic.
1575 3750 1640 3799 N.

1362 3846 1447 3878 ιο.
1481 3829 1556 3877 Et
1588 3826 1753 3898 priori
1785 3827 1906 3878 loco
1939 3825 2188 3876 omissum
2222 3838 2297 3878 est

1276 3907 1329 3957 in
1357 3905 1555 3959 Codice
1575 3908 1767 3958 Hamb.
1792 3920 1841 3956 et
1870 3904 2064 3956 Charta
2088 3906 2298 3974 ΗΕΒ.-

1277 3989 1345 4037 At
1371 3987 1422 4037 in
1466 3987 1749 4057 exemplari
1791 3984 1925 4035 Bibl.
1968 3982 2115 4036 Leid.
2161 3998 2301 4036 totus

1279 4084 1453 4117 versus
1472 4065 1664 4135 legitur
1681 4066 1753 4116 sic
1770 4102 1785 4123 ‚
1812 4064 2018 4115 Munera
2038 4064 2311 4115 Musarum.

1279 4167 1366 4216 que
1408 4147 1515 4195 hinc
1539 4149 1661 4213 petis
1695 4146 1802 4194 hinc
1832 4143 1884 4194 V
1882 4147 2047 4196 enen-is.
2070 4175 2145 4186 -
2173 4145 2306 4195 Hine

1901 4277 1984 4321 21
