2986 4935
819 411 1261 482 CARMEN
1315 418 1516 485 LXI.

534 538 738 632 Perge
777 537 1074 633 linquere
1109 543 1406 638 Thespiae

532 644 738 737 Rupis
780 648 1019 716 Aonios
1061 673 1335 742 specuS,

535 750 836 843 Lympha
869 777 1034 845 quos
1068 779 1265 849 super
1306 760 1548 853 inrigat

533 856 875 948 Frigerans
916 860 1253 954 Aganippe
1288 887 1302 928 ε
1365 890 1370 894 ’
2183 909 2234 945 3..

735 964 831 1030 Ac
868 964 1140 1032 domum
1179 967 1515 1039 dominam
1555 996 1753 1054 voca,

530 1066 848 1159 Conjugis
883 1070 1192 1164 cupidam
1232 1076 1386 1141 novi
1587 1080 1591 1084 ’

529 1172 824 1240 Mentem
868 1198 1094 1245 amore
1136 1179 1534 1266 revinciens,

535 1279 629 1344 Ut
671 1291 866 1348 tenax
901 1280 1146 1350 hedera
1182 1283 1313 1353 huc
1349 1300 1416 1353 et
1452 1288 1583 1355 huc

2087 451 2220 523 ¹77

531 1382 856 1452 Arborem
895 1386 1191 1480 implicat
1228 1395 1474 1459 'errans
2180 1431 2232 1470 ³⁵

131 1590 244 1654 sen-e
279 1587 475 1644 dictum
515 1605 619 1657 αἱ,
658 1608 718 1648 ut
764 1597 932 1665 pedem
971 1600 1124 1663 serre.

212 1688 290 1737 ²7·
322 1671 478 1738 Perge
518 1674 726 1746 linquere
758 1675 815 1727 h.
857 1695 904 1728 e.
944 1677 1126 1748 linque

139 1746 233 1799 sine
247 1768 401 1802 mora.
413 1751 691 1823 Eleganter
702 1754 842 1806 enim
858 1758 913 1806 τὸ
927 1776 1127 1826 pergere

141 1825 364 1882 inservire
406 1831 536 1883 solet
579 1832 906 1902 periphrasi,
955 1854 1123 1905 quum

141 1923 286 1958 sermo
309 1923 381 1962 at
403 1907 471 1961 de
500 1910 685 1975 rebus,
705 1931 821 1982 quoe
851 1915 1124 1968 confestim

141 1996 185 2035 et
207 1988 336 2041 unua
364 1989 673 2059 interposita
705 2009 854 2044 mora
881 1991 997 2045 fieri
1034 1992 1125 2046 de-

143 2063 261 2118 bent.
279 2098 354 2108 —-
378 2069 550 2139 Thesp.
573 2089 677 2139 rup.
704 2072 838 2123 Aon.
856 2091 980 2140 spe-c.
1003 2074 1055 2125 h.
1078 2093 1124 2126 e.

144 2140 416 2198 Heliconem
433 2185 450 2212 ,
497 2148 590 2217 qui
645 2167 675 2201 a
729 2151 943 2220 Thespiis
997 2154 1126 2204 urbe

142 2221 352 2288 Boeotia,
375 2227 608 2279 molliter
634 2246 898 2300 assurgere
919 2231 1123 2301 incipit.

147 2299 252 2355 vid.
282 2306 420 2357 Voss.
449 2305 594 2360 unde
629 2307 791 2360 Musoe
823 2307 973 2362 dictae
1005 2325 1128 2363 sunt

147 2381 420 2452 Thespiades.
997 2397 1000 2402 ’

211 2481 289 2532 ²9·
329 2466 388 2516 In
429 2464 547 2517 aliis
593 2465 819 2537 Nympha
853 2486 867 2520 :
908 2469 1127 2522 infinitis

140 2552 288 2595 autem
332 2545 385 2595 in
432 2545 566 2598 locis
608 2564 762 2598 voces
801 2549 1025 2619 Nympha
1077 2562 1129 2601 et

142 2620 329 2691 Lympha
351 2642 383 2676 a
415 2624 646 2677 librariis
676 2644 772 2694 pro
796 2628 964 2679 lubitu
986 2646 1126 2679 com·

142 2713 324 2754 mutata
346 2702 629 2756 sunt.Vid.
652 2724 784 2775 quos
803 2705 981 2759 laudat
1000 2709 1130 2758 Dra-

141 2778 381 2833 dabomh.
401 2782 468 2835 ad
497 2782 593 2835 Sil.
614 2784 779 2837 Italic.
811 2787 916 2846 XI,
944 2805 1028 2838 20.
1051 2818 1128 2827 —-

143 2858 331 2927 Lympha
352 2882 466 2934 quos
487 2883 596 2933 sup.
620 2876 716 2915 etc.
741 2865 795 2917 h.
820 2883 865 2917 e.
890 2884 1023 2936 quos
1041 2864 1129 2916 de·

141 2955 274 3009 super
299 2954 502 2995 rorante
537 2961 678 3010 aqua
710 2942 900 3015 frigida
938 2944 1127 2996 hume·

142 3029 226 3069 ctat
250 3019 356 3071 lons
382 3022 681 3091 Aganippe.

207 3096 281 3149 31.
300 3099 388 3151 Ad
398 3102 594 3152 domum
612 3099 665 3151 in
682 3101 1014 3171 quibusdam.
1031 3102 1131 3155 Sae·

142 3175 323 3243 pissime
363 3179 586 3250 quidem
622 3182 820 3233 voculae
869 3183 937 3233 ad
978 3195 1030 3234 et
1073 3203 1131 3234 ac

143 3256 340 3310 confusoe
369 3272 490 3312 sunt
527 3279 562 3311 a
600 3259 930 3314 librariorum
966 3261 1129 3330 negli-

142 3335 316 3402 gentia,
352 3337 498 3409 quod
540 3338 723 3390 multis
755 3340 1005 3412 exemplis
1044 3342 1131 3392 Li·

145 3413 282 3466 viauia
305 3414 457 3470 docet
497 3417 885 3471 Drakenborch.
915 3418 983 3471 ad
1014 3420 1127 3471 Liv.

144 3490 196 3544 Τ.
217 3494 315 3553 111,
337 3517 388 3567 p.
420 3503 535 3560 420
554 3535 572 3560 ‚
595 3496 684 3548 sed
703 3516 847 3550 nunc
866 3518 923 3548 ac
945 3499 1129 3550 domm

143 3570 264 3623 hand
291 3574 446 3627 dubie
482 3575 712 3647 genuina
746 3589 819 3628 est
854 3578 1026 3629 lectio.
1055 3609 1135 3620 -

144 3649 210 3699 Ac
237 3652 414 3706 doraum
447 3656 695 3707 dommm
725 3675 863 3707 voca.
902 3655 1137 3709 Suaviter

141 3728 229 3795 jam
267 3750 395 3785 nova
439 3748 609 3805 nupta
649 3748 865 3787 vocatur
910 3736 1130 3798 domina,

143 3823 231 3875 quo
268 3811 476 3879 quidem
523 3810 724 3867 blando
770 3814 983 3866 nomine
1029 3828 1135 3866 tam

143 3888 304 3954 puella
320 3892 374 3943 in
395 3910 452 3943 re
468 3892 754 3955 amatoria,
775 3910 931 3962 quam
954 3911 1139 3945 uxores

144 3978 185 4015 et
219 3981 458 4022 matrone
493 3969 811 4040 gaudebant.
840 3972 974 4024 Hinc
1014 3973 1140 4043 Epi-

144 4052 241 4095 (·ιεί.
277 4047 546 4102 Euchirid.
585 4068 700 4120 cap.
736 4050 863 4111 XL,
903 4070 957 4120 p.
999 4054 1139 4120 159,

1214 1600 1339 1653 edit.
1364 1602 1517 1673 Heyn
1547 1622 1561 1656 ε
1603 1632 1624 1653 ι
1647 1610 1698 1659 αἱ
1723 1613 1945 1677 γυναῖκες
1973 1614 2102 1675 εὐθὺς
2134 1618 2232 1670 ἀπὸ

1214 1680 1675 1752 τισσσιρεσκαίὸικα
1711 1689 1859 1753 trev,
1887 1692 1981 1744 ὑπὸ
2018 1702 2110 1746 τῶν
2148 1699 2232 1749 ἂν·

1212 1755 1340 1829 δρῶν
1364 1764 1520 1832 >cupiat
1545 1772 1824 1819 καλοῦνται.
1845 1795 1866 1815 1·
1896 1772 2051 1823 Conf.
2073 1775 2233 1845 Span-

1214 1839 1333 1891 hem.
1356 1839 1423 1891 de
1447 1860 1541 1893 usu
1568 1857 1618 1894 et
1637 1844 1811 1898 Praest.
1835 1849 1996 1903 Num.
2020 1852 2231 1908 Dissert.

1217 1918 1338 1979 XII,
1357 1939 1409 1990 p.
1437 1923 1569 1989 487.
1597 1922 1756 1975 Cet-da
1774 1925 1840 1977 ad
1853 1928 1999 1998 Virg.
2028 1935 2231 1988 AEneid.

1216 1997 1327 2057 vl,
1358 2000 1491 2067 397,
1525 2015 1575 2052 et
1603 2003 1880 2058 Riteershus.
1902 2007 1967 2059 ad
2000 2011 2230 2082 Oppian.

1216 2077 1413 2147 Cyneg.
1437 2081 1489 2138 Ι,
1516 2086 1564 2140 4.
1584 2103 1662 2114 ·-·
1684 2082 1887 2135 Partem
1916 2088 2110 2142 rituum
2139 2111 2235 2144 nu-

1213 2156 1468 2223 ptialium.
1491 2177 1595 2227 qua
1620 2162 1790 2226 uxori,
1808 2162 2083 2233 hymenaeo
2109 2189 2231 2223 con-

1212 2236 1455 2297 clamato,
1472 2236 1691 2290 domum
1714 2240 1928 2294 intranti
1945 2246 2113 2300 claves
2132 2263 2233 2302 tra·

1214 2312 1475 2366 debantur
1491 2353 1507 2376 ,
1524 2318 1668 2386 quasi
1690 2318 1943 2373 indicium
1965 2330 2160 2399 accepti
2176 2330 2228 2381 in

1215 2392 1462 2444 familiam
1484 2393 1734 2458 dominii,
1761 2400 1996 2454 Catullus
2020 2410 2228 2476 poetico

1212 2486 1400 2525 ornatu
1429 2475 1682 2543 significat
1702 2516 1717 2541 ‚
1744 2498 1840 2531 nec
1868 2494 2042 2536 tamen
2070 2490 2229 2541 verba

1212 2552 1441 2604 solennia
1463 2555 1671 2608 omittit.
1697 2557 1762 2608 N.

1297 2633 1387 2683 33.
1418 2633 1628 2685 Mentem
1658 2656 1814 2688 amore
1846 2645 2016 2695 tevine.
2045 2658 2141 2698 etc.
2174 2648 2226 2700 h.

1215 2728 1260 2761 e.
1291 2710 1526 2763 animum
1553 2716 1663 2781 ejus
1697 2735 1817 2769 cum
1856 2724 2025 2774 mariti
2053 2726 2230 2779 animo

1214 2787 1282 2839 ita
1306 2805 1618 2843 connectens
1640 2808 1822 2847 mutuo
1840 2815 2019 2852 amore
2047 2817 2097 2855 et
2118 2806 2231 2857 vin·

1213 2867 1382 2930 ciens,
1421 2882 1506 2932 ut,
1544 2890 1649 2940 quo
1681 2876 1845 2926 tenaci
1872 2882 2116 2949 amplexu
2146 2886 2235 2936 he·

1213 2944 1340 2998 dera
1364 2947 1622 3018 implicari
1655 2952 1783 3003 solet
1807 2954 2012 3019 arbori‘,
2040 2962 2228 3015 eodem

1215 3026 1301 3076 illa
1344 3028 1532 3079 marito
1575 3029 1872 3098 implicetur
1914 3049 1964 3086 et
2003 3056 2125 3093 cum
2167 3062 2230 3094 eo

1214 3105 1477 3157 coalescat.
1515 3138 1595 3150 —-
1627 3109 1897 3161 Revinciens
1913 3153 1927 3174 ,
1972 3117 2232 3186 eleganter

1214 3184 1456 3235 vinciendi
1478 3187 1626 3238 notio
1656 3189 1961 3244 transfertur
1982 3194 2049 3246 ad
2080 3216 2228 3250 amo·

1217 3280 1343 3313 rem.
1377 3264 1669 3317 Broucklms.
1708 3267 1773 3319 ad
1802 3270 1998 3325 Tibull.
2035 3276 2094 3338 Ι,
2124 3278 2196 3331 36
2215 3318 2229 3343 ,

1223 3361 1304 3393 20.

1302 3422 1392 3484 34.
1428 3424 1594 3473 Tenus:
1628 3426 1797 3476 hedera
1817 3469 1830 3490 ‚
1861 3432 2108 3486 tenaciter
2136 3435 2230 3488 ad-

1219 3500 1448 3559 haerem.
1495 3521 1590 3552 nec
1630 3505 1780 3557 facile
1815 3524 1869 3557 se
1908 3507 2090 3566 divelli
2139 3534 2233 3585 pa-

1220 3580 1366 3631 tiens.
1389 3612 1468 3621 -—
1491 3582 1603 3632 Hac
1636 3597 1685 3635 et
1722 3586 1810 3634 Ιιαε
1845 3586 1899 3638 in
1936 3589 2080 3645 editt.
2110 3608 2230 3647 vett.

1224 3659 1411 3710 Venet.
1442 3659 1651 3730 Gryph.
1680 3663 1870 3718 Muret.
1904 3680 1958 3719 at
1980 3670 2032 3721 in
2063 3673 2237 3724 omni-

1221 3738 1317 3789 bus
1339 3738 1487 3791 MSS.
1511 3742 1654 3792 Statii
1672 3742 1761 3793 Ιιιω
1782 3757 1832 3794 et
1850 3745 1955 3797 lucc.

1306 3816 1394 3869 35.
1421 3820 1610 3870 Errans
1637 3821 1692 3873 h.
1718 3841 1764 3874 e.
1795 3849 1815 3868 ·
1836 3843 2045 3894 serpens
2063 3831 2238 3883 multi-

1225 3895 1347 3964 plici
1383 3898 1527 3968 lapsu
1564 3912 1613 3949 et
1649 3903 1895 3967 erratico,
1920 3930 1939 3949 ι·
1981 3919 2038 3958 ut
2070 3908 2242 3979 loqui-

1228 3987 1312 4024 tur
1344 3973 1530 4028 Cicero
1580 3979 1694 4030 Cat.
1744 3982 1929 4051 Major.
1972 4003 2087 4054 cap.
2121 3989 2242 4049 XV,

1230 4047 1415 4114 [κισσὸς
1438 4057 1787 4119 πολυπλανὴς.]
1818 4061 2125 4118 Suavissima
2152 4086 2247 4119 au-

1853 4192 1935 4237 12
