2986 4935
991 475 1430 547 CARMEN
1486 477 1610 543 LI.

930 612 1196 703 Spectat
1239 622 1304 676 et
1343 607 1527 675 audit

556 713 770 785 Dulce
813 715 1133 784 ridentem
1155 769 1174 801 ‚
1208 716 1448 782 misero
1484 712 1662 806 quod
1698 736 1925 781 omnes

555 822 767 915 Eripit
803 846 1031 890 sensus
1064 821 1228 890 mihi
1262 846 1277 886 ε
1318 844 1469 888 nam
1510 818 1703 888 simul
1740 835 1835 903 te,

556 928 830 1014 Lesbia,
866 926 1169 1021 adspexi,
1204 925 1367 995 nihil
1406 940 1505 994 est
1543 950 1741 1020 super
1776 927 1863 992 mi

1284 1025 1312 1054 ι

1150 1091 1178 1120 *

1422 1090 1452 1119 ἡ

554 1141 817 1233 Lingua
852 1139 964 1208 sed
1004 1153 1228 1234 torpet
1259 1164 1273 1205 ε
1318 1139 1530 1206 tenuis
1568 1137 1689 1205 sub
1724 1151 1904 1206 artus

554 1244 848 1313 Flamma
881 1245 1174 1313 dimanat
1205 1271 1219 1312 :
1263 1245 1481 1312 sonitu
1525 1258 1758 1337 suopte

551 1352 891 1420 Tintinant
928 1375 1119 1422 aures
1149 1376 1165 1418 ε
1206 1350 1463 1445 gemina
1500 1364 1813 1443 teguntur

972 1459 1253 1526 Lumina
1290 1472 1505 1525 nocte.

555 1565 821 1649 Otium,
862 1562 1153 1648 Catulle,
1194 1563 1314 1633 tibi
1358 1560 1707 1630 molestum
1746 1576 1877 1648 est;

315 1745 366 1798 ⁵.
387 1745 550 1797 Dulce
568 1745 815 1799 ridentem.
831 1744 1146 1798 Notissimus
1165 1745 1252 1796 ille

229 1825 383 1877 locus
402 1825 540 1876 Hor.
559 1823 664 1877 Od.
687 1826 742 1885 1,
769 1844 817 1888 1,
842 1843 929 1877 υ.
961 1824 1250 1877 23:·Du1-

230 1923 293 1957 ce
316 1902 579 1956 ridentem
603 1904 826 1974 Lalagen
853 1904 1039 1955 amabo
1055 1943 1070 1967 ,
1087 1904 1251 1956 Dulce

229 1984 560 2055 loquentem.
585 2008 608 2029 ι
631 2011 709 2023 —-
740 1984 887 2051 Quod
927 1983 1156 2054 intellige
1194 1985 1249 2034 τὸ

228 2075 443 2134 spectare
468 2075 514 2113 et
534 2062 703 2113 audire
725 2064 954 2115 Lesbiam.
975 2096 1054 2105 —-
1072 2064 1251 2114 Misero

230 2143 378 2202 mihi,
400 2142 592 2194 misere
611 2142 741 2194 mihi
767 2142 1066 2195 amanti.--
1080 2142 1251 2213 Supra

234 2222 418 2276 Cas-m.
442 2222 618 2288 XLV,
649 2243 677 2274 2
693 2241 713 2275 ι
753 2224 957 2274 misellus
980 2220 1249 2290 Septimius.

317 2306 371 2354 6.
400 2301 561 2353 SImul
583 2321 681 2372 pro
702 2304 898 2353 simulac
914 2343 930 2364 ,
960 2312 1015 2352 ut
1043 2319 1252 2355 sexcen-

230 2380 334 2433 ties
380 2381 540 2434 etiam
592 2381 647 2432 iu
698 2381 954 2452 pedestris
1001 2382 1252 2433 orationis

229 2460 605 2532 scriptoribus.

317 2560 372 2610 7.
420 2541 653 2611 Suprema
694 2540 749 2592 in
793 2541 1061 2593 nonnullis
1109 2538 1251 2610 apud

231 2620 368 2673 Stat.
404 2614 511 2642 '⁰
545 2621 692 2674 Hanc
727 2622 966 2673 lacunam
998 2620 1124 2671 olim
1164 2637 1250 2671 ex-

229 2700 400 2770 plevit
435 2701 744 2754 Parthenius
782 2701 889 2754 ita:
938 2697 1136 2766 «Quod
1171 2699 1249 2748 lo-

231 2796 370 2850 quar
385 2797 592 2844 amens,
618 2807 639 2826 ι
660 2793 712 2832 et
726 2780 1050 2834 Corradinus
1070 2777 1136 2830 de
1159 2778 1249 2827 Al-

229 2859 345 2912 lio:
383 2877 545 2911 «voce
569 2859 944 2930 loquendum.»
976 2861 1130 2912 Certe
1149 2857 1251 2909 tale

233 2936 371 3010 quid
417 2939 681 3009 postulant
729 2941 884 2991 verba
931 2957 1097 3009 graeca
1145 2940 1251 3009 βρο-

231 3019 359 3085 χᾶως
397 3039 456 3088 με
493 3020 650 3087 φωνᾶς
693 3016 830 3071 οὐδὲν
867 3022 940 3070 ἔτ’
976 3022 1109 3071 εἴκει.
1146 3016 1249 3070 Sed

233 3097 356 3166 quis
374 3097 509 3153 ausit
532 3097 586 3149 in
605 3110 806 3151 textum
824 3096 1080 3167 recipere,
1101 3095 1250 3168 quod

232 3176 293 3227 in
312 3175 568 3245 ejusmodi
586 3191 825 3230 veterum
844 3177 1161 3248 scriptorum
1181 3177 1250 3228 la·

233 3256 392 3307 cunis
421 3275 529 3307 uon
557 3256 657 3308 nisi
685 3256 898 3326 iugenio
929 3256 980 3306 V
1009 3257 1076 3307 V.
1107 3257 1156 3306 D
1182 3257 1246 3306 D.

236 3335 540 3405 suppletum
573 3328 912 3406 et'prolatum
934 3334 1072 3399 fuit3
1103 3353 1248 3404 aeque

232 3432 298 3466 ac
320 3414 362 3466 si
388 3415 510 3484 quis
532 3427 768 3485 quartam
789 3415 1027 3485 sapphici
1060 3414 1247 3466 carmi-

229 3493 320 3546 nis
346 3494 617 3565 stropham
633 3533 649 3558 ‚
675 3513 829 3564 quam
856 3495 1105 3547 intactam
1131 3494 1250 3545 reli·

231 3587 420 3643 querat
438 3574 698 3639 Catullus,
715 3592 743 3625 a
758 3575 944 3640 statio,
960 3576 1080 3627 Jan.
1101 3576 1247 3626 Dou-

230 3670 290 3705 sa
316 3651 391 3705 fil.
416 3665 468 3705 et
495 3653 609 3707 aliis
640 3654 930 3706 imitatione
954 3671 1248 3724 expressam

231 3732 542 3786 Catullianae
571 3732 851 3786 imitationi
882 3734 1079 3785 sociare
1107 3733 1248 3786 velit.

316 3831 373 3880 9.
396 3814 589 3882 Lingua
607 3812 693 3863 sed
717 3824 896 3882 torpet.-
923 3816 1127 3883 signum
1147 3814 1250 3865 fer-

229 3890 523 3944 ventissimi
569 3892 776 3944 amoris.
825 3891 913 3943 Sic
957 3892 1010 3943 in
1054 3892 1243 3945 veteris

231 3971 483 4024 caminis
512 3972 804 4040 fragmento
827 3970 1027 4024 AEditui
1045 4010 1061 4037 ,
1096 3970 1243 4043 quod

228 4052 454 4102 servavit
497 4050 704 4103 Gellius
735 4051 888 4103 Noct.
924 4052 1076 4104 Attio.
1109 4072 1152 4104 c.
1191 4071 1244 4119 9,

228 4128 375 4179 verba
414 4132 564 4181 labris
598 4131 727 4182 abire
761 4132 812 4183 in
854 4151 1027 4185 amore
1056 4132 1242 4185 dicun-

1342 1756 1447 1795 tur.
1481 1742 1612 1796 Hor.
1640 1740 1813 1813 Epod.
1844 1744 1951 1807 xl,
1986 1765 2050 1813 9,
2081 1745 2287 1812 languor
2311 1756 2357 1792 et

1340 1824 1578 1874 silentium
1612 1836 1845 1874 amantem
1886 1828 2063 1892 arguit.
2105 1824 2185 1876 Cf.
2221 1843 2351 1875 eun·

1338 1901 1462 1954 dem
1484 1901 1589 1954 Od.
1615 1904 1716 1965 lv,
1748 1923 1798 1968 1,
1827 1904 1920 1962 35.
1947 1904 2017 1954 36
2047 1914 2098 1953 et
2120 1905 2357 1972 Lessing&

1338 1980 1578 2049 Schriften
1596 2022 1610 2043 ,
1644 1983 1815 2033 dritter
1850 1984 1991 2034 Tloeil
2009 2001 2123 2052 pag.
2154 1985 2242 2035 50.
2273 2017 2351 2024 —

1347 2063 1522 2114 Tenuis
1546 2063 1750 2131 flamma
1769 2103 1783 2125 ‚
1832 2062 2039 2114 subtilis
2078 2075 2129 2113 et
2164 2063 2351 2114 mollis.

1347 2143 1529 2193 Tenues
1568 2141 1618 2192 in
1651 2140 1970 2212 quibusdam
1992 2180 2006 2205 ‚
2037 2140 2206 2192 male!
2234 2160 2353 2193 nam

1340 2235 1416 2274 est
1435 2222 1487 2272 in
1514 2221 1756 2291 Sapphus
1778 2222 2028 2283 carmine,
2046 2223 2221 2274 λεπτὸν
2238 2226 2350 2290 πῦρ.

1425 2319 1512 2351 ιο.
1538 2302 1790 2362 Dimanat,
1818 2313 2080 2369 permeat:
2108 2299 2352 2351 dimanare

1337 2392 1511 2431 autem
1530 2417 1545 2443 ‚
1567 2380 1709 2448 quod
1736 2380 1949 2451 proprie
1968 2378 2034 2430 de
2058 2380 2214 2431 rebus
2237 2379 2352 2431 flui-

1338 2456 1419 2511 dis
1444 2457 1669 2522 dicitur,
1694 2460 1956 2531 eleganter
1970 2461 2077 2529 jam
2102 2453 2350 2512 transfer-'-

1337 2552 1424 2591 tur
1452 2537 1517 2590 ad
1543 2540 1715 2609 ignem
1740 2540 1890 2592 tacite
1914 2553 1965 2591 et
1990 2540 2227 2592 celeriter
2249 2559 2354 2593 ser·

1335 2632 1566 2688 pentem.
1615 2617 1699 2671 Sic
1742 2640 1935 2671 manare
1978 2633 2030 2671 et
2070 2640 2351 2688 permanare

1337 2696 1476 2767 apud
1505 2699 1712 2751 Lucret.
1751 2712 1802 2750 et
1826 2700 1955 2752 alios
1985 2698 2053 2750 de
2083 2702 2191 2768 igne
2216 2698 2348 2750 dici·

1337 2790 1443 2828 tur.
1474 2809 1551 2818 —
1580 2777 1759 2847 Suapte
1790 2798 1886 2849 pro
1925 2795 2086 2847 sponte
2115 2780 2351 2831 absolute

1335 2857 1569 2926 positum
1592 2857 1952 2920 vultVossius,
1976 2859 2031 2908 in
2054 2877 2210 2927 quam
2233 2877 2347 2910 rem

1333 2934 1511 2989 laudat
1539 2939 1748 2988 Lucret.
1774 2938 1853 2987 Vl
1871 2976 1885 3000 ,
1915 2937 2044 3006 755,
2075 2936 2166 2989 sed
2194 2938 2265 2989 ibi
2295 2938 2346 2988 in

1336 3017 1552 3087 optimis
1580 3016 1728 3067 libris
1757 3016 1953 3084 legitur
1984 3037 2070 3067 sua
2098 3020 2166 3069 vi.

1422 3115 1443 3146 1
1463 3115 1511 3148 1.
1550 3097 1779 3146 Timu'unt
1806 3095 1996 3147 Muret.
2022 3096 2230 3167 Gryph.

1421 3176 1509 3229 13.
1550 3175 1746 3237 Otium,
1784 3174 2007 3238 Catulle,
2053 3175 2140 3227 tibi
2168 3175 2347 3229 molest.

1333 3254 1739 3325 Comparandus
1768 3254 1986 3305 omnino
2017 3273 2139 3306 cum
2170 3268 2349 3308 nostro

1334 3334 1481 3387 locus
1529 3334 1863 3387 suavissimus
1907 3332 2086 3386 Ovidii
2130 3335 2347 3387 Remed.

1335 3415 1518 3466 Amor.
1544 3412 1732 3483 dignus
1758 3413 1842 3465 ille
1863 3414 2099 3483 profecto
2116 3454 2129 3478 ,
2150 3414 2243 3483 qui
2269 3427 2347 3466 to-

1337 3506 1419 3545 tus
1461 3514 1488 3546 a
1522 3512 1657 3546 vers.
1714 3486 1818 3545 ¹35
1849 3526 1929 3535 —
1964 3494 2063 3546 151
2112 3505 2162 3545 et
2205 3512 2348 3563 seqq.

1335 3575 1399 3624 ab
1435 3574 1680 3626 omnibus
1707 3574 1984 3643 juvenibus
2027 3574 2217 3624 iterum
2248 3573 2345 3624 ite·

1335 3671 1559 3723 rumque
1599 3654 1801 3723 legatur
1823 3693 1838 3719 ,
1875 3666 1924 3705 et
1965 3652 2017 3704 in
2048 3671 2260 3705 succum
2300 3666 2351 3704 et

1336 3734 1665 3802 sanguinem,
1686 3731 1830 3802 quod
1849 3733 2008 3801 vulgo
2036 3733 2211 3798 aiunt,
2242 3751 2353 3785 ver-

1337 3824 1495 3864 tatur.
1527 3811 1781 3876 Quaedam
1806 3813 1988 3864 saltem
2019 3830 2081 3861 ex
2106 3813 2195 3862 illo
2219 3810 2349 3863 deli·

1331 3892 1456 3945 bare
1478 3892 1654 3957 liceat;
1683 3892 1788 3960 139
1814 3910 1968 3962 seqq:
2004 3890 2157 3941 «Otia
2181 3890 2221 3941 si
2246 3892 2346 3941 tol-

1331 3972 1428 4028 las,
1463 3973 1665 4040 periere
1688 3971 1971 4040 Cupidinis
1998 3989 2179 4031 arcus;
2210 3970 2349 4023 Con-

1335 4065 1646 4121 temptaequc
1681 4053 1884 4121 jacent,
1942 4063 1991 4101 ct
2046 4050 2155 4100 sine
2204 4049 2349 4112 luce,

1335 4135 1483 4183 faces.
1514 4134 1683 4196 Quam
1715 4132 1955 4200 platanus
1986 4129 2106 4180 vino
2135 4126 2344 4197 gaudet,
