2986 4935
642 469 793 541 356

1180 473 1254 538 C.
1294 472 1729 538 VALERII
1788 469 2253 537 CATULLI

634 608 802 691 Quae
838 603 996 671 mihi
1035 603 1397 697 subrepens
1429 604 1635 687 imos,
1672 617 1748 670 ut
1778 617 2045 696 torpor,
2091 603 2158 668 in
2198 617 2415 689 artuS,

741 709 1013 803 Expulit
1052 736 1133 777 ex
1171 710 1349 777 omni
1391 724 1657 803 pectore
1693 708 1961 777 laetitias.

635 822 784 885 Non
827 818 963 908 jam
1006 815 1166 883 illud
1209 842 1468 909 quaem,
1515 832 1749 885 contra
1793 831 1866 883 ut
1904 840 2010 882 me
2047 814 2279 909 diligat
2316 813 2468 901 illa,

744 929 915 1008 Aut,
960 924 1138 1017 quod
1185 949 1318 990 non
1364 924 1539 1016 potis
1576 938 1711 1009 est,
1754 947 1893 991 esse
1940 921 2180 1016 pudica
2219 920 2413 1006 velit;

636 1034 659 1096 Ι
671 1057 785 1125 pse
822 1030 1041 1097 valere
1075 1045 1265 1122 opto,
1296 1044 1362 1096 et
1391 1044 1636 1097 tetrum
1670 1031 1847 1098 hunc
1877 1028 2210 1122 deponere
2240 1027 2575 1095 morbum.

2745 1062 2792 1096 ιδ

742 1144 805 1204 Ο
846 1139 968 1219 Di,
1006 1136 1257 1203 reddite
1303 1138 1390 1202 mi
1432 1137 1563 1204 hoc
1602 1162 1725 1229 pro
1761 1137 2007 1230 pietate
2047 1159 2209 1202 mea.

728 1340 819 1373 21.
865 1321 961 1371 Seu
1007 1322 1121 1371 mihi
1159 1320 1408 1388 subrepens
1453 1326 1568 1370 imos
1614 1334 1669 1370 ut
1757 1339 1940 1373 sensus
1969 1359 1984 1382 ,
2042 1332 2200 1390 atque
2267 1319 2475 1371 ossibus
2553 1319 2790 1390 implicat

638 1422 833 1470 corpore
874 1405 923 1450 iu
964 1414 1096 1450 artus
1134 1419 1317 1451 omnes
1356 1400 1478 1451 libri
1511 1400 1661 1451 MSS.

636 1483 764 1533 Stat.
798 1479 944 1532 unde
981 1481 1069 1531 ille
1110 1492 1302 1531 tentat:
1345 1505 1365 1523 α
1386 1480 1512 1530 Haec
1533 1480 1665 1531 mihi

632 1563 925 1630 subrepens
954 1561 1089 1610 imos
1108 1561 1161 1611 in
1187 1559 1428 1628 corporis
1456 1572 1660 1610 artus».

631 1662 712 1675 ν·-
730 1643 895 1691 Janus
918 1640 1182 1708 Meleager
1202 1639 1412 1689 volebat
1441 1656 1454 1689 :
1490 1664 1512 1682 ι
1538 1638 1660 1690 Heu

633 1722 796 1772 mihi!
829 1720 1119 1790 subrepens
1149 1720 1314 1781 imos,
1345 1731 1402 1769 ut
1435 1730 1627 1788 torpor
1646 1758 1661 1783 ,

631 1802 690 1851 in
712 1812 870 1852 artus.
884 1825 905 1843 ι·
929 1799 1106 1851 Vossii
1122 1800 1258 1850 liber
1276 1809 1512 1850 vetustus
1531 1817 1661 1869 sup-

636 1879 906 1949 peditabat
942 1898 954 1931 2
989 1906 1009 1925 ·
1035 1880 1172 1943 Quae
1205 1878 1336 1929 mihi
1365 1878 1662 1948 subrepens

642 1961 777 2011 imos
806 1960 948 2010 velut
983 1960 1169 2029 anguis
1206 1959 1260 2009 in
1303 1971 1467 2010 artus.
1488 1983 1509 2002 a
1556 1955 1661 2009 Sed

633 2060 794 2091 nemo
821 2058 930 2089 non
963 2039 1015 2090 in
1047 2040 1145 2091 hac
1176 2038 1404 2090 lectione
1437 2056 1662 2089 manum

635 2119 1028 2190 interpolatoris
1053 2118 1660 2190 agnoscet.--Nostram

638 2201 919 2251 lectionem
950 2212 1078 2251 vett.
1106 2201 1367 2251 librorum
1396 2212 1501 2250 tam
1531 2199 1659 2250 scri·

638 2294 857 2351 ptorum
882 2299 1043 2350 quam
1071 2292 1406 2330 exaratorum
1433 2278 1664 2329 auctori·

639 2374 741 2412 tate
756 2361 854 2411 niti
877 2371 1096 2411 testatur
1116 2356 1288 2409 editor
1310 2359 1561 2409 Cantabr.
1583 2389 1660 2399 --

638 2444 764 2511 Quoe
797 2441 914 2492 milii
941 2439 1189 2508 subrepens
1218 2441 1332 2488 imos
1352 2480 1366 2500 ‚
1394 2450 1446 2489 ut
1476 2451 1657 2507 torpor,

636 2542 683 2570 m
728 2533 896 2582 artus,
947 2537 1139 2570 anlorls
1177 2537 1320 2569 emm
1360 2537 1660 2582 venenum,

639 2601 775 2650 sicut
806 2612 990 2668 torpor
1009 2638 1023 2661 ,
1056 2598 1213 2649 tacite
1242 2610 1295 2649 et
1323 2598 1516 2649 sensim
1545 2618 1662 2649 sen·

638 2679 846 2748 simque
881 2697 978 2747 per
1010 2678 1286 2729 interiores
1319 2678 1516 2729 ossium
1552 2697 1663 2728 me·

636 2757 810 2808 ‹lullas
834 2758 997 2827 serpit
1023 2770 1074 2807 et
1096 2756 1348 2809 dimanat.
1368 2761 1539 2809 —Ita
1558 2758 1666 2809 sere

648 2838 838 2907 Vix-gil·
866 2839 1132 2900 AEn.V11‚
1157 2835 1265 2898 354
1293 2856 1304 2888 z
1329 2839 1532 2907 «prima
1557 2838 1668 2889 lues

638 2915 745 2968 udo
826 2917 1064 2986 sublapsa
1129 2935 1332 2970 veneno
1398 2918 1668 2970 Pertentat

1760 1401 1958 1471 ignem.
1981 1424 2002 1443 υ
2040 1400 2109 1451 Ν.

1843 1499 1934 1532 22.
1961 1480 2174 1548 Expulit
2206 1499 2264 1529 es
2298 1497 2458 1529 omnes
2484 1497 2678 1549 parum
2709 1480 2785 1531 fe·

1758 1560 1933 1611 liciter
1958 1558 2276 1628 conjiciebat
2299 1558 2516 1610 Statius.
2531 1558 2640 1611 Pro
2668 1560 2790 1611 laeei·

1754 1643 1834 1690 tiis
1861 1628 2109 1691 ¹offerunt
2142 1638 2265 1689 libri
2295 1639 2452 1689 Voss.
2490 1638 2711 1690 deficias.

1838 1720 1929 1771 23.
1965 1720 2151 1771 Contra
2183 1738 2253 1768 me
2278 1730 2331 1769 ut
2357 1717 2511 1770 MSS.
2538 1717 2673 1771 Stat.
2695 1748 2775 1761 --

1757 1801 1961 1863 Contra,
1988 1798 2221 1851 vicissim
2239 1837 2254 1864 ,
2285 1794 2591 1867 ἁμοιῧαίωςς
2614 1812 2786 1850 contre

1752 1880 1960 1947 (illigare
1979 1921 1992 1942 ‚
2024 1878 2331 1944 redamare,
2359 1880 2586 1948 ἁντερᾷν.

1838 1979 1862 2010 2
1878 1959 1927 2012 5.
1958 1959 2201 2010 Morbum.
2220 1955 2347 2011 Vid.
2377 1976 2541 2028 supra
2562 1956 2629 2010 ad
2652 1958 2782 2011 Car·

1752 2057 1875 2090 men
1899 2039 2167 2102 XXXIX,
2198 2056 2250 2108 7.

1840 2113 1928 2171 26.
1983 2118 2187 2169 Reddite
2230 2123 2297 2169 mi
2341 2118 2427 2169 boc
2468 2137 2565 2188 pro
2602 2121 2788 2188 pietate

1756 2218 1857 2249 mea
1875 2239 1889 2262 ‚
1957 2225 1978 2243 ‹-
2001 2198 2108 2251 hoc
2156 2196 2482 2250 beneficium
2531 2211 2787 2268 tanquam

1750 2277 2050 2330 mercedem
2074 2278 2258 2348 pietati
2280 2276 2516 2330 debitam
2540 2278 2672 2330 mihi
2699 2298 2784 2330 re·

1751 2358 1989 2410 tribuite.
2011 2384 2031 2403 ι
2064 2387 2145 2399 —-
2171 2358 2289 2410 Hoc
2315 2375 2531 2410 carmen
2559 2358 2784 2411 Gallicis

1753 2438 1991 2491 versibus
2020 2437 2274 2491 Racinius
2300 2437 2485 2491 Minor
2504 2437 2699 2503 vertit,
2730 2438 2782 2490 in

1753 2530 1998 2587 poemate
2037 2518 2293 2590 inscripto
2328 2536 2342 2569 ε
2382 2519 2435 2569 la
2475 2517 2638 2572 (ἕν-αα
2678 2518 2779 2572 ch.

1753 2600 1871 2661 111,
1905 2617 1955 2650 v.
1993 2618 2096 2652 2²1
2124 2633 2206 2641 —
2233 2596 2376 2664 2353
2408 2612 2462 2652 et
2503 2596 2645 2650 idem
2684 2598 2785 2650 hos

1756 2677 2056 2730 Ovidianos
2109 2676 2320 2730 addidit
2366 2696 2380 2730 :
2438 2705 2460 2724 ι
2486 2677 2627 2742 Odi,
2682 2696 2783 2728 nec

1755 2777 1970 2829 possum
1992 2758 2212 2828 cupiens
2235 2776 2346 2811 non
2369 2777 2480 2810 esse
2502 2755 2652 2828 quod
2669 2756 2781 2809 odi.

1755 2839 1876 2890 Heu
1912 2857 2072 2908 quam
2106 2837 2252 2910 quod
2295 2836 2510 2890 studeas
2545 2856 2780 2908 ponere·

1759 2918 1897 2970 serre
1938 2937 2095 2988 grave
2136 2919 2247 2971 est!
2297 2920 2482 2971 Amor.
2514 2919 2600 2980 11,
2629 2924 2680 2980 4.
2713 2916 2778 2967 N.

1133 3127 1694 3214 CARMEN
1775 3128 2298 3215 LXXVII.

1468 3356 1575 3400 AD
1633 3355 1943 3401 RUFUM.

640 3545 871 3628 Roma,
914 3538 1078 3606 mihi
1122 3539 1365 3606 frustra
1413 3562 1490 3607 ac
1539 3539 1978 3632 nequicquam
2024 3539 2273 3608 credite
2316 3540 2564 3628 amice,

719 3728 856 3778 Aac.
876 3723 1151 3776 Fallaciam
1168 3721 1310 3786 Rufi,
1326 3721 1420 3791 qui
1437 3722 1665 3792 speciem

635 3808 788 3859 amici
808 3825 918 3876 prae
938 3825 991 3855 se
1011 3806 1207 3866 ferens,
1227 3802 1459 3872 puellam
1474 3842 1490 3866 ‚
1504 3815 1566 3856 ut
1579 3822 1665 3854 su·

636 3887 825 3958 spicari
839 3886 962 3936 licet
975 3922 990 3949 ,
1006 3884 1217 3936 Catullo
1236 3882 1504 3952 eripuerat
1517 3922 1532 3948 ,
1548 3901 1666 3951 gra·

635 3969 767 4019 viter
787 3978 1011 4018 accusat.
1032 3995 1110 4005 --
1129 3964 1273 4016 Num
1303 3960 1440 4012 idem
1466 3963 1637 4015 Rufus
1654 4002 1668 4026 ,

633 4051 782 4116 cujus
813 4044 1223 4115 graveolentiam
1256 4042 1449 4095 Noster
1489 4043 1666 4100 Carm.

630 4124 1057 4185 1.xlx‚n‹›tavit,
1074 4143 1140 4176 an
1158 4122 1377 4192 insignis
1393 4122 1456 4177 iis
1470 4134 1670 4193 tempo·

1751 3722 1972 3794 poribus
1990 3724 2271 3789 orator,M.
2294 3724 2583 3778 Caliusvel
2600 3723 2783 3794 potins

1755 3803 2000 3856 Caecilius
2013 3804 2205 3869 Rufus,
2217 3823 2329 3857 uno
2341 3802 2431 3858 die
2443 3801 2596 3867 (teste
2606 3802 2786 3856 Plinio

1757 3883 1896 3934 Hist.
1917 3885 2038 3936 Nat.
2051 3885 2182 3948 VII,
2201 3882 2320 3950 44),
2338 3903 2465 3938 cum
2489 3885 2549 3936 C.
2570 3884 2786 3937 Licinio

1757 3963 1923 4015 Calvo
1949 3977 2102 4017 natus
2118 4003 2133 4028 ,
2159 3963 2537 4035 intelligendus
2560 3966 2656 4028 sit,
2677 3981 2784 4015 ne·

1759 4062 1848 4095 mo
1871 4044 2024 4096 facile
2049 4063 2153 4115 pro
2177 4057 2322 4098 certo
2343 4045 2607 4099 affirmare
2622 4042 2781 4096 ausit.

1848 4142 1889 4176 1.
1921 4124 2127 4193 Cognite
2150 4144 2250 4196 pro
2277 4125 2454 4179 credite
2474 4125 2532 4179 in
2557 4122 2780 4194 Gryph-
