2986 4935
602 439 690 518 14
978 434 1213 500 VITA
1271 434 1820 500 C.VALER11
1878 432 2370 499 CATULLI.

692 567 943 635 Graecis
978 564 1182 633 literis
1224 590 1357 632 non
1396 563 1625 631 leviter
1666 563 1992 631 imbutum
2035 563 2232 632 fuisse
2260 618 2279 649 ‚
2320 590 2399 632 ex
2448 591 2527 633 eo
2581 566 2729 634 col-

589 673 700 766 ligi
743 687 960 766 potest
989 726 1007 757 ‚
1056 672 1231 764 quod
1283 671 1737 738 suavissimam
1793 668 1965 737 oden
2009 672 2278 763 poetriae
2316 672 2623 765 Sapphus
2662 688 2732 742 et

588 777 973 848 Callimachi
1006 777 1282 870 elegiam
1327 776 1408 842 de
1450 801 1640 844 coma
1678 777 2020 843 Berenices
2045 826 2061 859 ‚
2101 776 2542 846 mundissimis
2581 804 2726 847 car·

589 886 874 952 minibus
911 882 1107 951 latine
1144 882 1533 966 reddiderit3
1564 882 1649 949 ob
1695 881 1761 949 id
1799 884 1992 949 etiam
2043 883 2319 951 sortasse
2355 907 2389 950 a
2421 885 2727 971 Tibulle,

589 991 876 1072 ovidio,
932 988 1236 1058 Martiale
1299 989 1539 1057 dociles
1592 986 1977 1082 appellatus.
2036 993 2122 1056 Et
2177 989 2421 1058 idcirco
2480 993 2727 1059 mirum

586 1098 795 1164 videri
849 1094 1082 1180 debet,
1133 1094 1377 1162 Julium
1435 1095 1877 1189 Scaligerum,
1933 1119 2011 1161 ea
2053 1097 2268 1163 virum
2314 1097 2731 1185 eruditione,

587 1202 895 1322 quodque
939 1228 1072 1269 non
1122 1203 1466 1269 minimum
1506 1218 1640 1285 est,
1674 1203 2157 1287 Veronensmn,
2192 1201 2472 1295 ideoque
2517 1207 2734 1271 muni-

591 1312 723 1404 cipi
765 1334 884 1377 suo
933 1307 1161 1375 saltem
1204 1309 1331 1376 hoc
1369 1310 1636 1376 nomine
1682 1308 2105 1392 devinctum,
2143 1306 2283 1375 haec
2323 1309 2404 1375 de
2455 1312 2730 1380 Catullo

589 1416 1034 1483 monumentis
1071 1414 1526 1483 mandavisse:
1570 1415 1838 1484 Catullo
1876 1414 2053 1481 docti
2100 1437 2343 1482 nomen
2383 1438 2601 1508 quare
2638 1424 2730 1485 stt

588 1523 681 1589 ab
710 1527 1009 1615 antiquis
1034 1521 1454 1606 attrebatum,
1479 1547 1696 1615 neque
1725 1521 1922 1615 apud
1941 1523 2119 1589 alz'os
2140 1526 2459 1615 comperi,
2491 1514 2732 1615 neque-

588 1629 748 1696 dum
780 1652 849 1695 m
883 1644 1167 1695 mentem
1201 1633 1389 1696 vemt
1416 1628 1822 1710 nez'lz15m‘lzzl
1844 1652 2018 1695 emm
2046 1651 2183 1695 non
2208 1629 2498 1721 vulgare
2527 1644 2629 1695 ese
2657 1635 2732 1697 in

589 1735 734 1827 ejus
777 1733 1008 1802 lz'bri5.¹
1047 1737 1470 1827 Quamquam
1511 1748 1736 1826 postea
1779 1748 2032 1802 mutato
2075 1731 2387 1820 consilio,
2432 1737 2544 1827 qui
2584 1760 2732 1804 mos

591 1858 691 1909 est
734 1842 983 1909 homini
1015 1895 1031 1923 ‚
1091 1832 1463 1924 παλινῳδίαν
1521 1865 1756 1907 canere
1818 1854 2134 1933 cogatur,
2202 1840 2730 1910 Gallictmbl'cum

591 1949 731 2039 ejus
761 1972 1026 2016 carmen
1055 1946 1344 2013 divinum
1380 1960 1761 2029 autumans,
1796 1961 1857 2012 et
1899 1972 2134 2040 poema
2172 1947 2253 2013 de
2283 1949 2526 2039 nuptiis
2556 1946 2732 2015 Pelei

590 2080 667 2123 ac
696 2052 1044 2136 Thetidos‚
1089 2077 1319 2120 verum
1365 2053 1614 2119 aditum
1659 2068 1723 2119 et
1763 2053 2040 2145 gradum
2088 2052 2170 2119 ad
2201 2053 2510 2121 AEneidos
2559 2053 2731 2121 divi-

593 2163 861 2228 nitatem
926 2184 1065 2226 csse
1134 2161 1588 2251 pronuntians,
1646 2160 1884 2225 Nonne
1941 2158 2342 2251 probabilius
2396 2159 2478 2226 de
2531 2166 2735 2253 nugis

596 2282 804 2360 poetae
840 2266 1043 2333 nostri
1084 2264 1427 2332 Cornelius
1465 2265 1691 2357 Nepos
1714 2321 1730 2345 ,
1776 2266 1876 2331 vir
1914 2266 2368 2357 gravissimum,
2404 2265 2732 2357 judicium

596 2373 871 2456 tulerat,
905 2396 1109 2463 quum
1141 2395 1249 2437 eas
1284 2396 1430 2437 esse
1449 2371 1715 2463 aliquid
1741 2369 2057 2464 putabat?
2078 2373 2314 2438 Nonne
2345 2372 2692 2466 benignius
2713 2426 2733 2453 ,

594 2495 660 2547 et
683 2481 921 2571 justius
966 2504 1112 2544 cum
1155 2479 1295 2569 ipso
1340 2503 1532 2570 cgere
1579 2481 1924 2571 Pompeius
1956 2481 2332 2559 Saturnium,
2362 2503 2438 2546 ac
2470 2482 2735 2548 Sentius

596 2585 1011 2679 Augurinus,
1067 2609 1349 2676 quorum
1408 2599 1721 2677 uterque,
1762 2600 1924 2652 teste
1979 2584 2187 2651 Plinio
2214 2583 2229 2607 ²
2289 2586 2355 2650 in
2397 2585 2686 2678 epistolis
2713 2641 2733 2672 ,

597 2689 948 2759 Catulliani
992 2692 1298 2757 carminis
1342 2692 1771 2758 imitationem
1821 2691 1939 2756 sibi
1998 2690 2219 2783 gloriae
2263 2691 2404 2758 fore
2447 2717 2733 2785 augura-

598 2798 855 2864 bantur.
898 2796 1026 2863 Sed
1066 2796 1203 2864 liaec
1236 2795 1391 2863 alias
1422 2822 1436 2861 ε
1468 2822 1645 2864 nunc
1686 2797 1749 2863 id
1779 2850 1797 2883 ,
1841 2797 2018 2890 quod
2051 2800 2398 2890 coepimm,
2437 2823 2730 2890 agamuS.

595 2903 1042 2991 Quintilianus
1091 2918 1155 2968 et
1209 2902 1559 2969 Diomedes
1607 2906 1776 2970 inter
1827 2918 2051 2995 poetas
2104 2904 2433 2971 lainbicos
2500 2907 2734 2973 Catul-

597 3013 732 3077 lum
773 3024 1121 3102 reponunt.
1163 3012 1332 3076 Ante
1376 3013 1716 3077 Horatium
1769 3010 2068 3103 profecto
2105 3010 2399 3078 iambicis
2437 3011 2735 3080 versibus

598 3116 873 3209 gloriam
927 3116 1231 3185 Calnllzts
1258 3115 1534 3207 adeptus
1570 3116 1815 3198 fumat,
1847 3131 1922 3183 ut
1953 3116 2116 3184 lalso
2149 3119 2486 3212 scripserit
2532 3121 2738 3185 Hora·-

597 3171 763 3289 tius³
803 3221 907 3287 lib.
949 3225 1014 3304 Ι,
1051 3222 1256 3312 Epist.
1310 3245 1432 3314 19,
1476 3220 1569 3290 23
1619 3238 1686 3290 et
1735 3226 1854 3306 24.

685 3407 705 3440 1
721 3428 732 3438 .
754 3390 817 3438 In
840 3388 924 3455 Η)
930 3387 1215 3456 pereritico
1231 3424 1245 3448 ,
1274 3407 1362 3438 seu
1391 3388 1481 3438 lib.
1506 3391 1552 3437 W
1557 3390 1584 3438 I
1604 3427 1617 3450 ,
1704 3391 1837 3437 docte
1852 3387 2114 3438 intendit:
2135 3389 2256 3437 seuls
2274 3389 2394 3438 dans
2412 3391 2534 3440 leurs
2548 3387 2734 3442 doctes

599 3469 903 3539 poetice5,c.
920 3468 1142 3530 (i.—-Qu
1153 3467 1166 3517 i
1178 3465 1392 3519 doctum
1406 3481 1617 3536 poetam
1704 3488 1812 3517 vers
1844 3469 1902 3517 ils
1915 3481 2150 3535 poem-ont
2167 3487 2284 3517 vous
2305 3470 2567 3536 apprendre
2584 3510 2599 3530 ,
2623 3483 2726 3521 etc.

598 3559 768 3616 poetae
801 3546 1154 3617 appellavere,
1192 3566 1254 3598 eo
1295 3547 1511 3597 nomine
1554 3549 1615 3598 il·
1707 3551 1817 3598 Art.
1845 3560 1989 3616 poet.
2014 3549 2094 3597 Ita
2125 3548 2240 3600 Cat.
2267 3550 2377 3617 ipse
2395 3549 2726 3617 XXXV‚17.

599 3628 709 3679 lum
744 3625 1026 3677 laudabant
1071 3624 1213 3697 quod
1262 3627 1462 3696 peritus
1493 3629 1619 3678 artis
1791 3647 1841 3678 α.
1871 3627 1987 3677 Lib.
2026 3628 2079 3690 I,
2116 3626 2334 3696 epistola
2375 3633 2468 3692 163
2498 3628 2595 3679 lib.
2628 3630 2733 3691 IV,

600 3727 731 3769 suae,
762 3705 997 3777 egregius
1023 3706 1316 3756 carminum
1344 3704 1619 3768 conditor,
1707 3707 1926 3775 epistola
1963 3724 2053 3773 ²7·

601 3786 790 3838 doctus
810 3798 951 3836 vates
970 3797 1118 3848 esset,
1137 3798 1187 3836 at
1203 3804 1310 3836 non
1329 3797 1515 3856 utpote
1537 3786 1621 3835 in·
1794 3783 2020 3835 &Valde
2039 3783 2389 3836 dubitandum
2412 3799 2489 3836 est
2505 3823 2520 3848 ‚
2537 3805 2606 3837 an
2630 3786 2741 3837 Ho-

602 3867 744 3937 genti
799 3863 1117 3916 eruditionis
1166 3865 1490 3934 supellectile
1539 3865 1622 3916 in·
1711 3865 1875 3915 ratius
1895 3863 2102 3915 laudem
2122 3865 2421 3917 volueritin
2437 3885 2489 3917 se
2505 3866 2734 3930 trahere,

603 3958 889 4006 structum,
927 3958 1006 4008 et,
1040 3945 1391 4014 Scaligeriauo
1440 3963 1621 4004 more,
1714 3943 1857 4014 quod
1881 3945 2081 3996 caeteris
2107 3945 2391 4015 praeivisset
2413 3944 2553 4016 apud
2590 3947 2735 3997 Lati·

603 4024 981 4096 praetumidum·
1030 4024 1295 4076 audebant
1353 4025 1621 4076 extollere.
1714 4044 1811 4075 nos
1848 4026 2145 4076 iamborum
2177 4038 2395 4077 auctor:
2431 4044 2657 4095 namque
2683 4040 2736 4078 et

605 4108 682 4157 lta
706 4118 883 4156 noster
915 4106 1115 4156 Bolaeus
1134 4105 1376 4174 gallicum
1405 4105 1625 4156 verbum
1715 4117 1836 4155 ante
1866 4105 2132 4157 Catullum
2160 4106 2311 4156 multi
2341 4105 2444 4156 hoc
2484 4106 2736 4156 carminis
