2986 4935
680 443 824 512 238

1201 449 1275 510 C.
1319 448 1758 514 VALERII
1818 451 2268 517 CATULLI

781 575 1173 644 Pharsaliam
1222 591 1503 662 coeunt,
1541 580 1868 648 Pharsalia
1906 596 2079 649 tecta
2116 584 2551 678 frequentant.

785 684 961 748 Rura
1007 681 1166 750 colit
1210 708 1441 767 nemo;
1478 684 1869 754 mollescunt
1906 687 2075 755 colla
2103 689 2446 781 juvencis3

785 787 933 854 Non
979 788 1241 857 humilis
1283 792 1507 857 curvis
1547 808 1867 885 purgatur
1909 795 2099 861 vinea
2136 799 2397 882 rastris;

783 892 932 960 Non
975 893 1232 987 glebam
1276 921 1487 987 prono
1524 897 1833 965 convellit
1873 924 2137 967 vomere
2174 915 2437 986 taurus;
2742 944 2786 984 3,

783 1001 931 1066 Non
977 999 1106 1066 falx
1140 1014 1435 1067 attenuat
1471 1001 1926 1072 frondatorum
1964 1006 2218 1075 arboris
2256 1009 2595 1097 umbram3

678 1236 812 1288 saliae
850 1254 862 1287 ε
903 1236 1036 1286 Plin.
1066 1236 1134 1288 H.
1165 1237 1230 1288 N.
1263 1238 1344 1297 Χ,
1386 1256 1480 1301 12,
1510 1258 1548 1289 s.
1588 1241 1687 1302 15,

677 1330 728 1366 et
752 1315 824 1365 ibi
854 1315 1096 1365 Hae-duim.
1120 1347 1198 1355 -—
1221 1316 1366 1368 Moeu.
1396 1318 1576 1369 Lariss.
1598 1320 1692 1369 La-

682 1395 836 1453 rissa,
870 1394 1189 1444 nobilissima
1225 1395 1505 1448 Thessaliae
1537 1399 1691 1462 urbs,

682 1472 820 1524 unde
854 1473 1080 1525 Achilles=
1107 1474 1369 1525 Larissaeus
1394 1475 1535 1546 apud
1566 1478 1691 1528 Vin·-

682 1554 773 1621 gil.
798 1551 1003 1605 AEueid.
1032 1553 1116 1616 11,
1154 1571 1278 1621 ¹97·

764 1634 855 1700 37.
879 1632 1115 1682 Phar-sala
1137 1635 1391 1704 tectusreq.
1408 1634 1596 1685 Vellet.
1616 1665 1696 1676 —·

684 1713 952 1762 Phar-salon
977 1724 1065 1763 aut
1091 1712 1376 1761 Pharsalum
1400 1712 1619 1765 Pontan.
1644 1727 1695 1766 et

683 1791 864 1861 Scalig.
911 1791 1162 1842 nimirum
1207 1792 1422 1842 alteram
1468 1792 1522 1842 in
1567 1811 1694 1844 voce

683 1871 940 1922 Pharsalia
969 1870 1053 1921 alii
1085 1870 1323 1930 brevem,
1357 1871 1579 1922 nitentes
1604 1892 1693 1923 ex·

684 1952 860 2019 emplo
885 1950 1136 2019 Calpurn.
1162 1951 1260 2015 IV,
1292 1969 1390 2002 101
1416 1988 1431 2013 ,
1459 1952 1547 2002 alii
1579 1952 1693 2002 lon·

682 2049 797 2098 gam
832 2029 1122 2092 faciebant;
1156 2042 1204 2079 et
1233 2048 1355 2080 vere
1382 2048 1588 2101 semper
1617 2032 1693 2081 al-

685 2123 790 2160 tera
833 2109 882 2159 in
927 2108 1022 2159 hac
1055 2126 1181 2159 voce
1223 2107 1564 2179 producitur,
1605 2108 1692 2160 sed

684 2201 741 2238 ut
774 2189 1038 2258 trisyllaba
1072 2187 1468 2257 pronuncianda
1501 2203 1588 2240 est.
1618 2223 1694 2230 —

686 2269 988 2318 Plau-salium
1020 2287 1117 2317 coe.
1163 2266 1456 2332 Pharsalia,
1496 2282 1555 2318 ut
1599 2270 1694 2319 ob-

683 2361 848 2398 servat
877 2346 1089 2396 Vossius
1107 2383 1122 2406 ‚
1155 2346 1252 2396 hoc
1280 2347 1395 2398 loco
1422 2348 1691 2415 antiquum

685 2427 942 2495 regionis,
978 2444 1083 2475 non
1122 2424 1341 2493 oppidi,
1372 2444 1566 2478 nomen
1603 2439 1692 2478 est.

683 2505 785 2557 Sed
822 2502 1065 2572 Euripid.
1105 2502 1459 2555 Andromach.
1497 2526 1544 2555 v.
1596 2513 1658 2556 16
1682 2546 1696 2571 ,

681 2586 763 2636 καὶ
797 2586 973 2641 πόλεως
997 2583 1271 2649 «1)αρσα).ἱας
1291 2606 1370 2616 -·
1388 2585 1446 2634 ἶν’
1467 2586 1497 2639 ἡ
1518 2591 1696 2636 θαλασ-

613 2684 618 2687 ·
683 2668 768 2715 σία
791 2667 943 2716 Πηλεῖ
967 2663 1158 2729 ξυνῴκει
1177 2663 1433 2720 -Θὲτις,

769 2745 837 2795 38
856 2773 932 2781 -
949 2748 1038 2802 42.
1063 2740 1184 2791 Sine
1212 2742 1507 2792 necessitate
1534 2756 1695 2793 trans-

686 2822 856 2892 posuit
880 2821 975 2872 hos
993 2838 1172 2872 versus
1188 2821 1429 2871 Ramirez
1451 2819 1518 2873 de
1538 2821 1695 2874 Prad.

683 2901 751 2954 ad
789 2902 941 2952 Mart.
976 2901 1026 2964 1,
1062 2906 1129 2963 44
1154 2938 1168 2963 ,
1197 2899 1298 2950 hoc
1326 2899 1512 2951 ordine
1544 2920 1555 2952 :
1583 2902 1695 2953 Non

684 2983 868 3033 humilis
889 2993 983 3031 etc.
1002 3011 1079 3019 —-
1095 2980 1206 3030 Non
1216 2980 1333 3045 sala:
1356 2993 1451 3031 etc.
1471 3012 1545 3020 ——-
1562 2983 1696 3032 Rura

683 3065 796 3113 colit
811 3080 1028 3111 nemo—
1044 3060 1155 3110 Non
1167 3059 1352 3128 glebam
1369 3091 1448 3100 —
1461 3058 1697 3131 Squalida

682 3144 892 3194 desertis.

767 3223 857 3272 38.
887 3221 1019 3269 Rura
1054 3220 1171 3267 colit
1201 3236 1334 3266 nemo
1371 3229 1468 3268 etc.
1496 3218 1659 3269 Feriae
1679 3257 1694 3282 ,

685 3321 812 3372 quas
832 3311 989 3367 agunt
1019 3296 1194 3347 rustici
1222 3297 1532 3347 instantibus
1554 3299 1693 3349 Pelei

681 3379 874 3450 nuptiis
891 3415 904 3438 ,
929 3377 1130 3444 egregie
1157 3388 1206 3425 et
1232 3375 1481 3436 suaviter,
1509 3376 1599 3446 qui
1624 3396 1694 3429 se·

681 3471 917 3530 quuntur
934 3492 947 3515 ,
964 3454 1332 3505 describuntur
1344 3456 1593 3506 versibus.
1608 3457 1693 3509 Sic

681 3542 789 3590 fere
813 3534 1057 3588 Tibullus
1082 3535 1166 3594 11,
1200 3551 1218 3582 1
1250 3571 1264 3595 ,
1296 3532 1322 3582 5
1353 3551 1365 3582 :
1405 3559 1423 3578 ι
1448 3535 1591 3585 Luce
1614 3555 1691 3587 sa-

678 3637 763 3670 cra
807 3613 1095 3684 requiescat
1139 3611 1360 3675 humus,
1407 3614 1693 3683 requiescat

676 3710 880 3759 arator,
916 3695 981 3744 Et
1019 3711 1174 3760 grave
1203 3710 1448 3759 suspenso
1479 3711 1692 3745 vomere

676 3790 836 3829 cesset
847 3788 1000 3844 opus:
1015 3772 1214 3822 Solvite
1225 3771 1542 3840 vinclajugis
1554 3785 1648 3824 etc,
1664 3800 1682 3817 2·

679 3891 756 3900 -
791 3855 1073 3908 Molles-cunt
1107 3851 1229 3901 colla
1250 3853 1465 3918 juvencis
1487 3870 1506 3900 .·
1531 3852 1691 3903 inter·

678 3938 831 3989 misso
870 3934 950 3984 his
984 3930 1129 3982 feriis
1173 3930 1384 3993 labore,
1417 3930 1691 3983 mollitiem

675 4012 936 4086 quandam
962 4009 1120 4062 trahit
1141 4012 1267 4079 jugo
1293 4007 1480 4060 detrita
1511 4023 1559 4061 et
1587 4012 1691 4062 cal-

673 4099 726 4148 lo
755 4093 981 4146 obducta
1009 4092 1355 4156 juvencorum
1385 4089 1582 4140 cervix.
1612 4121 1689 4131 —-

1781 1242 2000 1293 Juvencc‘s
2029 1245 2334 1313 exquisitius
2357 1266 2458 1317 pro
2472 1251 2784 1317 juvencorum.

1782 1353 1858 1363 --
1878 1323 2085 1373 Lenzius
2107 1324 2161 1374 in
2186 1324 2454 1396 spicilegio
2477 1329 2788 1382 observatio·

1781 1420 1908 1452 num
1929 1440 1943 1464 ,
1962 1420 2090 1471 quas
2115 1421 2321 1454 mecum
2345 1424 2440 1474 per
2462 1407 2636 1460 literas
2656 1428 2791 1461 com·

1781 1481 2091 1543 manicavit,
2111 1482 2389 1536 commode
2413 1505 2536 1537 cum
2559 1487 2788 1541 hocloco

1779 1573 2048 1628 comparat
2088 1560 2325 1630 Fulgent.
2369 1565 2394 1613 1
2415 1602 2430 1626 ,
2459 1567 2605 1634 praef.
2641 1587 2691 1639 p.
2720 1586 2750 1636 9
2772 1604 2787 1627 ,

1781 1636 1910 1690 edit.
1938 1638 2155 1690 Muuk.:
2185 1641 2348 1692 «Tam
2377 1643 2522 1714 largo
2549 1646 2697 1698 fumo
2720 1648 2786 1697 lu·

1782 1717 1886 1766 rida
1911 1717 2197 1787 parietibus
2211 1732 2379 1771 aratra
2400 1722 2698 1793 pendebant
2711 1765 2726 1790 ,
2744 1737 2790 1777 et

1782 1796 2060 1848 laborifera
2078 1798 2214 1848 boum
2236 1800 2361 1852 colla
2376 1802 2575 1871 jugales
2599 1805 2653 1856 in
2677 1823 2789 1857 vac-

1780 1875 1950 1926 cinam
1985 1877 2222 1928 mollitiem
2253 1877 2580 1934 deduxerant
2610 1885 2791 1936 callos:

1780 1955 2043 2024 squalebat
2069 1956 2259 2009 viduus
2277 1959 2430 2010 sulcis
2447 1978 2588 2030 ager,
2609 1976 2660 2015 et
2676 1964 2791 2016 her·

1782 2032 1917 2083 hidis
1948 2035 2179 2087 sentibus
2209 2038 2450 2090 olivifero
2485 2041 2668 2094 vertici
2697 2043 2791 2095 mi·

1781 2113 2369 2186 nabatur.’³--—Cs.Virg.
2386 2118 2608 2184 Ecl.1V,
2625 2128 2713 2185 4⁰·
2728 2123 2789 2173 N.

1864 2193 1954 2259 39.
1982 2195 2193 2245 Humilis
2220 2200 2361 2247 vinea
2379 2236 2391 2256 ,
2428 2199 2521 2250 ubi
2550 2201 2675 2254 vitis
2697 2202 2793 2253 bu-

1783 2271 1920 2322 milis
1941 2275 2168 2325 nascitur
2186 2313 2201 2338 ,
2224 2293 2339 2345 quae
2360 2276 2457 2327 nisi
2481 2292 2651 2331 rastro
2677 2300 2797 2351 pur·

1781 2363 1961 2417 gatur,
1995 2353 2196 2420 palatur
2229 2367 2279 2405 et
2309 2355 2583 2424 alligatur,
2615 2374 2793 2412 natura

1782 2447 1868 2480 sua
1898 2431 2047 2482 humi
2077 2433 2237 2503 serpit
2263 2445 2315 2485 et
2351 2434 2565 2488 humilis
2601 2454 2789 2492 manet.

1782 2510 1893 2560 Cic.
1923 2512 2132 2563 Tuscul.
2159 2513 2230 2575 V,
2268 2514 2337 2582 37
2362 2536 2373 2564 z
2401 2540 2422 2560 ι
2449 2516 2587 2569 Vitis
2620 2533 2673 2571 et
2710 2539 2796 2583 ea,

1782 2605 1896 2655 quae
1925 2603 2041 2640 sunt
2067 2591 2382 2655 humiliora,
2412 2613 2587 2666 neque
2616 2616 2671 2649 se
2700 2600 2793 2650 tol-

1782 2668 1887 2717 lere
1905 2668 2056 2718 altius
2070 2688 2098 2719 e
2114 2683 2247 2723 terra
2269 2687 2499 2742 possunt.
2514 2676 2668 2745 »Ipse
2692 2679 2792 2729 No·

1781 2759 1882 2796 ster
1912 2766 2063 2817 supra
2094 2748 2269 2801 Carm.
2300 2753 2454 2803 LXII
2473 2791 2488 2816 ,
2521 2760 2593 2823 ⁴9
2625 2774 2640 2805 :
2681 2783 2704 2802 ι
2727 2757 2796 2808 Ut

1781 2824 1937 2877 vidua
1984 2827 2036 2877 in
2078 2827 2224 2880 nudo
2260 2830 2380 2881 vitis
2417 2850 2531 2901 quae
2567 2837 2795 2887 nascitur

1781 2924 1906 2955 arvo
1931 2943 1944 2965 ‚
1981 2906 2263 2977 Nunquam
2306 2928 2359 2960 se
2405 2911 2599 2963 attollit
2637 2927 2741 2966 etc.
2767 2940 2787 2960 ι

1781 3014 1858 3022 ——
1889 2985 1991 3035 Vix
2014 2986 2173 3055 igitur
2202 3007 2335 3057 opus
2362 2987 2571 3042 videtur
2599 2994 2793 3062 proba·

1784 3081 1839 3113 re
1862 3063 1992 3114 velle
2013 3104 2027 3128 ,
2046 3066 2175 3117 vites
2201 3067 2253 3117 in
2282 3068 2545 3120 Thessalia
2574 3072 2655 3121 vel
2688 3092 2794 3125 ma-

1781 3142 1919 3193 xime
1954 3143 2181 3196 humiles
2224 3147 2415 3210 fuisse,
2458 3147 2606 3218 quod
2642 3149 2796 3217 dpcte

1781 3221 2062 3289 probatum
2101 3224 2197 3276 ivit
2230 3227 2374 3277 Lenz.
2414 3227 2469 3279 in
2497 3241 2609 3280 not.
2636 3229 2713 3282 ad
2744 3232 2792 3282 h.

1780 3300 1814 3351 l.
1864 3320 1923 3351 ex
1961 3304 2127 3372 Longi
2166 3305 2414 3356 Pastoral.
2456 3308 2541 3372 11,
2598 3326 2618 3359 1
2643 3346 2659 3371 ‚
2711 3310 2795 3362 ubi

1781 3380 1997 3449 ἄμπελος
2047 3384 2252 3437 ταπεινὴ
2301 3385 2354 3435 in
2408 3386 2575 3438 insula
2623 3389 2796 3441 Lesbo

1779 3457 2107 3512 describitur.

1862 3545 1944 3599 40.
1973 3541 2134 3590 Prono
2161 3561 2365 3603 vomere,
2398 3540 2466 3594 ad
2495 3556 2698 3598 terram
2726 3547 2797 3598 in·

1778 3618 1972 3670 clinato
1990 3658 2004 3683 ,
2034 3638 2227 3688 presso.

1861 3704 1889 3760 4
1905 3717 1951 3750 1.
1976 3700 2182 3769 Lenncp.
2205 3698 2272 3751 ad
2297 3700 2512 3753 Coluth.
2534 3703 2563 3754 1
2579 3741 2594 3767 ‚
2618 3723 2671 3774 p.
2706 3706 2796 3770 33,

1779 3777 1888 3828 sine
1917 3778 2023 3828 ulla
2048 3777 2237 3832 idonea
2255 3798 2405 3831 causa
2422 3779 2569 3833 hunc
2587 3801 2796 3837 versum

1780 3855 2077 3909 emendavit
2098 3858 2170 3911 sic
2193 3877 2206 3911 :
2233 3885 2254 3906 ι
2282 3860 2401 3912 Non
2414 3860 2796 3926 salce.adtenu·

1776 3949 1827 3986 at
1849 3935 2122 3989 frondator
2141 3938 2321 3990 roboris
2339 3940 2583 3992 umbram
2598 3962 2648 4006 ;-
2680 3962 2799 4014 pro·

1778 4015 1912 4067 secto
1953 4016 2056 4068 hoc
2102 4031 2177 4069 est
2216 4037 2315 4089 pro
2359 4019 2530 4071 lubitu
2575 4034 2795 4074 tractare

1780 4108 1955 4163 poetas
1970 4095 2202 4149 !·-Fal.r
2203 4098 2477 4163 frondator.
2502 4100 2632 4152 Tria
2652 4102 2795 4153 fron-
