2986 4935
904 506 1351 574 CARMEN
1408 507 1555 573 111.
2201 505 2296 599 39

476 636 614 724 Qui
654 660 834 704 nunc
880 638 929 704 it
965 663 1085 732 per
1124 639 1248 706 iter
1288 639 1810 718 tenebricosum,

482 741 683 827 Illuc,
720 742 895 811 unde
937 759 1183 838 negant
1219 744 1432 813 redire
1467 768 1867 838 quemquam
1903 770 1914 810 ε

483 851 569 916 At
606 848 794 917 vohis
830 848 1000 918 male
1043 853 1159 938 sit,
1200 849 1389 920 malae
1428 850 1719 919 tenebrae

480 956 679 1038 Orci,
715 980 864 1050 quae
898 957 1123 1025 omnia
1160 955 1329 1026 bella
1363 956 1697 1026 devoratis
1730 983 1744 1023 :

475 1063 643 1129 Tam
686 1060 932 1131 bellum
973 1063 1135 1131 mihi
1172 1088 1505 1157 passerem
1544 1061 1923 1132 abstulistis.

476 1169 543 1233 Ο
582 1166 830 1235 factum
868 1165 1070 1237 male!
1112 1171 1176 1236 O
1216 1169 1464 1239 miselle
1509 1193 1767 1263 passer,

473 1275 617 1340 Tua
655 1299 836 1342 nunc
873 1299 1110 1369 opera,
1140 1302 1305 1345 meae
1344 1275 1578 1371 puellae

476 1377 726 1448 Flendo
765 1380 1080 1476 turgiduli
1122 1384 1361 1451 rubent
1404 1379 1631 1452 ocelli!

165 1596 327 1641 minam
362 1590 469 1642 hoc
496 1603 572 1642 est
609 1609 789 1643 versus
825 1592 907 1645 vel
936 1589 1184 1644 adversus
1270 1593 1435 1663 gentis
1479 1590 1626 1662 apud
1676 1592 1826 1643 Bion.
1869 1589 2027 1661 Idyll.
2075 1592 2134 1656 Ι,
2186 1593 2255 1645 35
2281 1630 2294 1650 ,

163 1669 443 1722 dominam.
1272 1669 1390 1726 τόδε
1430 1676 1530 1725 πᾶν
1577 1674 1720 1723 καλὸν
1762 1672 1808 1731 ἐς
1842 1673 1897 1723 σὲ
1927 1673 2178 1742 καταῤῥεῖ.
2212 1674 2296 1726 Cf.

241 1769 264 1801 1
282 1757 436 1813 ι-ιᾷ.
471 1750 572 1801 Iter
595 1750 959 1803 tenebricosum:
984 1769 1081 1804 nos
1103 1790 1117 1815 ‚
1141 1754 1185 1803 le
1275 1751 1434 1805 ovid.
1455 1754 1637 1804 Amor.
1663 1753 1717 1803 11
1733 1789 1749 1815 ,
1777 1770 1832 1803 v1
1852 1790 1867 1814 ‚
1898 1752 1988 1821 39.

160 1833 261 1879 noir
299 1833 480 1881 sente'er
505 1829 568 1880 de
594 1831 644 1880 la
676 1842 814 1881 mort.
847 1831 1052 1883 Sallust.
1081 1832 1182 1884 Ca·
1362 1838 1446 1886 16.
1478 1832 1641 1884 Bellus
1665 1832 1747 1882 [lle
1762 1851 1930 1901 passer
1952 1829 2073 1883 ΑΜ.
2103 1844 2153 1883 et
2178 1832 2292 1884 Col.

160 1909 228 1960 til.
255 1911 383 1971 LII,
424 1905 474 1970 S.
504 1916 608 1983 1¹42
645 1912 902 1977 infime-um
935 1912 1040 1962 loca
1075 1923 1185 1962 sunt
1273 1932 1302 1962 ο
1354 1913 1492 1962 mulae
1554 1913 1756 1962 tenebra:
1801 1911 1994 1962 Mur-et.
2042 1931 2071 1960 ο
2106 1912 2294 1976 factum

162 2000 275 2041 tetra
292 2031 309 2053 ,
351 1990 568 2051 inculta,
598 1990 739 2056 soeda
771 2003 914 2063 atque
940 1991 1184 2057 formido·
1273 1992 1395 2042 male
1414 2033 1427 2055 ,
1473 2011 1554 2041 να·
1592 1991 1768 2058 pusille
1804 2010 1974 2060 passer
2019 1990 2297 2060 Meleager,

162 2068 286 2131 losa,
338 2070 432 2121 ubi
476 2068 586 2121 vid.
632 2070 819 2123 similia
862 2070 1102 2141 exempla
1154 2090 1181 2122 a
1273 2071 1443 2142 quiin
1468 2070 1693 2139 antiquis
1716 2070 1864 2121 libris
1892 2071 2184 2132 invenerat,
2210 2070 2293 2120 bo-

159 2148 336 2201 Con-tio
374 2149 614 2202 collecta.
637 2182 717 2191 --
752 2168 834 2204 12.
874 2150 1010 2202 Illud
1033 2149 1181 2203 MSS.
1271 2171 1381 2202 num
1414 2152 1604 2216 factum
1639 2149 1760 2199 male
1803 2148 1950 2199 bellus
1992 2150 2071 2198 ille
2106 2168 2292 2217 passer.

159 2227 278 2282 Stat.
302 2262 385 2271 —
418 2229 560 2280 Unde
587 2249 695 2297 neg.
724 2230 825 2284 red.
858 2250 904 2302 q.
933 2223 1185 2282 Similiter
1271 2263 1348 2273 —
1375 2232 1425 2283 0
1454 2232 1643 2296 sactum
1688 2230 1809 2279 male
1836 2237 1855 2279 .'
1885 2227 2205 2280 Exclamatio
2239 2229 2292 2279 in

158 2307 479 2380 Orcusapud
501 2309 826 2380 Oppianum,
842 2310 1180 2373 Halieut.1V‚
1271 2310 1426 2362 rebus
1496 2308 1741 2360 adversis,
1805 2308 1892 2360 Sic
1977 2306 2161 2359 Cicero
2227 2306 2296 2359 de

162 2386 296 2455 394,
327 2386 595 2449 intueare<
630 2385 768 2450 ἄῖὸος
810 2391 918 2445 εὐνὴ
949 2401 1182 2455 vocatur,
1274 2404 1441 2442 morte
1471 2388 1735 2440 Alexionis
1762 2387 1829 2440 ad
1859 2386 2014 2439 Attio.
2047 2386 2139 2438 lib.
2171 2386 2292 2449 XV,

154 2466 216 2520 ad
247 2487 411 2540 quem
446 2469 626 2521 locum
657 2470 756 2521 alia
791 2471 1057 2541 exempla,
1090 2471 1181 2522 fati
1268 2472 1414 2541 epist.
1446 2473 1492 2531 Ι,
1524 2471 1765 2535 Osactum
1793 2470 1914 2519 male
1938 2466 1997 2518 de
2028 2466 2296 2521 Alexione:

154 2550 509 2601 necessitatem
580 2547 921 2602 describenda
951 2589 966 2615 ‚
1037 2548 1182 2602 dabit
1268 2563 1446 2602 contra
1472 2551 1527 2601 in
1551 2549 1707 2600 rebus
1729 2549 1855 2600 laetis
1872 2550 2117 2614 Osactum
2148 2547 2291 2609 hene,-

156 2629 545 2681 Rittershusius.
588 2629 671 2681 Cf.
712 2630 970 2701 Antipatri
1014 2629 1176 2700 epigr.
1271 2631 1336 2680 cf.
1367 2630 1610 2700 Vulpiusi.
1637 2661 1716 2670 ——
1754 2629 1859 2679 Tua
1886 2647 2029 2698 opera
2051 2626 2104 2678 h.
2137 2645 2181 2678 e.
2206 2641 2294 2680 tua

151 2708 203 2758 in
234 2707 471 2760 Analect.
498 2709 620 2759 Vet.
646 2709 788 2760 Poet.
820 2710 988 2762 Graec.
1016 2728 1088 2779 90
1106 2747 1120 2768 ,
1145 2722 1180 2761 t.
1271 2727 1421 2761 causa
1438 2749 1452 2774 ‚
1492 2720 1709 2779 propter
1746 2721 1811 2761 te.
1843 2741 1923 2750 -—
1950 2709 2126 2758 Vestra
2170 2727 2295 2758 neme

153 2788 235 2850 Π,
272 2807 329 2858 p.
392 2789 466 2857 37
488 2827 505 2851 ,
551 2786 676 2840 edit.
707 2790 937 2841 Brunck.
997 2792 1043 2850 ἐς
1087 2789 1180 2859 γὰρ
1270 2808 1412 2858 opera
1462 2787 1640 2840 Aldus,
1676 2790 1786 2857 cuja
1822 2808 1946 2839 nunc
1987 2806 2132 2857 opera
2155 2788 2293 2838 Vos·

152 2866 420 2938 ἄκαμπτον
442 2906 458 2930 ,
497 2857 563 2928 E<
598 2874 682 2920 τὸν
722 2868 989 2924 ἀνόστητον
1026 2876 1179 2938 χῶρον
1271 2869 1388 2920 sius.
1444 2870 1688 2920 Nostram
1754 2866 2029 2919 lectionem
2086 2879 2299 2919 tuentur

152 2943 266 3007 ἶὲης
310 2948 503 3017 ἰνίρων.
539 2979 617 2988 —-
648 2947 734 3001 Sic
791 2949 962 3000 Racin.
1010 2946 1180 3001 Phed.
1270 2947 1739 3018 cantabrig.Vulp.
1762 2961 1813 2999 et
1840 2965 2022 2997 omnes
2046 2947 2154 2997 fere
2176 2945 2296 2998 libri

148 3038 248 3079 act.
280 3027 372 3089 11,
398 3045 469 3079 sc.
505 3045 527 3078 1
559 3044 573 3078 ε
1270 3027 1464 3097 scripti.
1506 3060 1587 3067 —
1632 3026 1890 3095 Tur-gidult*
1938 3025 2092 3076 ocelli.
2144 3024 2296 3094 Saepe

150 3114 249 3151 nnis
272 3113 299 3151 a
319 3116 382 3151 ι’.
406 3128 462 3166 p·
482 3115 602 3152 nonin·
619 3113 669 3151 de
693 3127 740 3152 ee
757 3114 869 3152 triste
893 3113 1045 3166 adjonr,
1267 3125 1412 3176 genae
1437 3105 1630 3157 tumida·
1649 3118 1698 3157 et
1727 3105 1863 3157 oculi
1890 3104 2058 3156 tumidi
2079 3123 2141 3155 ex
2170 3104 2295 3155 fletu

150 3181 596 3236 &tq-artabat&
609 3183 957 3236 q⁸'⁰⁰P⁸⁸·⁸⁸⁸¹¹⁸
972 3186 1179 3224 retent-‚N-
1267 3184 1530 3239 dicuntur.
1598 3185 1795 3237 Tibull.
1859 3186 1914 3241 1,
1985 3203 2090 3235 vnr
2109 3223 2124 3250 ‚
2176 3186 2247 3237 68
2282 3201 2296 3234 ε

237 3270 324 3326 14.
360 3264 489 3333 Qua
542 3269 706 3316 omnia
755 3264 879 3315 bella
924 3265 1175 3316 devoratis.
1268 3266 1342 3316 Et
1374 3278 1453 3316 tua
1474 3269 1578 3332 jam
1590 3266 1719 3334 fletu
1747 3265 1925 3316 Iumina
1941 3265 2075 3329 fissa
2102 3275 2295 3316 tument.

146 3340 421 3395 Simiflima
461 3344 625 3415 plane
667 3343 738 3397 de
775 3344 918 3396 Orco
950 3358 1023 3397 est
1050 3364 1177 3415 que-
1268 3346 1373 3396 Ubi
1429 3344 1536 3398 vid.
1595 3344 1968 3397 illustrissimus
2021 3345 2193 3413 Heyn.
2242 3344 2294 3395 in

146 3421 255 3473 tela
286 3423 509 3477 Veneris
548 3437 778 3477 mortem
815 3422 1066 3477 Adonidis
1099 3425 1178 3476 lu·
1270 3424 1543 3477 Observat.
1573 3443 1625 3496 p.
1653 3443 1743 3494 77,
1770 3423 1891 3476 edit.
1919 3442 2071 3475 nova.

1848 4257 1927 4333 34
