2986 4935
679 401 767 470 16
1027 402 1278 469 VITA
1335 400 1884 467 C.VALERII
1943 399 2427 468 CATULLI.

662 533 876 609 innuit
894 529 934 618 ‚¹
977 533 1164 624 cujus
1194 556 1277 599 ne
1322 532 1668 624 vestigium
1715 530 1982 624 quidem
2022 547 2335 624 superest.
2369 536 2456 601 Et
2497 536 2811 605 Catullus

666 642 803 735 ipse
831 638 1119 707 affirmat
1140 631 1391 726 (Carm.
1416 638 1737 725 LXVIII,
1754 662 1847 705 vs.
1875 662 1898 705 1
1921 631 1993 731 7)
2013 662 2080 705 se
2102 644 2277 706 satis
2299 642 2516 708 multa
2535 642 2800 728 lusekse,

1136 806 1442 860 ,Iucundum
1471 826 1638 878 quum
1673 820 1789 860 zetas
1820 806 2009 860 florida
2039 827 2130 860 ver
2160 822 2350 879 ageret.

772 959 913 1027 Nisi
959 953 1281 1049 Raphaeli
1321 955 1563 1049 Eglino
1608 955 1838 1024 Iconio
1863 957 2178 1050 Tigurino
2228 957 2599 1028 auscultare
2642 960 2805 1030 veli-

667 1063 868 1151 mu5‚²
903 1064 1016 1157 qui
1065 1064 1286 1149 Cirin,
1330 1087 1565 1156 poema
1604 1061 2193 1156 elegantissimum,
2219 1064 2497 1158 Virgilio
2542 1066 2807 1159 abjudi-

666 1197 861 1257 cam,
910 1170 1181 1240 Catullo
1226 1170 1525 1237 attribuit
1573 1184 1845 1263 propter
1898 1169 2027 1237 stili
2071 1158 2625 1240 similitudinem.³
2671 1179 2804 1245 Ca·

665 1280 816 1346 tulli
851 1276 1153 1370 profecto
1182 1301 1321 1344 esse
1359 1275 1663 1344 videntur
1693 1276 1816 1343 tria
1853 1278 2147 1345 carmina
2186 1279 2254 1344 in
2284 1280 2591 1372 Priapum
2611 1334 2629 1366 ,
2655 1306 2805 1374 quae

665 1385 878 1454 doctis
916 1385 1072 1451 viris
1109 1381 1440 1451 nonnullis
1478 1397 1625 1476 post
1664 1384 1885 1450 Carm.
1918 1385 2119 1451 XVII
2150 1383 2475 1453 collocare
2510 1384 2792 1479 placuitg

664 1518 801 1560 non
831 1492 921 1559 ita
959 1487 1248 1558 dissimili
1286 1504 1440 1557 sunt
1471 1491 1767 1557 oratione
1800 1513 1877 1556 ac
1914 1487 2079 1557 stilo.
2122 1490 2323 1578 Quod
2353 1516 2389 1558 e
2425 1494 2608 1585 puris
2645 1494 2804 1561 iam-

666 1598 763 1666 bis
808 1597 1184 1666 confectum
1228 1610 1354 1681 est,
1391 1594 1647 1663 Phaseli
1693 1597 1972 1663 nitorem
2018 1598 2315 1688 proxime
2360 1599 2623 1691 attingit
2664 1627 2678 1667 ε
2736 1616 2804 1668 et

662 1704 961 1798 quaedam
1006 1705 1072 1768 in
1115 1705 1188 1769 iis
1242 1702 1701 1785 continentur,
1765 1727 2049 1795 quorum
2104 1703 2379 1772 imitatio
2420 1705 2486 1771 in
2534 1704 2802 1800 Eclogis

665 1809 1043 1904 Virgilianis
1083 1823 1393 1902 apparet3
1426 1807 1738 1901 Virgilius
1784 1811 1958 1875 enim
1990 1833 2026 1875 a
2075 1811 2343 1880 Catullo
2388 1810 2577 1904 plura
2621 1837 2802 1880 sum-

668 1920 823 2012 psit;
850 1931 989 1983 tum
1021 1916 1508 2008 comparativus
1533 1923 1898 1983 ostreosz'or
1915 1910 2164 2002 (Carni.
2178 1910 2445 2003 XVIII)
2459 1932 2797 1986 auctorem

667 2048 857 2093 suum
897 2023 1048 2090 satis
1086 2021 1366 2105 clamat.;
1410 2022 1787 2114 hujusmodi
1823 2024 1996 2089 enim
2037 2024 2500 2116 comparativis
2536 2024 2801 2118 longio-

661 2130 843 2199 ribus
878 2130 1184 2198 Catullus
1213 2128 1486 2196 mirifice
1520 2127 1900 2196 delectatur.
1935 2131 2166 2221 Neque
2194 2131 2586 2199 Terentiano
2614 2133 2803 2199 Mau-

661 2262 773 2323 ro,
813 2251 1071 2304 vetusto
1097 2251 1293 2327 atque
1333 2251 1655 2303 emunctae
1695 2237 1868 2303 naris
1913 2237 2396 2323 Grammatico,
2428 2262 2801 2332 repugnare

663 2346 868 2411 ausim
894 2395 913 2427 ,
955 2344 1067 2434 qui
1104 2355 1419 2426 testatur,
1467 2344 1801 2411 Catullum
1845 2342 2065 2436 plures
2109 2367 2332 2410 versus
2371 2368 2451 2411 eo
2500 2346 2799 2437 Priapeio

554 2507 563 2511 -
663 2451 799 2518 sive
865 2449 1303 2541 Antispastico
1380 2451 1569 2515 metri
1640 2473 1878 2542 genere
1955 2451 2421 2543 composuisse.
2494 2452 2802 2520 Decessit

665 2572 859 2649 poeta
905 2569 1127 2622 noster
1169 2578 1376 2621 annos
1432 2554 1682 2648 aliquot
1734 2571 1925 2623 natus
1975 2554 2144 2623 ultra
2196 2556 2665 2651 quadraginta,
2725 2573 2802 2626 ut

665 2663 978 2730 adversus
1018 2661 1280 2728 Eusebii
1334 2660 1716 2731 Chronicon
1766 2661 2040 2730 ostendo
2094 2662 2177 2730 ad
2223 2662 2362 2755 ejus
2412 2687 2613 2731 carin.
2669 2667 2798 2732 LII

662 2784 728 2836 et
774 2755 984 2836 (ΖΧΙ.4

663 2969 984 3040 Illy-[deducu
1029 2980 1287 3018 memorat
1332 2968 1684 3020 Terentianus
1772 2969 1893 3027 sius,
1929 2967 2070 3020 libro
2104 2971 2130 3019 I
2159 2970 2499 3032 Electorum‚
2532 2988 2696 3023 carm.
2726 2973 2792 3023 V.

664 3050 898 3101 Maurus.
915 3040 1016 3115 (Ex
1030 3048 1225 3100 Fabrtc.
1245 3047 1376 3099 Bibe.
1402 3048 1681 3099 Lat.Tom.
1774 3039 1888 3112 (Ex
1915 3048 2116 3100 Fabric.
2150 3049 2401 3100 Biblioth.
2429 3050 2543 3101 Lat.
2570 3061 2719 3103 tomo
2738 3053 2793 3115 1,
2848 3085 2854 3091 ·

667 3130 717 3193 I,
745 3121 955 3262 {ilisa
982 3220 1091 3258 nat.
1122 3206 1365 3258 XXVIII
1384 3246 1398 3269 ‚
1433 3226 1481 3255 2.
1771 3126 2201 3265 calz-{igmuum
2220 3198 2452 3278 'quoque
2483 3207 2677 3260 Caesari
2706 3228 2792 3261 su-

746 3306 798 3339 2.
826 3289 888 3338 In
919 3285 1162 3338 vindiciis
1197 3285 1334 3338 Ciris
1373 3285 1681 3338 Catullianae
1773 3288 2039 3357 perstitein
2062 3290 2222 3340 fuisse
2241 3286 2517 3340 contendit
2532 3289 2645 3340 Jos.
2671 3288 2792 3340 Sea-

662 3366 908 3419 adversus
933 3367 1043 3418 Jos.
1076 3366 1415 3435 Scaligerum.
1768 3368 1899 3437 liger
1915 3366 2792 3434 adEusehiinu1n.1v10CCCCLX,

744 3448 793 3499 3.
821 3448 1014 3497 Praeter
1040 3464 1152 3497 rem
1176 3447 1398 3496 omnino
1426 3445 1471 3496 C
1470 3448 1560 3495 irin
1581 3445 1679 3497 Ca·
1770 3447 2081 3499 assentiente
2113 3449 2178 3499 Is.
2214 3449 2525 3500 Casaubono
2556 3446 2621 3499 ad
2660 3450 2790 3501 Sue-

660 3526 796 3578 tullo
826 3525 1014 3577 tribuit
1038 3526 1247 3593 Eglinus
1264 3565 1279 3587 ‚
1307 3543 1461 3594 quem
1486 3526 1681 3577 Catulli
1772 3528 1902 3578 tonii
1931 3528 2190 3579 Caesarem
2208 3568 2222 3592 ,
2249 3546 2362 3597 cap.
2393 3528 2464 3596 73
2481 3565 2496 3590 ,
2521 3539 2573 3579 et
2602 3528 2788 3582 Franc.

658 3625 767 3657 non
799 3624 919 3657 raro
962 3605 1281 3657 imitatorem
1317 3603 1483 3655 docet
1506 3605 1681 3656 Leon·
1770 3607 2146 3675 Carpentarius
2207 3608 2263 3658 in
2321 3607 2750 3678 Carpentarianis
2774 3647 2789 3673 ‚

656 3684 858 3738 hardus
888 3685 1036 3736 Friso
1072 3685 1212 3736 libro
1250 3685 1409 3736 tertio
1449 3682 1518 3734 de
1550 3704 1679 3755 poe·-
1771 3706 1823 3756 p.
1866 3686 1970 3746 452
2008 3705 2120 3756 sqq.
2151 3687 2222 3738 ita
2247 3699 2307 3738 ut
2339 3705 2436 3757 per
2458 3688 2705 3738 Valerium
2736 3691 2789 3740 in

658 3778 827 3830 mate;
860 3784 1033 3835 neque
1062 3764 1236 3816 verius
1268 3765 1358 3816 alii
1384 3783 1596 3815 carmen
1621 3765 1681 3815 de
1768 3765 2004 3835 Epistola
2038 3766 2318 3819 Ciceronis*
2337 3765 2403 3818 ad
2421 3768 2789 3834 Trebat.V11,

661 3848 715 3896 V
712 3867 786 3897 ere
809 3886 823 3906 ,
862 3846 972 3896 sive
1015 3845 1327 3913 Pero-igilium
1373 3844 1571 3894 Veneris
1614 3843 1678 3896 ad
1777 3863 1797 3895 1
1818 3864 1837 3896 1
1857 3885 1872 3909 ‚
1904 3846 2142 3898 Catullus
2174 3848 2338 3916 possit
2363 3847 2583 3918 intelligi
2614 3838 2786 3913 (edit.

660 3926 926 3978 Catullum
989 3937 1259 3976 auctorem
1313 3925 1622 3978 retulerunt
1660 3943 1676 3988 ;
1769 3924 1980 3994 Bipont.
1998 3946 2051 3996 p.
2083 3946 2101 3977 ι
2118 3921 2191 3989 4).
2215 3927 2298 3979 Cf.
2317 3947 2412 3979 nos
2435 3929 2488 3980 in
2510 3946 2788 3998 argumen-

654 4024 883 4075 quorum
920 4004 1233 4056 sententiam
1276 4003 1519 4056 confutat
1547 4004 1675 4074 Lip·
1768 4018 1821 4056 to
1846 4003 1911 4057 ad
1938 4007 2114 4059 Carm.
2141 4008 2393 4059 XXXIV.
