2986 4935
663 415 812 511 394

1191 421 1269 485 C.
1310 419 1750 485 VALERII
1810 416 2268 485 CATULLI

1236 666 1791 754 CARMEN
1869 667 2213 755 CXIV.

1392 929 1476 970 IN
1537 926 2055 971 MENTULAM.

764 1149 1143 1214 FonmANo
1185 1142 1352 1211 saltu
1388 1169 1525 1212 non
1565 1142 1729 1212 falso
1767 1143 2068 1211 Mentula
2103 1142 2285 1211 dives

869 1255 1141 1333 Fertur3
1178 1251 1291 1342 qui
1334 1265 1499 1344 quot
1541 1276 1644 1319 res
1683 1253 1751 1316 in
1793 1274 1861 1318 se
1903 1248 2106 1317 habet
2146 1246 2474 1344 egregias!

759 1358 1056 1450 Aucupia
1088 1381 1284 1424 omne
1315 1380 1558 1450 geum,
1591 1358 1831 1450 pisces,
1864 1371 2088 1450 prata,
2125 1378 2285 1423 arva
2318 1355 2646 1450 ferasque.

736 1594 878 1643 Ano.
895 1592 1126 1641 Tantum
1148 1590 1323 1640 abesse
1339 1590 1431 1654 ait,
1456 1602 1513 1641 ut
1533 1591 1681 1640 Men·

657 1673 766 1723 tula
801 1669 947 1722 dives
980 1670 1070 1734 sit,
1101 1669 1194 1738 qui
1221 1670 1410 1738 vulgo,
1448 1669 1522 1720 ob
1561 1671 1679 1739 pul-

654 1751 905 1803 cherrimi
933 1747 1202 1818 cujusdam
1227 1750 1385 1801 saltus
1412 1748 1681 1801 Formiani

655 1830 1048 1900 possessionem,
1076 1829 1400 1892 habebatur,
1426 1841 1482 1880 ut
1506 1829 1681 1899 potius

655 1928 888 1973 summa,
905 1907 975 1959 ad
996 1927 1157 1978 quam
1176 1908 1355 1962 nimiis
1378 1908 1527 1960 factis
1543 1926 1683 1960 sum-

656 1991 832 2061 ptibus
859 1987 1106 2041 redactus
1129 1988 1223 2052 sit,
1252 1988 1455 2040 laboret
1479 1988 1678 2059 inopia.

659 2073 735 2122 De
758 2069 976 2122 Mentula
999 2066 1108 2120 vid.
1135 2069 1189 2118 V
1185 2088 1257 2121 ar.
1284 2070 1414 2120 Lect.
1441 2067 1510 2119 ad
1540 2088 1590 2120 v.
1629 2085 1676 2119 1.

741 2169 761 2202 1
777 2191 788 2202 .
814 2150 866 2201 F
863 2152 1072 2200 irmanus
1088 2150 1236 2199 salius
1255 2150 1335 2200 vel
1354 2149 1510 2199 salvus
1526 2147 1678 2199 MSS.

654 2230 826 2282 Statii.
841 2260 922 2271 —
941 2230 1200 2281 Firmanus
1210 2230 1358 2280 salius
1377 2229 1432 2279 in
1447 2227 1682 2279 editione

656 2310 902 2361 Parthen.
923 2340 1003 2349 —·
1026 2309 1251 2360 Firmani
1283 2310 1434 2359 saltus
1467 2308 1679 2377 Gryph.

656 2420 733 2430 -
763 2390 996 2440 Firmano
1023 2388 1153 2437 saltu
1182 2385 1378 2450 Aldus,
1404 2388 1648 2438 Muretus
1665 2425 1680 2450 ,

651 2470 879 2530 Statius,
920 2467 1177 2527 Vossius,
1216 2465 1387 2518 editor
1425 2466 1679 2520 Cantabr.

654 2549 828 2600 Graev.
889 2543 993 2597 Sed
1054 2545 1280 2613 Scaliger
1305 2584 1320 2609 ,
1377 2546 1502 2616 quia
1554 2559 1676 2598 vett.

653 2626 827 2680 Codd.
868 2645 976 2677 non
1016 2626 1069 2677 F
1068 2629 1250 2675 irmano
1288 2624 1378 2676 sed
1421 2626 1680 2677 Fit-manas

657 2726 765 2777 prae
803 2726 854 2757 se
894 2705 1101 2770 ferunt,
1135 2703 1415 2775 legendum
1457 2706 1679 2756 omnino

655 2799 830 2838 censet
851 2787 903 2837 F
899 2790 1137 2835 ormianus
1154 2785 1318 2835 saltus.
1338 2814 1414 2823 —
1428 2783 1678 2855 Scaligeri

651 2865 958 2917 sententiam
978 2863 1169 2935 cupide
1182 2865 1452 2935 amplexus
1466 2878 1540 2917 est
1549 2865 1681 2916 Vul-

651 2946 796 3015 pius,
819 2963 916 2997 nec
939 2945 1051 3015 ipse
1076 2945 1310 3015 primum
1332 2943 1401 2995 de
1422 2946 1533 3014 ejus
1553 2962 1677 3013 pro-

651 3025 921 3078 babilitate
939 3022 1267 3076 dubitabam.
1288 3023 1392 3076 Sed
1410 3042 1556 3076 nuuc
1570 3041 1679 3076 suo-

650 3118 872 3158 currunt
909 3104 1166 3165 rationes,
1202 3117 1318 3173 quae
1357 3104 1425 3154 ab
1464 3103 1554 3155 illa
1592 3121 1677 3156 me

649 3183 921 3237 discedere
970 3185 1173 3254 jubent.
1224 3184 1480 3246 Quamvis
1531 3183 1673 3234 enim

652 3265 801 3317 facile
842 3264 1187 3315 concesserim
1209 3298 1226 3324 ,
1268 3264 1443 3314 sallum
1481 3262 1672 3313 divitem

650 3356 786 3396 recte
816 3341 922 3394 dici
956 3361 1107 3412 posse
1133 3341 1201 3393 de
1232 3361 1296 3393 eo
1314 3381 1329 3406 ,
1353 3343 1445 3412 qui
1472 3341 1538 3394 sit
1562 3360 1673 3394 am-

647 3426 768 3493 plus
792 3435 843 3474 et
867 3423 1193 3483 fructuosus,
1228 3434 1400 3473 tamen
1429 3422 1554 3473 huic
1584 3441 1673 3473 ex·

650 3502 918 3573 plicationi
965 3517 1145 3571 aperte
1187 3515 1444 3571 repugnat
1492 3520 1670 3555 versus

649 3584 897 3653 quintus;
933 3582 1089 3645 dives,
1113 3582 1212 3632 nisi
1241 3582 1350 3631 vim
1381 3581 1555 3632 verbis
1591 3581 1670 3632 in-

649 3665 785 3714 ferre
806 3662 914 3723 vis,
948 3660 1009 3712 ad
1042 3660 1334 3712 Mentulam
1363 3660 1549 3712 reserri
1577 3659 1670 3711 de-

648 3743 766 3807 bet;
789 3740 1006 3793 additur
1023 3741 1163 3792 enim
1186 3739 1297 3790 dum
1319 3745 1478 3791 omnia
1493 3741 1666 3802 desint,

647 3820 792 3890 quod
826 3819 892 3872 de
931 3820 1061 3871 saltu
1099 3817 1311 3870 laudato
1351 3820 1524 3871 valere
1563 3839 1667 3870 non

649 3914 832 3970 potest.
876 3897 1115 3966 Deinde,
1155 3918 1321 3968 quum
1360 3900 1471 3950 haec
1514 3899 1669 3950 lectio

647 3993 696 4032 et
720 3979 998 4050 explicatio
1024 3979 1296 4049 impulerit
1319 3980 1666 4048 scaligerum,

648 4073 702 4110 nt
734 4071 986 4129 exsuperat
1017 4059 1067 4110 in
1096 4077 1248 4110 versu
1284 4066 1343 4122 15,
1371 4073 1419 4109 et
1448 4070 1586 4128 egeat
1614 4058 1664 4108 in

1769 1609 1921 1641 versu
1958 1594 1989 1640 6
2010 1629 2025 1653 ,
2052 1602 2237 1642 eontra
2264 1591 2509 1642 omnium
2536 1591 2794 1645 librorum

1769 1669 2129 1721 auctoritatem
2174 1682 2405 1722 mutaret
2448 1671 2505 1721 in
2546 1691 2797 1741 usqum

1767 1762 1819 1801 et
1838 1769 2005 1818 egeas,
2029 1748 2087 1800 id
2112 1767 2176 1801 eo
2191 1748 2360 1820 magis
2376 1749 2516 1802 banc
2534 1751 2797 1804 rationem

1768 1829 1898 1880 mibi
1912 1842 2205 1899 suspectam
2223 1827 2482 1893 reddidit,
2496 1831 2624 1899 quia
2639 1830 2797 1883 Poeta

1768 1922 1872 1960 tam
1892 1908 1945 1960 in
1961 1909 2219 1977 sequenti,
2234 1925 2395 1979 quam
2413 1910 2470 1960 in
2484 1909 2797 1962 anteceden-

1766 1988 1905 2041 tibus
1918 1988 2382 2057 epigrammatibus
2397 1984 2468 2041 ad
2482 1989 2796 2057 mentulam,

1763 2087 1872 2119 non
1904 2067 2002 2119 nisi
2035 2068 2089 2119 in
2117 2068 2271 2120 tertia
2293 2086 2521 2138 persona
2544 2067 2612 2122 de
2641 2070 2795 2121 Meu·

1766 2148 1874 2200 tula
1897 2148 2149 2218 loquitur.
2176 2145 2312 2199 Dedi
2333 2160 2510 2200 nutem
2533 2149 2794 2201 Formiano

1764 2228 1926 2290 saltu,
1964 2226 2109 2298 quod
2141 2229 2254 2298 jam
2288 2227 2531 2280 Muretus
2570 2228 2626 2280 in
2659 2248 2794 2280 nou-

1768 2307 1927 2360 nullis
1944 2307 2095 2359 libris
2123 2307 2413 2359 invenerat.
2435 2308 2604 2371 Nam,
2626 2324 2789 2378 quum

1764 2385 2056 2438 admodum
2076 2387 2353 2456 probabile
2366 2387 2460 2452 sit,
2479 2387 2791 2450 Man-mm,

1764 2466 1859 2538 qui
1880 2469 2091 2519 Formiis
2118 2479 2270 2520 natus
2285 2505 2301 2532 ,
2328 2481 2381 2519 et
2400 2465 2527 2520 inde
2549 2470 2662 2538 iam
2683 2460 2791 2537 (su-

1764 2566 1859 2617 pra
1890 2547 2068 2600 Carm.
2102 2548 2252 2611 XLI,
2283 2536 2353 2612 4)
2391 2548 2682 2600 Ρωπόαιιω
2709 2547 2789 2598 de·

1764 2639 1926 2677 coctor-
1947 2626 2117 2678 dictus
2136 2639 2212 2679 est
2230 2664 2246 2690 ,
2271 2628 2369 2679 sub
2393 2627 2618 2679 Mentula
2643 2626 2789 2679 intel·

1766 2705 2035 2775 ligendum
2080 2725 2190 2758 esse
2241 2702 2345 2767 (cf.
2400 2722 2561 2778 supra
2609 2708 2785 2760 cam.

1766 2783 2000 2850 XCIV),
2027 2786 2179 2838 facile
2208 2783 2336 2837 inde
2374 2785 2533 2858 hujus
2557 2786 2794 2839 lectionis

1764 2884 1976 2935 quoque
1998 2865 2346 2935 probabilitas
2363 2867 2643 2919 evincitur.
2671 2867 2790 2918 Far»

1764 2948 1923 2996 miano
1950 2961 2047 3015 per
2070 2945 2354 3015 synaeresin
2377 2959 2455 2998 eat
2479 2963 2586 2998 vox
2613 2946 2787 3018 trisyl-

1762 3025 1980 3078 laba.-—
1989 3025 2041 3075 F
2039 3029 2254 3076 ormiano
2272 3025 2420 3087 saltu,
2447 3025 2506 3078 h.
2528 3044 2560 3078 e
2578 3039 2788 3097 pmpter

1763 3103 2032 3157 Formiani
2056 3105 2218 3157 saltus
2247 3106 2645 3174 possessiouem.

1849 3203 1874 3235 a
1887 3225 1900 3237 .
1936 3186 2034 3235 Tot
2062 3205 2136 3235 res
2166 3202 2348 3236 omnes
2380 3185 2508 3237 libri
2547 3184 2784 3257 impressi

1762 3277 1879 3315 ante
1923 3264 2144 3317 Statium
2191 3277 2247 3318 et
2294 3264 2653 3335 Scaligerum,
2700 3262 2784 3316 sed

1761 3342 1910 3395 MSS.
1942 3344 2071 3396 Stat.
2111 3356 2165 3395 et
2194 3344 2345 3396 librr.
2380 3356 2507 3397 vett.
2542 3342 2783 3415 Sodigeri

1760 3437 2043 3495 suggerunt
2082 3436 2200 3494 quoe
2213 3464 2228 3487 ,
2262 3422 2412 3493 quod
2443 3423 2633 3476 melius
2667 3441 2784 3476 naue

1760 3503 2100 3555 admirationi
2127 3502 2358 3556 inservit.

1843 3582 1891 3633 3.
1948 3584 2173 3652 Atti-‚apia
2189 3623 2203 3645 ,
2267 3601 2403 3632 omne
2447 3601 2602 3651 genus
2639 3583 2777 3650 piscis

1763 3661 1912 3713 MSS.
1942 3662 2067 3714 Stat.
2088 3696 2167 3704 —
2191 3663 2465 3730 Aucupium
2490 3679 2779 3729 omnegeaeas

1761 3739 1907 3793 editt.
1929 3741 2174 3793 Parthen.
2189 3740 2403 3812 Gryph.
2425 3742 2621 3793 Mur-et.
2643 3740 2776 3790 Hen-

1758 3820 1968 3889 ricpetr.
1996 3833 2046 3872 et
2065 3821 2194 3873 aliae.
2224 3852 2306 3863 —
2333 3820 2491 3872 Omne
2511 3839 2659 3889 genus
2683 3835 2776 3888 pro

1758 3903 1907 3950 omnis
1933 3904 2119 3969 generis
2139 3904 2176 3961 ‚·'
2197 3901 2439 3970 exempla
2479 3897 2604 3951 vide
2639 3893 2774 3968 apud

1760 3980 2017 4049 Vulpium
2036 4017 2051 4042 ,
2097 3993 2145 4031 et
2206 3979 2354 4050 plura
2408 3980 2461 4031 in
2513 3980 2774 4031 Thesaum

1758 4059 1973 4111 Gesner.
