2986 4935
871 455 1314 523 CARMEN
1373 458 1624 524 XLII.

2175 457 2317 527 133

497 585 727 675 Qualis
759 589 846 655 sit
877 586 1045 656 solet
1080 588 1220 656 haec
1251 590 1709 682 imaginosum.

181 769 234 822 in
262 789 316 822 se
337 766 661 822 descendere
695 781 745 820 et
777 787 1012 839 quaerere
1041 770 1200 835 solet,

180 869 335 921 quam
390 849 514 902 vilis
565 861 617 901 et
671 847 925 901 deformis
975 850 1084 914 sit;
1133 869 1199 901 en

180 943 434 999 quantum
479 930 591 1000 ejus
648 929 920 999 phantasia
960 929 1099 981 valet
1144 929 1198 980 in

181 1008 424 1079 fingenda
456 1009 554 1060 sibi
590 1006 659 1060 de
700 1027 752 1060 se
794 1009 1070 1079 formaque
1107 1027 1201 1060 sua

182 1090 403 1159 imagine
415 1089 430 1139 l
440 1089 505 1140 In
520 1087 759 1140 eamdem
773 1090 1080 1141 sententiam
1096 1089 1201 1159 legi

180 1187 385 1239 quoque
408 1168 608 1240 possit:
642 1195 664 1214 .
701 1200 714 1213 .
741 1201 755 1215 .
782 1200 794 1214 .
821 1201 835 1215 .
862 1187 960 1220 nec
986 1187 1200 1239 rogare,

180 1248 355 1314 Qualis
391 1248 492 1313 sit,
533 1249 664 1301 solet
694 1247 808 1301 baec
841 1248 1146 1318 imaginosa.
1168 1273 1189 1293 ι

1290 768 1394 823 Sed
1424 769 1558 822 illud
1578 791 1637 822 en
1657 771 1999 841 imaginosafnl
2016 792 2125 825 non
2143 775 2314 828 solum

1288 851 1499 921 gravius
1517 851 1636 902 finit
1661 852 1985 922 epigramma
2004 893 2020 920 ,
2040 852 2131 906 sed
2156 855 2314 908 etiam

1288 928 1356 982 ad
1397 931 1665 1001 antiquam
1704 932 1985 983 lectionem
2021 934 2074 985 in
2118 934 2316 986 MSSC.

1288 1009 1508 1062 Achillis
1523 1010 1669 1062 Statii
1689 1024 1739 1061 et
1754 1016 2067 1082 imaginosum
2091 1014 2319 1084 propius

1287 1088 1507 1143 accedit.
1520 1120 1598 1131 —-
1615 1090 1865 1144 Libenter
1880 1092 2124 1163 Scaliger-i
2140 1094 2319 1146 lectio·

1288 1189 1355 1221 ne
1375 1171 1704 1239 acquiescam
1720 1209 1736 1234 ‚
1760 1190 1878 1243 quae
1897 1171 2317 1244 praecedentibus

1287 1250 1423 1301 bene
1449 1250 1701 1303 concinit.
1726 1251 1796 1303 N.

776 1433 1316 1523 CARMEN
1414 1437 1716 1525 XLII.

950 1655 1032 1699 IN
1086 1655 1531 1713 Quamnam.

481 1831 806 1912 Anxm,
848 1825 1412 1920 hendecasyllabi,
1447 1844 1612 1921 quot
1647 1833 1801 1899 estis

481 1937 744 2002 Omnes
787 1934 1114 2027 undique,
1151 1949 1478 2028 quotquot
1514 1937 1666 2004 estis
1708 1961 1957 2004 omneS.

479 2044 727 2109 Jocum
774 2066 878 2108 me
922 2054 1112 2135 putat
1153 2065 1293 2109 esse
1330 2042 1586 2109 moecha
1632 2045 1877 2136 turpiS,

479 2150 575 2216 Et
612 2161 813 2241 negat
847 2147 1008 2215 mihi
1047 2162 1266 2214 vostra
1305 2146 1709 2216 reddituram

479 2252 874 2347 pugillaria,
909 2256 960 2321 si
1001 2255 1137 2348 pati
1175 2256 1468 2347 potestis.

246 2448 380 2502 Aac.
405 2444 492 2500 Ad
519 2444 840 2500 vindicanda
865 2466 893 2499 a
917 2447 1192 2500 meretrice

175 2526 263 2578 sibi
289 2526 551 2580 subducta
582 2527 860 2598 pugillaria
883 2546 1066 2579 omnes
1091 2548 1190 2578 un-

173 2603 322 2676 dique
342 2619 609 2660 convocat
627 2607 1102 2677 hendecasyllaon
1129 2627 1191 2658 co

174 2686 377 2738 oonsilio
405 2686 472 2739 ad
504 2688 844 2739 meretricem
873 2690 980 2758 jam
1011 2706 1190 2739 aman·

172 2763 360 2818 dandos
374 2806 390 2831 ,
412 2781 473 2820 ut
496 2766 736 2819 sublatos
754 2766 1025 2819 codicillos
1039 2804 1054 2826 ,
1083 2779 1192 2819 tan-

172 2863 316 2915 quam
344 2865 458 2899 rem
492 2847 577 2899 sui
605 2847 764 2917 juris,
794 2849 896 2899 alta
926 2860 978 2898 ct
1004 2859 1191 2899 contu·

174 2926 371 2978 meliosa
398 2946 531 2981 voce
557 2927 628 2979 ab
650 2926 746 2980 ista
770 2926 1094 2996 reflagitent;
1115 2959 1193 2968 -—-

173 3004 380 3058 sedmox
395 3007 639 3072 eosdem,
655 3025 820 3077 quum
843 3006 988 3060 omni
1013 3007 1194 3058 convi-

173 3083 362 3136 ciorum
389 3106 594 3157 genere
626 3086 705 3137 usi
732 3086 866 3139 nibil
898 3085 1039 3156 apud
1070 3105 1191 3156 per-

172 3162 322 3216 fricta
345 3166 540 3218 frontis
570 3167 900 3218 meretricem
933 3165 1189 3236 proficere

172 3258 365 3312 possent
380 3285 395 3309 ,
419 3246 692 3298 rationem
716 3247 978 3297 invertere
1001 3259 1054 3298 et
1075 3265 1187 3298 rem

170 3321 425 3378 blanditiis
448 3337 663 3380 tentare
682 3326 849 3393 jubet.

246 3423 291 3455 1.
317 3404 753 3477 Hendecasyllabi,
773 3404 1025 3476 jaciendis
1048 3405 1188 3457 enim

168 3485 409 3537 conviciis
450 3504 611 3556 aeque
652 3485 762 3555 apti
802 3502 861 3536 ac
900 3484 1060 3536 iambi
1095 3484 1188 3536 visi

170 3575 278 3615 sunt
297 3564 734 3635 hendecasyllabi
754 3603 769 3628 ‚
792 3578 848 3617 ut
873 3576 1090 3637 apparet
1111 3565 1192 3616 vel

170 3658 226 3692 ex
248 3641 348 3696 hoc
376 3646 642 3698 carmine.

243 3722 292 3774 3.
320 3724 494 3777 Iocum
532 3745 610 3775 me
633 3735 745 3794 put.
773 3724 1005 3795 Dignum
1034 3742 1191 3794 quem

168 3798 303 3855 ludat
340 3816 392 3856 et
435 3805 594 3876 parvi
635 3802 848 3874 pendat.
886 3804 972 3857 Sic
1003 3804 1190 3875 passim

160 3882 286 3947 jocus
303 3882 371 3935 de
392 3885 479 3949 iis,
503 3885 604 3956 qui
624 3896 747 3935 sunt
766 3883 1026 3938 ludibrio,
1047 3884 1190 3936 Phae·

168 3957 243 4011 dri
273 3963 398 4016 Fab.
442 3967 494 4027 1,
547 3983 654 4026 αι,
691 3982 739 4016 2.
777 3964 987 4017 Petron.
1019 3984 1064 4017 c.
1098 3963 1189 4033 57.

169 4037 458 4098 videantur
481 4042 555 4099 ad
582 4056 868 4115 utrumque
897 4044 1075 4098 locum
1102 4044 1192 4095 In·

171 4130 430 4192 terpretes.

1364 2454 1415 2511 4.
1445 2448 1610 2517 Negat
1634 2448 1945 2511 reddituram,
1966 2467 2036 2501 sc.
2060 2470 2130 2513 se,
2158 2449 2299 2521 quod

1281 2546 1418 2597 saepe
1456 2528 1597 2598 apud
1638 2543 1818 2600 poetas
1855 2528 2158 2599 negligitur.
2202 2530 2301 2580 Ve-

1280 2620 1405 2670 stra,
1454 2628 1575 2659 nam
1622 2606 1797 2661 sedem
1838 2610 1985 2679 quasi
2030 2610 2302 2679 propriam

1280 2687 1477 2739 habent
1498 2707 1675 2740 versus
1698 2690 1750 2739 in
1778 2702 2054 2758 poetarum
2081 2689 2297 2741 tabellis,

1365 2768 1414 2819 5.
1456 2768 1733 2835 pugillaria
1760 2770 1843 2819 vel
1869 2769 2132 2838 pugillares
2158 2785 2300 2821 erant

1280 2845 1511 2899 codicilli
1541 2848 1717 2916 parvi,
1743 2867 1968 2918 quorum
1993 2848 2224 2911 tabellae‚
2244 2863 2299 2899 ut

1281 2945 1421 2979 nunc
1434 2946 1648 2997 quoque
1667 2927 1972 2978 concinnari
1988 2929 2170 2983 solent,
2188 2928 2300 2978 fue-

1281 3018 1406 3057 runt
1430 3027 1460 3059 a
1480 3008 1655 3058 fronte
1683 3004 1932 3068 dissectae,
1958 3026 1987 3059 a
2016 3018 2159 3074 tergo
2184 3025 2303 3058 con-

1282 3099 1409 3138 sutae
1437 3098 1830 3156 compactaeque
1851 3123 1866 3147 ‚
1905 3098 1958 3136 at
1989 3085 2302 3156 plerumque

1279 3165 1331 3215 in
1387 3180 1610 3236 utraque
1664 3165 1881 3235 planitie
1925 3177 2138 3228 ceratae3
2189 3164 2299 3217 vid.

1278 3244 1559 3297 Schwartz.
1577 3244 1643 3296 de
1660 3246 1996 3297 Ornamentis
2016 3245 2161 3296 Libr.
2179 3246 2301 3296 Vet.

1280 3345 1331 3395 p.
1379 3346 1483 3395 ¹79
1521 3337 1573 3377 et
1609 3328 1751 3389 128,
1792 3323 1920 3376 edit.
1958 3323 2218 3376 Leuschn.
2252 3337 2305 3376 et

1281 3425 1399 3474 quae
1429 3405 1497 3457 de
1527 3425 1622 3456 usu
1656 3419 1707 3458 et
1738 3406 1905 3456 forma
1933 3403 2302 3456 codicillorum

1280 3483 1513 3555 disputat
1550 3487 1884 3537 Burmannus
1909 3485 1962 3536 in
1996 3484 2305 3555 praefatione

1280 3563 1344 3616 ad
1376 3566 1682 3618 Petronium
1718 3583 1823 3616 non
1852 3564 2005 3633 longe
2036 3564 2102 3614 ab
2137 3564 2304 3616 initio.

1279 3645 1418 3695 ---Se'
1428 3649 1539 3713 pati
1548 3648 1765 3713 potestis,
1785 3643 1823 3694 si
1840 3663 1934 3713 per
1953 3663 2044 3695 vos
2068 3643 2179 3694 fieri
2209 3663 2303 3713 po-

1280 3737 1404 3785 test,
1435 3738 1492 3777 ut
1520 3724 1684 3775 inulta
1715 3742 1836 3776 cum
1862 3724 1953 3773 ista
1981 3742 2069 3773 sua
2092 3735 2304 3792 proter·

1281 3804 1440 3855 vitate
1470 3804 1707 3855 elabatur
1737 3802 2006 3862 meretrix,
2042 3800 2131 3853 sed
2163 3814 2305 3853 certe

1279 3882 1334 3935 id
1358 3884 1473 3935 fieri
1496 3903 1698 3955 pervus
1721 3903 1828 3934 non
1849 3896 2051 3953 potest3
2075 3879 2300 3952 agedum

1282 3963 1468 4033 igitur,
1503 3984 1843 4036 persequamur
1878 3982 1979 4012 eam
2021 3974 2067 4012 et
2107 3962 2303 4030 reflagi-

1283 4055 1429 4095 temus
1460 4044 1752 4115 pugillaria.
1782 4074 1857 4085 —-—
1883 4045 1963 4093 Ita
1997 4060 2131 4111 saepe
2160 4038 2302 4110 apud

1284 4124 1502 4177 Poetam
1515 4144 1682 4176 nexus
1699 4121 2014 4195 quaerendus
2030 4133 2123 4173 est.
2145 4122 2304 4173 Istam

1915 4216 1936 4251 3

1854 4254 1901 4322 9
