2986 4935
603 455 699 537 44

1111 455 1184 524 C.
1228 454 1670 523 VALERII
1730 455 2206 523 CATULLI

1288 684 1844 772 CARMEN
1926 686 2028 768 V.

1379 913 1489 957 AD
1547 913 1946 958 LESBIAM.

917 1101 1296 1183 V1VAMU3,
1334 1122 1479 1166 mea
1520 1098 1792 1182 Lesbia,
1837 1113 2034 1192 atque
2080 1123 2412 1180 amemm,

907 1207 1367 1298 Rumoresque
1412 1229 1642 1272 senum
1689 1207 2093 1273 severiorum

916 1313 1168 1379 Omnes
1207 1312 1403 1379 unius
1445 1312 1840 1380 aestimemus
1886 1314 2060 1379 assis.

915 1415 1103 1484 Soles
1140 1416 1442 1485 occidere
1480 1433 1546 1484 et
1590 1416 1803 1484 redire
1848 1433 2124 1511 possunt
2156 1444 2168 1484 :

910 1521 1159 1611 Nobis,
1202 1548 1406 1617 quum
1442 1522 1643 1592 semel
1688 1524 1927 1593 occidit
1964 1525 2182 1593 brevis
2220 1522 2363 1608 lux,

915 1631 1067 1697 Nox
1106 1643 1205 1697 est
1239 1644 1557 1724 perpetua
1590 1654 1722 1697 una
1758 1630 2170 1698 dormientia.

915 1736 1023 1803 Da
1063 1736 1149 1803 mi
1189 1736 1367 1804 basia
1404 1733 1618 1819 mille,
1652 1737 1886 1804 deinde
1924 1751 2231 1822 centum3

913 1843 1089 1909 Dein
1130 1840 1305 1910 mille
1347 1840 1585 1927 altera,
1615 1842 1767 1911 dein
1802 1843 2087 1912 secunda
2132 1856 2438 1927 centum3

676 2052 815 2102 Ano.
841 2048 1010 2103 Hilari
1036 2050 1215 2102 animo
1241 2051 1458 2121 assurgit
1487 2070 1617 2122 poe·

598 2146 645 2184 ta
666 2168 681 2193 ,
709 2141 762 2181 et
785 2131 1015 2201 puellam
1046 2148 1190 2181 suam
1218 2128 1283 2181 ad
1309 2128 1518 2182 delicias
1544 2130 1619 2181 fa·

595 2207 806 2265 ciendas
831 2224 1015 2262 evocat
1041 2210 1222 2261 mortis
1243 2208 1618 2262 admoni*u.—

596 2288 800 2342 Eodem
824 2301 1136 2360 argumento
1153 2288 1222 2340 ad
1239 2290 1408 2341 mutui
1426 2291 1620 2340 amoris

596 2369 1009 2424 cohortationem
1050 2368 1194 2420 abusi
1239 2381 1358 2420 sunt
1394 2369 1478 2420 alii
1527 2388 1615 2419 ne·

594 2448 771 2520 quitiae
809 2448 1056 2519 magistri.
1105 2447 1342 2518 Propert.
1384 2448 1447 2512 l,
1488 2469 1578 2501 xix
1602 2489 1615 2514 ‚

603 2531 701 2591 25,
725 2529 813 2592 II,
842 2547 925 2585 xv,
957 2527 1324 2591 243Tibullus
1351 2529 1404 2589 1,
1432 2545 1454 2579 ῐ
1475 2571 1488 2590 ,
1525 2548 1616 2596 70.

594 2610 750 2662 Plura
778 2607 1020 2675 exempla
1044 2607 1367 2677 collegerunt
1382 2607 1621 2659 Muretus

594 2688 661 2742 ad
699 2688 802 2740 hoc
844 2704 1056 2739 carmen
1097 2699 1147 2738 et
1178 2687 1512 2738 Burmannus
1550 2686 1615 2739 ad

593 2768 799 2822 Lotich.
837 2767 919 2822 11,
950 2765 1082 2836 eleg.
1131 2769 1193 2828 8,
1227 2763 1319 2818 65.
1355 2765 1614 2819 Caeterum

591 2865 900 2918 comparare
922 2859 997 2899 est
1024 2863 1144 2897 cum
1163 2844 1354 2897 Nostro
1389 2845 1614 2898 Martial.

593 2930 673 2980 vl
698 2967 714 2991 ,
751 2926 843 2990 34.

681 3028 730 3061 1.
768 3009 823 3057 V
820 3011 997 3057 ivamus
1028 3018 1045 3050 -·
1075 3005 1226 3075 genio
1256 3003 1616 3073 indulgeamus

592 3102 887 3141 etamorem
901 3102 1249 3136 exerceamus.
1264 3084 1443 3135 Horat.
1465 3084 1613 3153 epist.

591 3171 643 3230 I,
690 3186 782 3232 Ἦ,
827 3167 896 3217 65
925 3183 936 3215 :
969 3166 1117 3214 «sine
1155 3183 1335 3215 amore
1381 3164 1615 3233 jocisque

594 3248 681 3300 Nil
711 3260 785 3299 est
803 3242 1098 3316 jucundum
1119 3283 1133 3307 ‚
1161 3244 1302 3294 vivas
1340 3244 1390 3294 in
1434 3262 1613 3294 amore

587 3330 836 3400 jocisque.
863 3351 885 3370 ι
911 3323 1185 3375 Petronius
1210 3341 1320 3393 cap.
1357 3323 1425 3384 34
1448 3361 1462 3386 ,
1495 3342 1612 3393 pag.

602 3411 749 3472 164:
790 3432 811 3453 ι
842 3405 983 3473 Ergo
1020 3403 1281 3465 vivamus,
1323 3402 1452 3454 dum
1497 3404 1614 3455 licet

591 3506 698 3539 esse
725 3486 860 3538 bene
883 3510 931 3548 υ,
953 3483 1042 3533 ubi
1072 3480 1193 3533 vide
1231 3482 1609 3534 Burmannum.

593 3568 676 3620 Sic
705 3572 797 3622 Ζῆν
830 3561 974 3634 apud
1000 3561 1226 3615 Graecos.

674 3667 722 3698 2.
745 3646 975 3697 Rumores
1007 3662 1105 3694 sen.
1138 3663 1228 3693 sco.
1263 3639 1516 3711 quicquid
1547 3639 1614 3692 de

590 3743 771 3780 amore
808 3735 988 3775 nostro
1029 3735 1267 3793 spargant
1311 3734 1361 3771 et
1399 3733 1615 3791 crepent

587 3824 735 3860 senes
763 3802 973 3856 morosi.

673 3892 705 3949 4
723 3903 815 3954 -7,
846 3882 980 3936 Soles
1016 3880 1225 3930 occidere
1263 3894 1307 3929 et
1347 3880 1444 3931 red.
1475 3900 1610 3949 poss.

588 3961 997 4018 Accommodate
1029 3959 1210 4011 Horat.
1235 3959 1338 4010 Od.
1367 3961 1465 4022 tv,
1492 3979 1570 4012 vn
1599 4002 1611 4026 ‚

601 4043 665 4096 13
693 4062 705 4095 ε
731 4070 751 4090 ι
770 4044 973 4095 Damna
1007 4054 1175 4091 tamen
1221 4040 1411 4091 celeres
1458 4060 1608 4109 repa·

586 4135 702 4176 rant
728 4122 943 4174 caelestia
977 4120 1111 4171 lunae
1138 4145 1157 4164 ι
1184 4138 1199 4182 3
1228 4120 1455 4171 colorem
1488 4120 1610 4171 inde

1704 2049 1853 2104 duxit
1867 2053 2070 2106 Lotich.
2088 2054 2232 2124 Eleg.
2247 2053 2348 2117 111,
2365 2072 2421 2120 7,
2440 2072 2466 2105 2
2479 2051 2507 2104 3
2527 2071 2539 2105 :
2559 2054 2738 2126 «Ergo

1708 2132 1794 2182 ubi
1829 2151 2137 2202 permensus
2167 2134 2354 2185 caelum
2386 2132 2475 2184 Sol
2504 2133 2701 2186 occidit
2723 2176 2737 2198 ‚

1705 2208 1847 2262 idem
1868 2213 2140 2283 Purpureo
2163 2213 2312 2264 vestit
2334 2212 2534 2264 lumine
2556 2233 2741 2267 rursus

1705 2290 1964 2355 humum3
1994 2292 2103 2344 Nos
2123 2331 2138 2356 ‚
2161 2292 2252 2343 ubi
2283 2290 2608 2357 decidimus,
2638 2292 2738 2346 de·

1707 2369 1869 2422 suncti
1896 2389 2113 2423 munere
2133 2371 2249 2424 vitae
2262 2409 2277 2435 ,
2295 2372 2460 2440 Urget
2479 2387 2740 2442 perpetua

1706 2449 1904 2502 lumina
1936 2465 2089 2505 nocte
2123 2471 2294 2523 sopor.
2323 2478 2344 2499 υ
2370 2448 2494 2504 Vid.
2519 2471 2637 2522 quae
2657 2453 2736 2506 ihi

1705 2531 1903 2581 notavit
1930 2532 2216 2584 Burmann.
2245 2531 2362 2584 Sec.
2464 2597 2474 2607 -

1790 2611 1840 2660 5.
1861 2609 2019 2676 Quum
2034 2613 2178 2661 semel
2197 2611 2368 2663 occidit
2390 2611 2493 2673 luz,
2518 2631 2614 2662 nox
2636 2631 2737 2663 una

1698 2707 1835 2757 perp.
1862 2702 1930 2739 est
1948 2689 2099 2743 dorm.
2121 2691 2368 2743 Certatim
2388 2691 2514 2743 hinc
2532 2705 2739 2744 senten-

1706 2768 1829 2819 tiam
1846 2784 2166 2822 exornarunt
2182 2782 2347 2840 poetae
2360 2790 2376 2836 3
2390 2771 2540 2841 cujus
2559 2789 2739 2825 exem-

1703 2847 1789 2915 pla
1817 2848 2003 2899 ubivis.
2029 2850 2210 2901 Unum
2228 2868 2485 2919 ponamus
2511 2870 2572 2903 ex
2595 2851 2739 2904 Mos·

1704 2926 1805 2976 cho
1839 2926 1998 2998 ldyn.
2028 2931 2111 2992 11,
2144 2931 2282 2981 108:
2319 2919 2526 2982 ὁππότε
2552 2939 2735 3000 πρῶτα

1702 3007 1921 3076 Θοίνωμες
1982 3010 2176 3060 ἀνάκοοι
2244 3012 2288 3061 ἐν
2356 3012 2488 3076 χθονὶ
2550 3012 2691 3080 κοίλᾳ
2719 3053 2733 3076 ,

1702 3075 1922 3156 sindone<
1981 3092 2026 3139 ἐϋ
2069 3090 2205 3157 μάλα
2251 3090 2432 3158 μακρὸν
2484 3091 2734 3159 ἁτέρμονα

1701 3175 1926 3235 νήγρετον
1984 3169 2150 3219 ὕπνον.
2202 3168 2316 3221 Nox
2366 3187 2464 3238 pro
2519 3189 2686 3221 somno
2713 3194 2734 3232 ,-

1703 3246 1809 3299 vid.
1843 3248 2268 3300 Diackenborch.
2297 3246 2366 3300 ad
2397 3248 2583 3301 Silium
2612 3251 2734 3304 Ital.

1703 3327 1784 3377 III
1801 3367 1814 3389 ,
1848 3347 1871 3376 2
1887 3345 1907 3376 1
1919 3331 1970 3379 6.

1784 3409 1837 3458 6.
1860 3404 2181 3471 Simonides,
2208 3406 2350 3477 apud
2384 3407 2531 3460 Stob.
2560 3407 2731 3462 Serm.

1708 3505 1730 3537 1
1748 3488 1816 3537 26
1841 3504 1854 3537 :
1881 3486 2108 3554 Κρυφθεὶς
2133 3482 2194 3538 δέ
2211 3488 2306 3539 ὑπὸ
2326 3494 2415 3556 γῆς
2438 3491 2597 3539 κεῖται
2625 3494 2735 3545 flvm-

1700 3568 1782 3625 τὸς
1802 3568 1880 3617 τὸν
1908 3567 2111 3617 ἅπαντα
2133 3567 2316 3635 χρόνον.
2335 3568 2496 3619 Poeta
2511 3566 2732 3638 quidam

1698 3657 1899 3697 nostras
1920 3645 1991 3698 sic
2012 3658 2180 3697 vatem
2214 3647 2580 3700 veronensem
2609 3648 2731 3702 imi-

1700 3736 1833 3776 tatus
1860 3737 1968 3777 est:

1702 3816 1885 3855 L'inutile
1904 3815 2098 3856 vieillesse
2122 3830 2170 3855 au
2191 3817 2372 3857 tombeau
2396 3833 2496 3858 nous
2523 3819 2705 3872 appelle;

1702 3890 1753 3927 Et
1775 3888 1902 3939 quand
1919 3896 2032 3925 notre
2052 3888 2138 3925 nuit
2158 3888 2262 3926 vient
2275 3917 2285 3934 ,
2309 3887 2381 3927 elle
2401 3890 2510 3928 vient
2526 3890 2730 3930 &tex-nelle.

2623 3964 2678 4004 N.

1781 4044 1831 4093 8.
1849 4042 1975 4092 Dein
1991 4040 2060 4091 mi
2078 4040 2230 4091 altera
2244 4042 2309 4092 da
2324 4043 2526 4094 secunda
2544 4056 2729 4093 centum

1705 4122 1852 4172 Voss,
1885 4122 1935 4172 in
1970 4121 2073 4172 suis
2110 4122 2334 4192 exempl.
2372 4135 2421 4173 et
2462 4123 2533 4173 sic
2564 4136 2637 4173 est
2676 4125 2727 4174 in
