<?xml version="1.0" encoding="UTF-8"?>
<!DOCTYPE html PUBLIC "-//W3C//DTD XHTML 1.0 Transitional//EN"
    "http://www.w3.org/TR/xhtml1/DTD/xhtml1-transitional.dtd">
<html xmlns="http://www.w3.org/1999/xhtml" xml:lang="en" lang="en">
 <head>
  <title>
</title>
<meta http-equiv="Content-Type" content="text/html;charset=utf-8" />
  <meta name='ocr-system' content='tesseract 3.04.00' />
  <meta name='ocr-capabilities' content='ocr_page ocr_carea ocr_par ocr_line ocrx_word'/>
</head>
<body>
  <div class='ocr_page' id='page_1' title='image "./cvaleriuscatull00naudgoog_0358.png"; bbox 0 0 2986 4935; ppageno 0'>
   <div class='ocr_carea' id='block_1_1' title="bbox 630 568 661 609">
    <p class='ocr_par' dir='ltr' id='par_1_1' title="bbox 630 568 661 609">
     <span class='ocr_line' id='line_1_1' title="bbox 630 568 661 609; baseline 0 0"><span class='ocrx_word' id='word_1_1' title='bbox 630 568 661 609; x_wconf 68' lang='lat' dir='ltr'><em>C</em></span> 
     </span>
    </p>
   </div>
   <div class='ocr_carea' id='block_1_2' title="bbox 709 453 852 537">
    <p class='ocr_par' dir='ltr' id='par_1_2' title="bbox 709 453 852 537">
     <span class='ocr_line' id='line_1_2' title="bbox 709 453 852 537; baseline -0.007 -16"><span class='ocrx_word' id='word_1_2' title='bbox 709 453 852 537; x_wconf 71' lang='lat'>342</span> 
     </span>
    </p>
   </div>
   <div class='ocr_carea' id='block_1_3' title="bbox 1229 457 2293 523">
    <p class='ocr_par' dir='ltr' id='par_1_3' title="bbox 1229 457 2293 523">
     <span class='ocr_line' id='line_1_3' title="bbox 1229 457 2293 523; baseline 0.001 -3"><span class='ocrx_word' id='word_1_3' title='bbox 1229 457 1770 520; x_wconf 74' lang='lat' dir='ltr'>(;.VALER11</span> <span class='ocrx_word' id='word_1_4' title='bbox 1832 457 2100 523; x_wconf 80' lang='lat' dir='ltr'>CATU</span> <span class='ocrx_word' id='word_1_5' title='bbox 2123 458 2293 523; x_wconf 87' lang='lat' dir='ltr'>LL1</span> 
     </span>
    </p>
   </div>
   <div class='ocr_carea' id='block_1_4' title="bbox 807 583 2818 1308">
    <p class='ocr_par' dir='ltr' id='par_1_4' title="bbox 913 583 2312 677">
     <span class='ocr_line' id='line_1_4' title="bbox 913 583 2312 677; baseline 0.001 -27"><span class='ocrx_word' id='word_1_6' title='bbox 913 588 1250 676; x_wconf 79' lang='lat' dir='ltr'>Ingratum</span> <span class='ocrx_word' id='word_1_7' title='bbox 1298 583 1555 667; x_wconf 78' lang='lat' dir='ltr'>tremuli</span> <span class='ocrx_word' id='word_1_8' title='bbox 1601 583 1754 651; x_wconf 85' lang='lat' dir='ltr'>tolle</span> <span class='ocrx_word' id='word_1_9' title='bbox 1795 588 2084 677; x_wconf 83' lang='lat' dir='ltr'>parentis</span> <span class='ocrx_word' id='word_1_10' title='bbox 2128 610 2312 653; x_wconf 58' lang='lat' dir='ltr'>onus„</span> 
     </span>
    </p>

    <p class='ocr_par' dir='ltr' id='par_1_5' title="bbox 811 689 2469 887">
     <span class='ocr_line' id='line_1_5' title="bbox 811 689 2469 784; baseline 0.001 -27"><span class='ocrx_word' id='word_1_11' title='bbox 811 692 951 757; x_wconf 82' lang='lat' dir='ltr'>Nee</span> <span class='ocrx_word' id='word_1_12' title='bbox 990 704 1205 756; x_wconf 87' lang='lat' dir='ltr'>tamen</span> <span class='ocrx_word' id='word_1_13' title='bbox 1251 689 1355 756; x_wconf 86' lang='lat' dir='ltr'>illa</span> <span class='ocrx_word' id='word_1_14' title='bbox 1403 689 1564 756; x_wconf 88' lang='lat' dir='ltr'>mihi</span> <span class='ocrx_word' id='word_1_15' title='bbox 1606 690 1833 756; x_wconf 84' lang='lat' dir='ltr'>dextra</span> <span class='ocrx_word' id='word_1_16' title='bbox 1874 690 2156 759; x_wconf 84' lang='lat' dir='ltr'>deducta</span> <span class='ocrx_word' id='word_1_17' title='bbox 2201 707 2469 784; x_wconf 81' lang='lat' dir='ltr'>paterna</span> 
     </span>
     <span class='ocr_line' id='line_1_6' title="bbox 913 796 2438 887; baseline 0.003 -27"><span class='ocrx_word' id='word_1_18' title='bbox 913 799 1335 886; x_wconf 82' lang='lat' dir='ltr'>Fragrantem</span> <span class='ocrx_word' id='word_1_19' title='bbox 1382 797 1642 887; x_wconf 79' lang='lat' dir='ltr'>Assyrio</span> <span class='ocrx_word' id='word_1_20' title='bbox 1687 799 1862 862; x_wconf 86' lang='lat' dir='ltr'>venit</span> <span class='ocrx_word' id='word_1_21' title='bbox 1901 796 2104 863; x_wconf 88' lang='lat' dir='ltr'>odore</span> <span class='ocrx_word' id='word_1_22' title='bbox 2140 797 2438 883; x_wconf 83' lang='lat' dir='ltr'>domum3</span> 
     </span>
    </p>

    <p class='ocr_par' dir='ltr' id='par_1_6' title="bbox 807 900 2818 1099">
     <span class='ocr_line' id='line_1_7' title="bbox 807 900 2818 1000; baseline 0.002 -32"><span class='ocrx_word' id='word_1_23' title='bbox 807 900 933 968; x_wconf 86' lang='lat' dir='ltr'>Sed</span> <span class='ocrx_word' id='word_1_24' title='bbox 982 900 1221 967; x_wconf 82' lang='lat' dir='ltr'>furtiva</span> <span class='ocrx_word' id='word_1_25' title='bbox 1262 902 1437 967; x_wconf 81' lang='lat' dir='ltr'><strong>dedit</strong></span> <span class='ocrx_word' id='word_1_26' title='bbox 1483 903 1646 968; x_wconf 86' lang='lat' dir='ltr'>mira</span> <span class='ocrx_word' id='word_1_27' title='bbox 1691 902 2074 969; x_wconf 86' lang='lat' dir='ltr'>munuscula</span> <span class='ocrx_word' id='word_1_28' title='bbox 2122 918 2343 986; x_wconf 83' lang='lat' dir='ltr'>nocte,</span> <span class='ocrx_word' id='word_1_29' title='bbox 2413 986 2430 1000; x_wconf 64' lang='lat'>.</span> <span class='ocrx_word' id='word_1_30' title='bbox 2752 939 2818 978; x_wconf 58' lang='lat' dir='ltr'>..s</span> 
     </span>
     <span class='ocr_line' id='line_1_8' title="bbox 915 1007 2209 1099; baseline 0.002 -27"><span class='ocrx_word' id='word_1_31' title='bbox 915 1008 1128 1097; x_wconf 77' lang='lat' dir='ltr'>ipsius</span> <span class='ocrx_word' id='word_1_32' title='bbox 1170 1033 1247 1071; x_wconf 80' lang='lat' dir='ltr'>ex</span> <span class='ocrx_word' id='word_1_33' title='bbox 1296 1008 1432 1096; x_wconf 85' lang='lat' dir='ltr'>ipso</span> <span class='ocrx_word' id='word_1_34' title='bbox 1472 1007 1736 1099; x_wconf 77' lang='lat' dir='ltr'>dempta</span> <span class='ocrx_word' id='word_1_35' title='bbox 1779 1009 1900 1073; x_wconf 81' lang='lat' dir='ltr'>viri</span> <span class='ocrx_word' id='word_1_36' title='bbox 1943 1010 2209 1098; x_wconf 85' lang='lat' dir='ltr'>gremio.</span> 
     </span>
    </p>

    <p class='ocr_par' dir='ltr' id='par_1_7' title="bbox 811 1110 2492 1308">
     <span class='ocr_line' id='line_1_9' title="bbox 811 1110 2492 1198; baseline 0.002 -21"><span class='ocrx_word' id='word_1_37' title='bbox 811 1112 1035 1198; x_wconf 84' lang='lat' dir='ltr'>Quare</span> <span class='ocrx_word' id='word_1_38' title='bbox 1078 1110 1229 1176; x_wconf 85' lang='lat' dir='ltr'>illud</span> <span class='ocrx_word' id='word_1_39' title='bbox 1279 1116 1432 1177; x_wconf 79' lang='lat' dir='ltr'>satis</span> <span class='ocrx_word' id='word_1_40' title='bbox 1472 1127 1601 1197; x_wconf 73' lang='lat' dir='ltr'>cst,</span> <span class='ocrx_word' id='word_1_41' title='bbox 1648 1116 1696 1178; x_wconf 84' lang='lat' dir='ltr'>si</span> <span class='ocrx_word' id='word_1_42' title='bbox 1743 1113 1928 1179; x_wconf 86' lang='lat' dir='ltr'>nobis</span> <span class='ocrx_word' id='word_1_43' title='bbox 1973 1115 2024 1179; x_wconf 90' lang='lat' dir='ltr'>is</span> <span class='ocrx_word' id='word_1_44' title='bbox 2061 1113 2254 1180; x_wconf 84' lang='lat' dir='ltr'>datur</span> <span class='ocrx_word' id='word_1_45' title='bbox 2295 1139 2492 1198; x_wconf 81' lang='lat' dir='ltr'>unus,</span> 
     </span>
     <span class='ocr_line' id='line_1_10' title="bbox 915 1215 2407 1308; baseline 0.003 -27"><span class='ocrx_word' id='word_1_46' title='bbox 915 1219 1131 1303; x_wconf 84' lang='lat' dir='ltr'>Quem</span> <span class='ocrx_word' id='word_1_47' title='bbox 1177 1215 1387 1308; x_wconf 82' lang='lat' dir='ltr'>lapide</span> <span class='ocrx_word' id='word_1_48' title='bbox 1433 1217 1536 1283; x_wconf 80' lang='lat' dir='ltr'>illa</span> <span class='ocrx_word' id='word_1_49' title='bbox 1579 1219 1746 1284; x_wconf 80' lang='lat' dir='ltr'>diem</span> <span class='ocrx_word' id='word_1_50' title='bbox 1791 1218 2167 1285; x_wconf 81' lang='lat' dir='ltr'>candidiore</span> <span class='ocrx_word' id='word_1_51' title='bbox 2208 1234 2407 1286; x_wconf 80' lang='lat' dir='ltr'>notat.</span> 
     </span>
    </p>
   </div>
   <div class='ocr_carea' id='block_1_5' title="bbox 706 1400 1734 3214">
    <p class='ocr_par' dir='ltr' id='par_1_8' title="bbox 706 1400 1725 2339">
     <span class='ocr_line' id='line_1_11' title="bbox 710 1400 1718 1468; baseline -0.002 -17"><span class='ocrx_word' id='word_1_52' title='bbox 710 1401 950 1463; x_wconf 83' lang='lat' dir='ltr'>comicis,</span> <span class='ocrx_word' id='word_1_53' title='bbox 970 1400 1209 1450; x_wconf 81' lang='lat' dir='ltr'>homines</span> <span class='ocrx_word' id='word_1_54' title='bbox 1237 1418 1354 1449; x_wconf 83' lang='lat' dir='ltr'>cum</span> <span class='ocrx_word' id='word_1_55' title='bbox 1386 1401 1495 1450; x_wconf 77' lang='lat' dir='ltr'>Diis</span> <span class='ocrx_word' id='word_1_56' title='bbox 1513 1419 1718 1468; x_wconf 74' lang='lat' dir='ltr'>compu-</span> 
     </span>
     <span class='ocr_line' id='line_1_12' title="bbox 711 1477 1717 1546; baseline -0.001 -17"><span class='ocrx_word' id='word_1_57' title='bbox 711 1480 818 1530; x_wconf 84' lang='lat' dir='ltr'>rari</span> <span class='ocrx_word' id='word_1_58' title='bbox 852 1479 1047 1538; x_wconf 88' lang='lat' dir='ltr'>solent,</span> <span class='ocrx_word' id='word_1_59' title='bbox 1083 1478 1170 1529; x_wconf 86' lang='lat' dir='ltr'>Sic</span> <span class='ocrx_word' id='word_1_60' title='bbox 1201 1479 1413 1529; x_wconf 65' lang='lat' dir='ltr'>Chaerea</span> <span class='ocrx_word' id='word_1_61' title='bbox 1447 1477 1590 1546; x_wconf 73' lang='lat' dir='ltr'>apud</span> <span class='ocrx_word' id='word_1_62' title='bbox 1617 1479 1717 1528; x_wconf 78' lang='lat' dir='ltr'>Te·</span> 
     </span>
     <span class='ocr_line' id='line_1_13' title="bbox 710 1557 1719 1625; baseline -0.001 -17"><span class='ocrx_word' id='word_1_63' title='bbox 710 1558 940 1609; x_wconf 82' lang='lat' dir='ltr'>rentium</span> <span class='ocrx_word' id='word_1_64' title='bbox 972 1557 1214 1608; x_wconf 88' lang='lat' dir='ltr'>Eunuch.</span> <span class='ocrx_word' id='word_1_65' title='bbox 1246 1558 1352 1616; x_wconf 87' lang='lat'>111,</span> <span class='ocrx_word' id='word_1_66' title='bbox 1388 1559 1415 1607; x_wconf 88' lang='grc'><em>5</em></span> <span class='ocrx_word' id='word_1_67' title='bbox 1435 1595 1448 1616; x_wconf 94' lang='grc'>,</span> <span class='ocrx_word' id='word_1_68' title='bbox 1481 1564 1581 1619; x_wconf 65' lang='lat' dir='ltr'>cia,</span> <span class='ocrx_word' id='word_1_69' title='bbox 1610 1577 1719 1625; x_wconf 75' lang='lat' dir='ltr'>spe·</span> 
     </span>
     <span class='ocr_line' id='line_1_14' title="bbox 712 1636 1720 1705; baseline -0.004 -16"><span class='ocrx_word' id='word_1_70' title='bbox 712 1648 846 1689; x_wconf 70' lang='lat' dir='ltr'>cteta</span> <span class='ocrx_word' id='word_1_71' title='bbox 876 1637 1048 1688; x_wconf 80' lang='lat' dir='ltr'>tabula</span> <span class='ocrx_word' id='word_1_72' title='bbox 1079 1637 1215 1705; x_wconf 85' lang='lat' dir='ltr'>picta</span> <span class='ocrx_word' id='word_1_73' title='bbox 1239 1674 1254 1698; x_wconf 89' lang='lat'>,</span> <span class='ocrx_word' id='word_1_74' title='bbox 1293 1659 1311 1675; x_wconf 61' lang='grc' dir='ltr'>ι·</span> <span class='ocrx_word' id='word_1_75' title='bbox 1332 1636 1416 1685; x_wconf 92' lang='lat' dir='ltr'>ubi</span> <span class='ocrx_word' id='word_1_76' title='bbox 1447 1637 1616 1687; x_wconf 76' lang='lat' dir='ltr'>inerat</span> <span class='ocrx_word' id='word_1_77' title='bbox 1640 1638 1720 1704; x_wconf 82' lang='lat' dir='ltr'>pi-</span> 
     </span>
     <span class='ocr_line' id='line_1_15' title="bbox 714 1715 1720 1783; baseline -0.004 -15"><span class='ocrx_word' id='word_1_78' title='bbox 714 1728 863 1768; x_wconf 77' lang='lat' dir='ltr'>ctura</span> <span class='ocrx_word' id='word_1_79' title='bbox 892 1715 1004 1766; x_wconf 81' lang='lat' dir='ltr'>haec</span> <span class='ocrx_word' id='word_1_80' title='bbox 1026 1754 1042 1779; x_wconf 90' lang='lat'>,</span> <span class='ocrx_word' id='word_1_81' title='bbox 1078 1716 1263 1766; x_wconf 79' lang='lat' dir='ltr'>Jovem</span> <span class='ocrx_word' id='word_1_82' title='bbox 1292 1734 1398 1783; x_wconf 88' lang='lat' dir='ltr'>quo</span> <span class='ocrx_word' id='word_1_83' title='bbox 1434 1727 1586 1783; x_wconf 75' lang='lat' dir='ltr'>pacto</span> <span class='ocrx_word' id='word_1_84' title='bbox 1619 1716 1720 1764; x_wconf 76' lang='lat' dir='ltr'>Da-</span> 
     </span>
     <span class='ocr_line' id='line_1_16' title="bbox 712 1792 1721 1862; baseline -0.002 -17"><span class='ocrx_word' id='word_1_85' title='bbox 712 1814 823 1846; x_wconf 78' lang='lat' dir='ltr'>naae</span> <span class='ocrx_word' id='word_1_86' title='bbox 877 1795 1076 1847; x_wconf 84' lang='lat' dir='ltr'>misisse</span> <span class='ocrx_word' id='word_1_87' title='bbox 1137 1796 1284 1844; x_wconf 78' lang='lat' dir='ltr'>aiunt</span> <span class='ocrx_word' id='word_1_88' title='bbox 1338 1792 1604 1862; x_wconf 80' lang='lat' dir='ltr'>quondam</span> <span class='ocrx_word' id='word_1_89' title='bbox 1668 1795 1721 1844; x_wconf 87' lang='lat' dir='ltr'>in</span> 
     </span>
     <span class='ocr_line' id='line_1_17' title="bbox 712 1873 1724 1944; baseline -0.002 -19"><span class='ocrx_word' id='word_1_90' title='bbox 712 1876 968 1944; x_wconf 86' lang='lat' dir='ltr'>gremium</span> <span class='ocrx_word' id='word_1_91' title='bbox 997 1875 1220 1925; x_wconf 84' lang='lat' dir='ltr'>imbrem</span> <span class='ocrx_word' id='word_1_92' title='bbox 1248 1891 1461 1924; x_wconf 84' lang='lat' dir='ltr'>aureum</span> <span class='ocrx_word' id='word_1_93' title='bbox 1483 1899 1534 1934; x_wconf 84' lang='lat'>,·</span> <span class='ocrx_word' id='word_1_94' title='bbox 1572 1873 1724 1942; x_wconf 88' lang='lat' dir='ltr'>subji-</span> 
     </span>
     <span class='ocr_line' id='line_1_18' title="bbox 706 1953 1723 2022; baseline -0.002 -17"><span class='ocrx_word' id='word_1_95' title='bbox 706 1955 785 2005; x_wconf 75' lang='lat' dir='ltr'>cit</span> <span class='ocrx_word' id='word_1_96' title='bbox 805 1953 914 2004; x_wconf 77' lang='lat' dir='ltr'>haec</span> <span class='ocrx_word' id='word_1_97' title='bbox 934 1971 947 2003; x_wconf 74' lang='grc' dir='ltr'><strong><em>ε</em></strong></span> <span class='ocrx_word' id='word_1_98' title='bbox 965 1956 1061 2004; x_wconf 73' lang='lat' dir='ltr'>«At</span> <span class='ocrx_word' id='word_1_99' title='bbox 1082 1971 1237 2022; x_wconf 86' lang='lat' dir='ltr'>quem</span> <span class='ocrx_word' id='word_1_100' title='bbox 1265 1954 1458 2003; x_wconf 85' lang='lat' dir='ltr'>Deum!</span> <span class='ocrx_word' id='word_1_101' title='bbox 1479 1953 1571 2020; x_wconf 85' lang='lat' dir='ltr'>qui</span> <span class='ocrx_word' id='word_1_102' title='bbox 1595 1965 1723 2004; x_wconf 88' lang='lat' dir='ltr'>tem·</span> 
     </span>
     <span class='ocr_line' id='line_1_19' title="bbox 714 2032 1720 2103; baseline -0.002 -20"><span class='ocrx_word' id='word_1_103' title='bbox 714 2034 799 2103; x_wconf 79' lang='lat' dir='ltr'>pla</span> <span class='ocrx_word' id='word_1_104' title='bbox 849 2032 961 2084; x_wconf 79' lang='lat' dir='ltr'>caeli</span> <span class='ocrx_word' id='word_1_105' title='bbox 1000 2052 1205 2084; x_wconf 82' lang='lat' dir='ltr'>summa</span> <span class='ocrx_word' id='word_1_106' title='bbox 1250 2032 1426 2084; x_wconf 82' lang='lat' dir='ltr'>sonitu</span> <span class='ocrx_word' id='word_1_107' title='bbox 1472 2033 1720 2083; x_wconf 83' lang='lat' dir='ltr'>concutit.</span> 
     </span>
     <span class='ocr_line' id='line_1_20' title="bbox 717 2111 1722 2181; baseline -0.002 -18"><span class='ocrx_word' id='word_1_108' title='bbox 717 2113 834 2181; x_wconf 78' lang='lat' dir='ltr'>Ego</span> <span class='ocrx_word' id='word_1_109' title='bbox 857 2113 1100 2163; x_wconf 76' lang='lat' dir='ltr'><strong><em>homuncio</em></strong></span> <span class='ocrx_word' id='word_1_110' title='bbox 1123 2114 1211 2162; x_wconf 76' lang='grc' dir='ltr'><em>Ιιοσ</em></span> <span class='ocrx_word' id='word_1_111' title='bbox 1234 2131 1327 2161; x_wconf 80' lang='lat' dir='ltr'>non</span> <span class='ocrx_word' id='word_1_112' title='bbox 1337 2114 1546 2176; x_wconf 63' lang='lat' dir='ltr'>siccet-em</span> <span class='ocrx_word' id='word_1_113' title='bbox 1561 2119 1620 2160; x_wconf 65' lang='grc' dir='ltr'>Ρ·</span> <span class='ocrx_word' id='word_1_114' title='bbox 1640 2111 1722 2162; x_wconf 84' lang='lat' dir='ltr'>Cf.</span> 
     </span>
     <span class='ocr_line' id='line_1_21' title="bbox 717 2190 1725 2260; baseline -0.001 -19"><span class='ocrx_word' id='word_1_115' title='bbox 717 2192 1030 2243; x_wconf 75' lang='lat' dir='ltr'>Scleraderum</span> <span class='ocrx_word' id='word_1_116' title='bbox 1056 2190 1122 2242; x_wconf 81' lang='lat' dir='ltr'>ad</span> <span class='ocrx_word' id='word_1_117' title='bbox 1152 2192 1404 2243; x_wconf 66' lang='lat' dir='ltr'>Musaeum</span> <span class='ocrx_word' id='word_1_118' title='bbox 1434 2212 1488 2260; x_wconf 89' lang='lat' dir='ltr'>p.</span> <span class='ocrx_word' id='word_1_119' title='bbox 1523 2208 1542 2240; x_wconf 86' lang='lat'>1</span> <span class='ocrx_word' id='word_1_120' title='bbox 1560 2193 1586 2241; x_wconf 87' lang='lat'><strong>5</strong></span> <span class='ocrx_word' id='word_1_121' title='bbox 1604 2209 1621 2240; x_wconf 89' lang='lat'>1</span> <span class='ocrx_word' id='word_1_122' title='bbox 1649 2222 1725 2230; x_wconf 92' lang='lat'>—</span> 
     </span>
     <span class='ocr_line' id='line_1_22' title="bbox 728 2271 1393 2339; baseline 0.002 -19"><span class='ocrx_word' id='word_1_123' title='bbox 728 2271 849 2330; x_wconf 82' lang='lat'>153,</span> <span class='ocrx_word' id='word_1_124' title='bbox 882 2284 932 2322; x_wconf 89' lang='lat' dir='ltr'>et</span> <span class='ocrx_word' id='word_1_125' title='bbox 962 2290 1015 2339; x_wconf 91' lang='lat' dir='ltr'>p.</span> <span class='ocrx_word' id='word_1_126' title='bbox 1049 2271 1158 2322; x_wconf 88' lang='lat'>358</span> <span class='ocrx_word' id='word_1_127' title='bbox 1185 2284 1236 2322; x_wconf 88' lang='lat' dir='ltr'>et</span> <span class='ocrx_word' id='word_1_128' title='bbox 1262 2271 1393 2336; x_wconf 81' lang='lat'>359.</span> 
     </span>
    </p>

    <p class='ocr_par' dir='ltr' id='par_1_9' title="bbox 722 2351 1734 3214">
     <span class='ocr_line' id='line_1_23' title="bbox 808 2351 1727 2418; baseline 0.001 -18"><span class='ocrx_word' id='word_1_129' title='bbox 808 2357 929 2410; x_wconf 71' lang='lat'>142.</span> <span class='ocrx_word' id='word_1_130' title='bbox 972 2351 1175 2417; x_wconf 70' lang='lat' dir='ltr'>Qum-uli</span> <span class='ocrx_word' id='word_1_131' title='bbox 1209 2368 1304 2418; x_wconf 82' lang='lat' dir='ltr'>pro</span> <span class='ocrx_word' id='word_1_132' title='bbox 1340 2351 1525 2399; x_wconf 79' lang='lat' dir='ltr'><em>tremuli</em></span> <span class='ocrx_word' id='word_1_133' title='bbox 1563 2363 1727 2401; x_wconf 81' lang='lat' dir='ltr'>tenta·</span> 
     </span>
     <span class='ocr_line' id='line_1_24' title="bbox 723 2427 1729 2491; baseline 0 -11"><span class='ocrx_word' id='word_1_134' title='bbox 723 2432 812 2480; x_wconf 77' lang='lat' dir='ltr'>bat</span> <span class='ocrx_word' id='word_1_135' title='bbox 869 2427 1210 2481; x_wconf 86' lang='lat' dir='ltr'>Schraderus.</span> <span class='ocrx_word' id='word_1_136' title='bbox 1277 2427 1430 2479; x_wconf 87' lang='lat' dir='ltr'>Hunc</span> <span class='ocrx_word' id='word_1_137' title='bbox 1485 2447 1694 2480; x_wconf 77' lang='lat' dir='ltr'>versum</span> <span class='ocrx_word' id='word_1_138' title='bbox 1717 2469 1729 2491; x_wconf 85' lang='lat'>‚</span> 
     </span>
     <span class='ocr_line' id='line_1_25' title="bbox 725 2509 1729 2578; baseline -0.001 -19"><span class='ocrx_word' id='word_1_139' title='bbox 725 2527 891 2578; x_wconf 84' lang='lat' dir='ltr'>quum</span> <span class='ocrx_word' id='word_1_140' title='bbox 917 2510 1027 2576; x_wconf 82' lang='lat' dir='ltr'>ejus</span> <span class='ocrx_word' id='word_1_141' title='bbox 1051 2527 1211 2558; x_wconf 79' lang='lat' dir='ltr'>nexus</span> <span class='ocrx_word' id='word_1_142' title='bbox 1240 2527 1361 2558; x_wconf 83' lang='lat' dir='ltr'>cum</span> <span class='ocrx_word' id='word_1_143' title='bbox 1386 2509 1571 2559; x_wconf 83' lang='lat' dir='ltr'>vicinis</span> <span class='ocrx_word' id='word_1_144' title='bbox 1600 2522 1729 2560; x_wconf 82' lang='lat' dir='ltr'>esset</span> 
     </span>
     <span class='ocr_line' id='line_1_26' title="bbox 723 2586 1728 2657; baseline -0.001 -18"><span class='ocrx_word' id='word_1_145' title='bbox 723 2587 1025 2650; x_wconf 85' lang='lat' dir='ltr'>obscurior,</span> <span class='ocrx_word' id='word_1_146' title='bbox 1055 2586 1292 2657; x_wconf 84' lang='lat' dir='ltr'>spurium</span> <span class='ocrx_word' id='word_1_147' title='bbox 1326 2601 1580 2654; x_wconf 84' lang='lat' dir='ltr'>putarunt</span> <span class='ocrx_word' id='word_1_148' title='bbox 1609 2589 1728 2638; x_wconf 88' lang='lat' dir='ltr'>Mu-</span> 
     </span>
     <span class='ocr_line' id='line_1_27' title="bbox 722 2665 1727 2727; baseline 0 -11"><span class='ocrx_word' id='word_1_149' title='bbox 722 2678 867 2716; x_wconf 82' lang='lat' dir='ltr'>retus</span> <span class='ocrx_word' id='word_1_150' title='bbox 890 2677 942 2716; x_wconf 87' lang='lat' dir='ltr'>et</span> <span class='ocrx_word' id='word_1_151' title='bbox 954 2665 1362 2727; x_wconf 75' lang='lat' dir='ltr'>BrouckhusiuS‚</span> <span class='ocrx_word' id='word_1_152' title='bbox 1376 2666 1536 2717; x_wconf 86' lang='lat' dir='ltr'>sedin</span> <span class='ocrx_word' id='word_1_153' title='bbox 1559 2665 1727 2717; x_wconf 89' lang='lat' dir='ltr'>Codd.</span> 
     </span>
     <span class='ocr_line' id='line_1_28' title="bbox 724 2742 1730 2814; baseline 0 -19"><span class='ocrx_word' id='word_1_154' title='bbox 724 2743 868 2814; x_wconf 80' lang='lat' dir='ltr'>apud</span> <span class='ocrx_word' id='word_1_155' title='bbox 899 2743 1043 2797; x_wconf 84' lang='lat' dir='ltr'>Sant.</span> <span class='ocrx_word' id='word_1_156' title='bbox 1081 2758 1133 2795; x_wconf 87' lang='lat' dir='ltr'>et</span> <span class='ocrx_word' id='word_1_157' title='bbox 1167 2742 1315 2795; x_wconf 87' lang='lat' dir='ltr'>editt.</span> <span class='ocrx_word' id='word_1_158' title='bbox 1356 2745 1730 2814; x_wconf 78' lang='lat' dir='ltr'>antiquissimis</span> 
     </span>
     <span class='ocr_line' id='line_1_29' title="bbox 724 2823 1729 2893; baseline 0 -18"><span class='ocrx_word' id='word_1_159' title='bbox 724 2823 868 2876; x_wconf 85' lang='lat' dir='ltr'>nulla</span> <span class='ocrx_word' id='word_1_160' title='bbox 888 2824 973 2875; x_wconf 90' lang='lat' dir='ltr'>hic</span> <span class='ocrx_word' id='word_1_161' title='bbox 992 2825 1313 2893; x_wconf 80' lang='lat' dir='ltr'>conspicitur</span> <span class='ocrx_word' id='word_1_162' title='bbox 1335 2825 1729 2892; x_wconf 75' lang='lat' dir='ltr'>litura.-—-Ingr.</span> 
     </span>
     <span class='ocr_line' id='line_1_30' title="bbox 726 2903 1732 2973; baseline 0.001 -20"><span class='ocrx_word' id='word_1_163' title='bbox 726 2905 914 2955; x_wconf 77' lang='lat' dir='ltr'>tremuli</span> <span class='ocrx_word' id='word_1_164' title='bbox 944 2905 1054 2954; x_wconf 81' lang='lat' dir='ltr'>tolle</span> <span class='ocrx_word' id='word_1_165' title='bbox 1068 2908 1279 2973; x_wconf 79' lang='lat' dir='ltr'>parentis</span> <span class='ocrx_word' id='word_1_166' title='bbox 1304 2924 1419 2955; x_wconf 71' lang='lat' dir='ltr'>omas</span> <span class='ocrx_word' id='word_1_167' title='bbox 1439 2921 1451 2954; x_wconf 89' lang='lat'>:</span> <span class='ocrx_word' id='word_1_168' title='bbox 1479 2903 1732 2955; x_wconf 69' lang='lat' dir='ltr'>«tollatur</span> 
     </span>
     <span class='ocr_line' id='line_1_31' title="bbox 728 2983 1731 3051; baseline -0.003 -16"><span class='ocrx_word' id='word_1_169' title='bbox 728 2998 779 3036; x_wconf 86' lang='lat' dir='ltr'>et</span> <span class='ocrx_word' id='word_1_170' title='bbox 815 2984 951 3035; x_wconf 85' lang='lat' dir='ltr'>absit</span> <span class='ocrx_word' id='word_1_171' title='bbox 984 2986 1154 3035; x_wconf 87' lang='lat' dir='ltr'>omnis</span> <span class='ocrx_word' id='word_1_172' title='bbox 1193 3003 1221 3033; x_wconf 84' lang='lat' dir='ltr'>a</span> <span class='ocrx_word' id='word_1_173' title='bbox 1256 3002 1338 3033; x_wconf 86' lang='lat' dir='ltr'>me</span> <span class='ocrx_word' id='word_1_174' title='bbox 1379 2983 1577 3051; x_wconf 81' lang='lat' dir='ltr'>ingrata</span> <span class='ocrx_word' id='word_1_175' title='bbox 1618 3002 1731 3032; x_wconf 88' lang='lat' dir='ltr'>mo-</span> 
     </span>
     <span class='ocr_line' id='line_1_32' title="bbox 727 3063 1730 3132; baseline -0.002 -18"><span class='ocrx_word' id='word_1_176' title='bbox 727 3064 902 3124; x_wconf 82' lang='lat' dir='ltr'>lestia,</span> <span class='ocrx_word' id='word_1_177' title='bbox 957 3065 1162 3132; x_wconf 74' lang='lat' dir='ltr'>qualem</span> <span class='ocrx_word' id='word_1_178' title='bbox 1213 3063 1424 3112; x_wconf 81' lang='lat' dir='ltr'>tremuli</span> <span class='ocrx_word' id='word_1_179' title='bbox 1474 3074 1527 3112; x_wconf 89' lang='lat' dir='ltr'>et</span> <span class='ocrx_word' id='word_1_180' title='bbox 1569 3063 1730 3112; x_wconf 86' lang='lat' dir='ltr'>severi</span> 
     </span>
     <span class='ocr_line' id='line_1_33' title="bbox 728 3140 1734 3214; baseline -0.003 -19"><span class='ocrx_word' id='word_1_181' title='bbox 728 3156 970 3214; x_wconf 83' lang='lat' dir='ltr'>parentes</span> <span class='ocrx_word' id='word_1_182' title='bbox 987 3143 1176 3211; x_wconf 85' lang='lat' dir='ltr'>puellis</span> <span class='ocrx_word' id='word_1_183' title='bbox 1197 3159 1373 3193; x_wconf 84' lang='lat' dir='ltr'>creare</span> <span class='ocrx_word' id='word_1_184' title='bbox 1391 3141 1575 3192; x_wconf 81' lang='lat' dir='ltr'>solent.</span> <span class='ocrx_word' id='word_1_185' title='bbox 1601 3167 1621 3185; x_wconf 69' lang='grc' dir='ltr'><strong><em>ι</em></strong></span> <span class='ocrx_word' id='word_1_186' title='bbox 1648 3140 1734 3193; x_wconf 86' lang='lat' dir='ltr'>Sic</span> 
     </span>
    </p>
   </div>
   <div class='ocr_carea' id='block_1_6' title="bbox 726 3221 1696 3350">
    <p class='ocr_par' dir='ltr' id='par_1_10' title="bbox 726 3221 1696 3350">
     <span class='ocr_line' id='line_1_34' title="bbox 726 3221 1212 3274; baseline -0.008 0"><span class='ocrx_word' id='word_1_187' title='bbox 726 3235 905 3274; x_wconf 86' lang='lat' dir='ltr'>noster</span> <span class='ocrx_word' id='word_1_188' title='bbox 936 3221 1212 3272; x_wconf 81' lang='lat' dir='ltr'>Racinius:</span> 
     </span>
     <span class='ocr_line' id='line_1_35' title="bbox 752 3297 1696 3350; baseline -0.003 -13"><span class='ocrx_word' id='word_1_189' title='bbox 752 3300 839 3340; x_wconf 76' lang='lat' dir='ltr'>Ah!</span> <span class='ocrx_word' id='word_1_190' title='bbox 858 3300 1004 3350; x_wconf 63' lang='lat' dir='ltr'>quintet.</span> <span class='ocrx_word' id='word_1_191' title='bbox 1021 3297 1111 3334; x_wconf 83' lang='lat' dir='ltr'>d&#39;un</span> <span class='ocrx_word' id='word_1_192' title='bbox 1132 3310 1294 3335; x_wconf 77' lang='lat' dir='ltr'>censetu-</span> <span class='ocrx_word' id='word_1_193' title='bbox 1310 3297 1343 3334; x_wconf 75' lang='lat' dir='ltr'>ln</span> <span class='ocrx_word' id='word_1_194' title='bbox 1365 3299 1474 3335; x_wconf 68' lang='lat' dir='ltr'>triste</span> <span class='ocrx_word' id='word_1_195' title='bbox 1493 3297 1696 3347; x_wconf 55' lang='lat' dir='ltr'>diligencie.</span> 
     </span>
    </p>
   </div>
   <div class='ocr_carea' id='block_1_7' title="bbox 723 3366 1735 4150">
    <p class='ocr_par' dir='ltr' id='par_1_11' title="bbox 727 3366 1487 3450">
     <span class='ocr_line' id='line_1_36' title="bbox 727 3366 1487 3450; baseline -0.007 -19"><span class='ocrx_word' id='word_1_196' title='bbox 727 3378 988 3450; x_wconf 83' lang='lat' dir='ltr'>(Britann.</span> <span class='ocrx_word' id='word_1_197' title='bbox 1016 3390 1117 3429; x_wconf 85' lang='lat' dir='ltr'>act.</span> <span class='ocrx_word' id='word_1_198' title='bbox 1144 3378 1196 3439; x_wconf 88' lang='lat'>1,</span> <span class='ocrx_word' id='word_1_199' title='bbox 1219 3396 1289 3428; x_wconf 85' lang='lat' dir='ltr'>sc.</span> <span class='ocrx_word' id='word_1_200' title='bbox 1319 3366 1393 3442; x_wconf 66' lang='lat' dir='ltr'>a).</span> <span class='ocrx_word' id='word_1_201' title='bbox 1421 3378 1487 3427; x_wconf 93' lang='lat' dir='ltr'>N.</span> 
     </span>
    </p>

    <p class='ocr_par' dir='ltr' id='par_1_12' title="bbox 723 3456 1735 4150">
     <span class='ocr_line' id='line_1_37' title="bbox 815 3456 1733 3523; baseline -0.003 -13"><span class='ocrx_word' id='word_1_202' title='bbox 815 3456 956 3521; x_wconf 72' lang='lat'>143,</span> <span class='ocrx_word' id='word_1_203' title='bbox 1005 3463 1129 3517; x_wconf 70' lang='lat'>144.</span> <span class='ocrx_word' id='word_1_204' title='bbox 1175 3456 1421 3517; x_wconf 85' lang='lat' dir='ltr'>Vossius,</span> <span class='ocrx_word' id='word_1_205' title='bbox 1464 3474 1629 3523; x_wconf 89' lang='lat' dir='ltr'>quum</span> <span class='ocrx_word' id='word_1_206' title='bbox 1679 3457 1733 3507; x_wconf 90' lang='lat' dir='ltr'>in</span> 
     </span>
     <span class='ocr_line' id='line_1_38' title="bbox 725 3534 1732 3595; baseline -0.005 -5"><span class='ocrx_word' id='word_1_207' title='bbox 725 3535 1109 3592; x_wconf 80' lang='lat' dir='ltr'>Mediolanensi</span> <span class='ocrx_word' id='word_1_208' title='bbox 1143 3534 1422 3586; x_wconf 86' lang='lat' dir='ltr'>invenisset</span> <span class='ocrx_word' id='word_1_209' title='bbox 1462 3546 1608 3595; x_wconf 73' lang='lat' dir='ltr'>veta,</span> <span class='ocrx_word' id='word_1_210' title='bbox 1643 3554 1732 3586; x_wconf 85' lang='lat' dir='ltr'>ex·</span> 
     </span>
     <span class='ocr_line' id='line_1_39' title="bbox 725 3611 1735 3687; baseline -0.011 -15"><span class='ocrx_word' id='word_1_211' title='bbox 725 3617 942 3687; x_wconf 86' lang='lat' dir='ltr'>sculpsit</span> <span class='ocrx_word' id='word_1_212' title='bbox 988 3613 1114 3665; x_wconf 87' lang='lat' dir='ltr'>inde</span> <span class='ocrx_word' id='word_1_213' title='bbox 1155 3627 1204 3666; x_wconf 84' lang='lat' dir='ltr'>et</span> <span class='ocrx_word' id='word_1_214' title='bbox 1247 3611 1413 3664; x_wconf 84' lang='lat' dir='ltr'>edidit</span> <span class='ocrx_word' id='word_1_215' title='bbox 1459 3613 1626 3664; x_wconf 82' lang='lat' dir='ltr'>Vesta.</span> <span class='ocrx_word' id='word_1_216' title='bbox 1658 3646 1735 3655; x_wconf 81' lang='lat'><strong>—</strong></span> 
     </span>
     <span class='ocr_line' id='line_1_40' title="bbox 728 3690 1735 3766; baseline -0.009 -15"><span class='ocrx_word' id='word_1_217' title='bbox 728 3701 778 3751; x_wconf 88' lang='lat' dir='ltr'><em>F</em></span> <span class='ocrx_word' id='word_1_218' title='bbox 776 3701 1042 3766; x_wconf 71' lang='lat' dir='ltr'>lagi-antem</span> <span class='ocrx_word' id='word_1_219' title='bbox 1065 3695 1198 3745; x_wconf 83' lang='lat' dir='ltr'>male</span> <span class='ocrx_word' id='word_1_220' title='bbox 1223 3694 1277 3743; x_wconf 88' lang='lat' dir='ltr'>in</span> <span class='ocrx_word' id='word_1_221' title='bbox 1303 3690 1632 3761; x_wconf 84' lang='lat' dir='ltr'>quibusdam.</span> <span class='ocrx_word' id='word_1_222' title='bbox 1657 3726 1735 3735; x_wconf 89' lang='lat'>—-</span> 
     </span>
     <span class='ocr_line' id='line_1_41' title="bbox 727 3772 1733 3846; baseline -0.007 -16"><span class='ocrx_word' id='word_1_223' title='bbox 727 3781 978 3846; x_wconf 78' lang='lat' dir='ltr'>Fragrans</span> <span class='ocrx_word' id='word_1_224' title='bbox 1010 3775 1067 3826; x_wconf 88' lang='lat' dir='ltr'>in</span> <span class='ocrx_word' id='word_1_225' title='bbox 1102 3772 1520 3825; x_wconf 83' lang='lat' dir='ltr'>Commeliniano</span> <span class='ocrx_word' id='word_1_226' title='bbox 1559 3784 1611 3822; x_wconf 84' lang='lat' dir='ltr'>et</span> <span class='ocrx_word' id='word_1_227' title='bbox 1636 3773 1733 3824; x_wconf 75' lang='lat' dir='ltr'>Ba-</span> 
     </span>
     <span class='ocr_line' id='line_1_42' title="bbox 725 3853 1735 3923; baseline -0.011 -11"><span class='ocrx_word' id='word_1_228' title='bbox 725 3860 952 3912; x_wconf 81' lang='lat' dir='ltr'>luziano.</span> <span class='ocrx_word' id='word_1_229' title='bbox 991 3853 1282 3923; x_wconf 78' lang='lat' dir='ltr'>Saepissime</span> <span class='ocrx_word' id='word_1_230' title='bbox 1317 3864 1488 3902; x_wconf 80' lang='lat' dir='ltr'>autem</span> <span class='ocrx_word' id='word_1_231' title='bbox 1512 3853 1735 3920; x_wconf 75' lang='lat' dir='ltr'>flagrare</span> 
     </span>
     <span class='ocr_line' id='line_1_43' title="bbox 723 3929 1734 4005; baseline -0.008 -16"><span class='ocrx_word' id='word_1_232' title='bbox 723 3952 774 3990; x_wconf 81' lang='lat' dir='ltr'>et</span> <span class='ocrx_word' id='word_1_233' title='bbox 803 3940 1032 4005; x_wconf 76' lang='lat' dir='ltr'>fragrare</span> <span class='ocrx_word' id='word_1_234' title='bbox 1074 3943 1366 4002; x_wconf 77' lang='lat' dir='ltr'>permutata</span> <span class='ocrx_word' id='word_1_235' title='bbox 1405 3943 1547 3981; x_wconf 88' lang='lat' dir='ltr'>sunt.</span> <span class='ocrx_word' id='word_1_236' title='bbox 1593 3929 1734 3981; x_wconf 87' lang='lat' dir='ltr'>Vide</span> 
     </span>
     <span class='ocr_line' id='line_1_44' title="bbox 724 4011 1724 4084; baseline -0.009 -14"><span class='ocrx_word' id='word_1_237' title='bbox 724 4037 824 4069; x_wconf 83' lang='lat' dir='ltr'>nos</span> <span class='ocrx_word' id='word_1_238' title='bbox 854 4032 1009 4084; x_wconf 83' lang='lat' dir='ltr'>supra</span> <span class='ocrx_word' id='word_1_239' title='bbox 1038 4012 1093 4063; x_wconf 87' lang='lat' dir='ltr'>in</span> <span class='ocrx_word' id='word_1_240' title='bbox 1125 4012 1246 4062; x_wconf 82' lang='lat' dir='ltr'>Var.</span> <span class='ocrx_word' id='word_1_241' title='bbox 1269 4011 1399 4060; x_wconf 80' lang='lat' dir='ltr'>Lect.</span> <span class='ocrx_word' id='word_1_242' title='bbox 1426 4011 1602 4062; x_wconf 79' lang='lat' dir='ltr'>Carm.</span> <span class='ocrx_word' id='word_1_243' title='bbox 1623 4011 1724 4073; x_wconf 84' lang='lat' dir='ltr'>VI,</span> 
     </span>
     <span class='ocr_line' id='line_1_45' title="bbox 728 4089 1731 4150; baseline -0.006 -2"><span class='ocrx_word' id='word_1_244' title='bbox 728 4101 780 4150; x_wconf 87' lang='grc'>8.</span> <span class='ocrx_word' id='word_1_245' title='bbox 806 4126 882 4138; x_wconf 90' lang='lat'>--</span> <span class='ocrx_word' id='word_1_246' title='bbox 905 4093 1008 4145; x_wconf 82' lang='lat' dir='ltr'>Nec</span> <span class='ocrx_word' id='word_1_247' title='bbox 1031 4104 1184 4142; x_wconf 80' lang='lat' dir='ltr'>tamen</span> <span class='ocrx_word' id='word_1_248' title='bbox 1205 4090 1292 4141; x_wconf 79' lang='lat' dir='ltr'>illa</span> <span class='ocrx_word' id='word_1_249' title='bbox 1314 4091 1427 4141; x_wconf 76' lang='lat' dir='ltr'>mihi</span> <span class='ocrx_word' id='word_1_250' title='bbox 1453 4101 1551 4140; x_wconf 84' lang='lat' dir='ltr'>etc.</span> <span class='ocrx_word' id='word_1_251' title='bbox 1582 4089 1731 4142; x_wconf 81' lang='lat' dir='ltr'>«Huc</span> 
     </span>
    </p>
   </div>
   <div class='ocr_carea' id='block_1_8' title="bbox 1809 1399 2818 1469">
    <p class='ocr_par' dir='ltr' id='par_1_13' title="bbox 1809 1399 2818 1469">
     <span class='ocr_line' id='line_1_46' title="bbox 1809 1399 2818 1469; baseline 0.004 -19"><span class='ocrx_word' id='word_1_252' title='bbox 1809 1400 2046 1462; x_wconf 78' lang='lat' dir='ltr'>accedit,</span> <span class='ocrx_word' id='word_1_253' title='bbox 2093 1399 2236 1469; x_wconf 87' lang='lat' dir='ltr'>quod</span> <span class='ocrx_word' id='word_1_254' title='bbox 2280 1401 2367 1451; x_wconf 78' lang='lat' dir='ltr'>illa</span> <span class='ocrx_word' id='word_1_255' title='bbox 2414 1401 2544 1452; x_wconf 82' lang='lat' dir='ltr'>mihi</span> <span class='ocrx_word' id='word_1_256' title='bbox 2591 1421 2699 1452; x_wconf 86' lang='lat' dir='ltr'>non</span> <span class='ocrx_word' id='word_1_257' title='bbox 2747 1416 2818 1454; x_wconf 74' lang='lat' dir='ltr'>est</span> 
     </span>
    </p>
   </div>
   <div class='ocr_carea' id='block_1_9' title="bbox 1812 1479 2818 1548">
    <p class='ocr_par' dir='ltr' id='par_1_14' title="bbox 1812 1479 2818 1548">
     <span class='ocr_line' id='line_1_47' title="bbox 1812 1479 2818 1548; baseline 0.004 -20"><span class='ocrx_word' id='word_1_258' title='bbox 1812 1499 1942 1529; x_wconf 72' lang='lat' dir='ltr'>uxor</span> <span class='ocrx_word' id='word_1_259' title='bbox 1979 1479 2222 1548; x_wconf 80' lang='lat' dir='ltr'>legitima.</span> <span class='ocrx_word' id='word_1_260' title='bbox 2244 1506 2264 1524; x_wconf 68' lang='lat' dir='ltr'>a</span> <span class='ocrx_word' id='word_1_261' title='bbox 2300 1511 2378 1520; x_wconf 93' lang='lat'>—-</span> <span class='ocrx_word' id='word_1_262' title='bbox 2403 1481 2593 1531; x_wconf 63' lang='lat' dir='ltr'>Dextra</span> <span class='ocrx_word' id='word_1_263' title='bbox 2609 1481 2818 1532; x_wconf 72' lang='lat' dir='ltr'>deducta</span> 
     </span>
    </p>
   </div>
   <div class='ocr_carea' id='block_1_10' title="bbox 1802 1559 2820 1626">
    <p class='ocr_par' dir='ltr' id='par_1_15' title="bbox 1802 1559 2820 1626">
     <span class='ocr_line' id='line_1_48' title="bbox 1802 1559 2820 1626; baseline 0.007 -20"><span class='ocrx_word' id='word_1_264' title='bbox 1802 1571 2003 1626; x_wconf 70' lang='lat' dir='ltr'>paterna</span> <span class='ocrx_word' id='word_1_265' title='bbox 2034 1577 2046 1608; x_wconf 91' lang='lat'>:</span> <span class='ocrx_word' id='word_1_266' title='bbox 2079 1559 2452 1610; x_wconf 81' lang='lat' dir='ltr'>Difficultatem</span> <span class='ocrx_word' id='word_1_267' title='bbox 2490 1573 2669 1611; x_wconf 82' lang='lat' dir='ltr'>movet</span> <span class='ocrx_word' id='word_1_268' title='bbox 2706 1561 2820 1613; x_wconf 62' lang='lat' dir='ltr'>hnc</span> 
     </span>
    </p>
   </div>
   <div class='ocr_carea' id='block_1_11' title="bbox 1809 1637 2825 4166">
    <p class='ocr_par' dir='ltr' id='par_1_16' title="bbox 1809 1637 2821 3130">
     <span class='ocr_line' id='line_1_49' title="bbox 1809 1637 2818 1708; baseline 0.004 -21"><span class='ocrx_word' id='word_1_269' title='bbox 1809 1637 2057 1707; x_wconf 80' lang='lat' dir='ltr'>loquendi</span> <span class='ocrx_word' id='word_1_270' title='bbox 2082 1639 2233 1700; x_wconf 81' lang='lat' dir='ltr'>ratio,</span> <span class='ocrx_word' id='word_1_271' title='bbox 2253 1639 2376 1707; x_wconf 78' lang='lat' dir='ltr'>quia</span> <span class='ocrx_word' id='word_1_272' title='bbox 2394 1656 2504 1690; x_wconf 85' lang='lat' dir='ltr'>non</span> <span class='ocrx_word' id='word_1_273' title='bbox 2525 1658 2552 1690; x_wconf 73' lang='lat' dir='ltr'>n</span> <span class='ocrx_word' id='word_1_274' title='bbox 2579 1640 2818 1708; x_wconf 74' lang='lat' dir='ltr'>patribus</span> 
     </span>
     <span class='ocr_line' id='line_1_50' title="bbox 1810 1715 2818 1786; baseline 0.004 -20"><span class='ocrx_word' id='word_1_275' title='bbox 1810 1715 2204 1768; x_wconf 80' lang='lat' dir='ltr'>deducebantur</span> <span class='ocrx_word' id='word_1_276' title='bbox 2261 1735 2466 1786; x_wconf 63' lang='lat' dir='ltr'>sponse</span> <span class='ocrx_word' id='word_1_277' title='bbox 2522 1718 2590 1771; x_wconf 73' lang='lat' dir='ltr'>nd</span> <span class='ocrx_word' id='word_1_278' title='bbox 2650 1720 2818 1770; x_wconf 76' lang='lat' dir='ltr'>mariti</span> 
     </span>
     <span class='ocr_line' id='line_1_51' title="bbox 1811 1794 2815 1867; baseline 0.005 -22"><span class='ocrx_word' id='word_1_279' title='bbox 1811 1795 2028 1846; x_wconf 88' lang='lat' dir='ltr'>domum</span> <span class='ocrx_word' id='word_1_280' title='bbox 2049 1835 2064 1857; x_wconf 92' lang='lat'>,</span> <span class='ocrx_word' id='word_1_281' title='bbox 2087 1794 2174 1847; x_wconf 87' lang='lat' dir='ltr'>sed</span> <span class='ocrx_word' id='word_1_282' title='bbox 2202 1815 2231 1847; x_wconf 78' lang='lat' dir='ltr'>a</span> <span class='ocrx_word' id='word_1_283' title='bbox 2257 1799 2652 1867; x_wconf 81' lang='lat' dir='ltr'>paranymphis.</span> <span class='ocrx_word' id='word_1_284' title='bbox 2678 1799 2815 1850; x_wconf 75' lang='lat' dir='ltr'>Hinc</span> 
     </span>
     <span class='ocr_line' id='line_1_52' title="bbox 1815 1874 2819 1944; baseline 0.006 -20"><span class='ocrx_word' id='word_1_285' title='bbox 1815 1874 2043 1944; x_wconf 80' lang='lat' dir='ltr'>Vulpius</span> <span class='ocrx_word' id='word_1_286' title='bbox 2078 1875 2302 1926; x_wconf 72' lang='lat' dir='ltr'>deducere</span> <span class='ocrx_word' id='word_1_287' title='bbox 2337 1893 2437 1944; x_wconf 80' lang='lat' dir='ltr'>pro</span> <span class='ocrx_word' id='word_1_288' title='bbox 2469 1877 2702 1929; x_wconf 64' lang='lat' dir='ltr'>abducere</span> <span class='ocrx_word' id='word_1_289' title='bbox 2731 1896 2819 1930; x_wconf 82' lang='lat' dir='ltr'>su·</span> 
     </span>
     <span class='ocr_line' id='line_1_53' title="bbox 1814 1953 2818 2028; baseline 0.007 -25"><span class='ocrx_word' id='word_1_290' title='bbox 1814 1954 1941 2017; x_wconf 88' lang='lat' dir='ltr'>mit;</span> <span class='ocrx_word' id='word_1_291' title='bbox 1971 1966 2022 2004; x_wconf 84' lang='lat' dir='ltr'>at</span> <span class='ocrx_word' id='word_1_292' title='bbox 2051 1953 2327 2006; x_wconf 84' lang='lat' dir='ltr'>Santeuius</span> <span class='ocrx_word' id='word_1_293' title='bbox 2355 1955 2547 2026; x_wconf 82' lang='lat' dir='ltr'>respici</span> <span class='ocrx_word' id='word_1_294' title='bbox 2579 1970 2732 2028; x_wconf 82' lang='lat' dir='ltr'>putat</span> <span class='ocrx_word' id='word_1_295' title='bbox 2754 1955 2818 2008; x_wconf 75' lang='lat' dir='ltr'>ad</span> 
     </span>
     <span class='ocr_line' id='line_1_54' title="bbox 1813 2032 2817 2103; baseline 0.007 -22"><span class='ocrx_word' id='word_1_296' title='bbox 1813 2032 1976 2083; x_wconf 83' lang='lat' dir='ltr'>ritum</span> <span class='ocrx_word' id='word_1_297' title='bbox 2018 2034 2323 2103; x_wconf 79' lang='lat' dir='ltr'>nuptiarum</span> <span class='ocrx_word' id='word_1_298' title='bbox 2362 2036 2591 2088; x_wconf 74' lang='lat' dir='ltr'>mxime</span> <span class='ocrx_word' id='word_1_299' title='bbox 2633 2039 2817 2088; x_wconf 75' lang='lat' dir='ltr'>solem·</span> 
     </span>
     <span class='ocr_line' id='line_1_55' title="bbox 1816 2112 2815 2182; baseline 0.006 -22"><span class='ocrx_word' id='word_1_300' title='bbox 1816 2130 1935 2161; x_wconf 82' lang='lat' dir='ltr'>nem</span> <span class='ocrx_word' id='word_1_301' title='bbox 1957 2151 1970 2172; x_wconf 91' lang='lat'>‚</span> <span class='ocrx_word' id='word_1_302' title='bbox 1997 2130 2165 2180; x_wconf 84' lang='lat' dir='ltr'>quum</span> <span class='ocrx_word' id='word_1_303' title='bbox 2197 2112 2344 2182; x_wconf 86' lang='lat' dir='ltr'>virgo</span> <span class='ocrx_word' id='word_1_304' title='bbox 2386 2114 2443 2164; x_wconf 86' lang='lat' dir='ltr'>in</span> <span class='ocrx_word' id='word_1_305' title='bbox 2475 2132 2690 2167; x_wconf 69' lang='lat' dir='ltr'>manum</span> <span class='ocrx_word' id='word_1_306' title='bbox 2718 2116 2815 2166; x_wconf 77' lang='lat' dir='ltr'>viri</span> 
     </span>
     <span class='ocr_line' id='line_1_56' title="bbox 1814 2191 2814 2262; baseline 0.006 -23"><span class='ocrx_word' id='word_1_307' title='bbox 1814 2191 2176 2253; x_wconf 78' lang='lat' dir='ltr'>conveniebat,</span> <span class='ocrx_word' id='word_1_308' title='bbox 2197 2191 2307 2244; x_wconf 77' lang='lat' dir='ltr'>sive</span> <span class='ocrx_word' id='word_1_309' title='bbox 2334 2210 2364 2243; x_wconf 77' lang='lat' dir='ltr'>a</span> <span class='ocrx_word' id='word_1_310' title='bbox 2387 2206 2543 2262; x_wconf 75' lang='lat' dir='ltr'>patre</span> <span class='ocrx_word' id='word_1_311' title='bbox 2567 2193 2641 2246; x_wconf 81' lang='lat' dir='ltr'>de</span> <span class='ocrx_word' id='word_1_312' title='bbox 2662 2213 2814 2246; x_wconf 74' lang='lat' dir='ltr'>manu</span> 
     </span>
     <span class='ocr_line' id='line_1_57' title="bbox 1816 2269 2817 2344; baseline 0.008 -26"><span class='ocrx_word' id='word_1_313' title='bbox 1816 2272 1867 2319; x_wconf 86' lang='lat' dir='ltr'>in</span> <span class='ocrx_word' id='word_1_314' title='bbox 1913 2287 2123 2322; x_wconf 81' lang='lat' dir='ltr'>manum</span> <span class='ocrx_word' id='word_1_315' title='bbox 2169 2269 2473 2324; x_wconf 74' lang='lat' dir='ltr'>tradebatur</span> <span class='ocrx_word' id='word_1_316' title='bbox 2506 2291 2520 2324; x_wconf 73' lang='grc' dir='ltr'><strong><em>ε</em></strong></span> <span class='ocrx_word' id='word_1_317' title='bbox 2564 2274 2622 2325; x_wconf 81' lang='lat' dir='ltr'>in</span> <span class='ocrx_word' id='word_1_318' title='bbox 2665 2292 2817 2344; x_wconf 73' lang='lat' dir='ltr'>quam</span> 
     </span>
     <span class='ocr_line' id='line_1_58' title="bbox 1816 2348 2817 2415; baseline 0.008 -17"><span class='ocrx_word' id='word_1_319' title='bbox 1816 2367 1928 2399; x_wconf 87' lang='lat' dir='ltr'>rem</span> <span class='ocrx_word' id='word_1_320' title='bbox 1973 2348 2148 2401; x_wconf 78' lang='lat' dir='ltr'>laudat</span> <span class='ocrx_word' id='word_1_321' title='bbox 2189 2350 2400 2402; x_wconf 83' lang='lat' dir='ltr'>Terent.</span> <span class='ocrx_word' id='word_1_322' title='bbox 2445 2350 2615 2405; x_wconf 72' lang='lat' dir='ltr'>Andr.</span> <span class='ocrx_word' id='word_1_323' title='bbox 2659 2355 2717 2415; x_wconf 87' lang='lat'>1,</span> <span class='ocrx_word' id='word_1_324' title='bbox 2756 2355 2817 2414; x_wconf 83' lang='lat'>5,</span> 
     </span>
     <span class='ocr_line' id='line_1_59' title="bbox 1818 2429 2817 2494; baseline 0.005 -14"><span class='ocrx_word' id='word_1_325' title='bbox 1818 2429 2099 2480; x_wconf 69' lang='lat' dir='ltr'>65:1{uuc</span> <span class='ocrx_word' id='word_1_326' title='bbox 2140 2434 2206 2480; x_wconf 80' lang='lat' dir='ltr'>mi</span> <span class='ocrx_word' id='word_1_327' title='bbox 2239 2433 2288 2480; x_wconf 76' lang='lat' dir='ltr'>iu</span> <span class='ocrx_word' id='word_1_328' title='bbox 2332 2448 2522 2483; x_wconf 70' lang='lat' dir='ltr'>manum</span> <span class='ocrx_word' id='word_1_329' title='bbox 2563 2433 2686 2494; x_wconf 66' lang='lat' dir='ltr'>dat:</span> <span class='ocrx_word' id='word_1_330' title='bbox 2729 2431 2817 2484; x_wconf 78' lang='lat' dir='ltr'>sed</span> 
     </span>
     <span class='ocr_line' id='line_1_60' title="bbox 1814 2506 2817 2571; baseline 0.005 -14"><span class='ocrx_word' id='word_1_331' title='bbox 1814 2506 1965 2558; x_wconf 75' lang='lat' dir='ltr'>valde</span> <span class='ocrx_word' id='word_1_332' title='bbox 1999 2527 2210 2571; x_wconf 86' lang='lat' dir='ltr'>vereor,</span> <span class='ocrx_word' id='word_1_333' title='bbox 2244 2525 2299 2561; x_wconf 87' lang='lat' dir='ltr'>ut</span> <span class='ocrx_word' id='word_1_334' title='bbox 2340 2510 2415 2562; x_wconf 87' lang='lat' dir='ltr'>sic</span> <span class='ocrx_word' id='word_1_335' title='bbox 2439 2508 2647 2564; x_wconf 74' lang='lat' dir='ltr'>dicatur</span> <span class='ocrx_word' id='word_1_336' title='bbox 2671 2513 2817 2563; x_wconf 56' lang='lat' dir='ltr'>de&amp;-</span> 
     </span>
     <span class='ocr_line' id='line_1_61' title="bbox 1817 2588 2816 2650; baseline 0.006 -14"><span class='ocrx_word' id='word_1_337' title='bbox 1817 2608 1932 2637; x_wconf 81' lang='lat' dir='ltr'>cere.</span> <span class='ocrx_word' id='word_1_338' title='bbox 1966 2588 2143 2640; x_wconf 87' lang='lat' dir='ltr'>Tolles</span> <span class='ocrx_word' id='word_1_339' title='bbox 2181 2590 2316 2641; x_wconf 79' lang='lat' dir='ltr'>hanc</span> <span class='ocrx_word' id='word_1_340' title='bbox 2351 2588 2745 2650; x_wconf 77' lang='lat' dir='ltr'>difficultatem,</span> <span class='ocrx_word' id='word_1_341' title='bbox 2776 2593 2816 2642; x_wconf 79' lang='lat' dir='ltr'>si</span> 
     </span>
     <span class='ocr_line' id='line_1_62' title="bbox 1817 2669 2817 2740; baseline 0.003 -23"><span class='ocrx_word' id='word_1_342' title='bbox 1817 2686 1917 2735; x_wconf 86' lang='lat' dir='ltr'>pro</span> <span class='ocrx_word' id='word_1_343' title='bbox 1954 2680 2159 2736; x_wconf 81' lang='lat' dir='ltr'>patema</span> <span class='ocrx_word' id='word_1_344' title='bbox 2197 2686 2403 2719; x_wconf 87' lang='lat' dir='ltr'>mecum</span> <span class='ocrx_word' id='word_1_345' title='bbox 2449 2669 2635 2740; x_wconf 79' lang='lat' dir='ltr'>legeris</span> <span class='ocrx_word' id='word_1_346' title='bbox 2656 2684 2817 2739; x_wconf 72' lang='lat' dir='ltr'>pater·</span> 
     </span>
     <span class='ocr_line' id='line_1_63' title="bbox 1817 2748 2821 2820; baseline 0.007 -26"><span class='ocrx_word' id='word_1_347' title='bbox 1817 2766 1942 2795; x_wconf 75' lang='lat' dir='ltr'>team.</span> <span class='ocrx_word' id='word_1_348' title='bbox 1979 2778 2057 2788; x_wconf 92' lang='lat'>—</span> <span class='ocrx_word' id='word_1_349' title='bbox 2091 2748 2294 2816; x_wconf 73' lang='lat' dir='ltr'>Assyrio</span> <span class='ocrx_word' id='word_1_350' title='bbox 2330 2749 2506 2808; x_wconf 72' lang='lat' dir='ltr'>odore,</span> <span class='ocrx_word' id='word_1_351' title='bbox 2533 2750 2821 2820; x_wconf 76' lang='lat' dir='ltr'>liquoribus</span> 
     </span>
     <span class='ocr_line' id='line_1_64' title="bbox 1818 2825 2817 2899; baseline 0.003 -24"><span class='ocrx_word' id='word_1_352' title='bbox 1818 2825 2048 2876; x_wconf 81' lang='lat' dir='ltr'>odoratis</span> <span class='ocrx_word' id='word_1_353' title='bbox 2076 2839 2127 2877; x_wconf 90' lang='lat' dir='ltr'>et</span> <span class='ocrx_word' id='word_1_354' title='bbox 2152 2829 2432 2895; x_wconf 86' lang='lat' dir='ltr'>unguentis</span> <span class='ocrx_word' id='word_1_355' title='bbox 2455 2827 2712 2899; x_wconf 80' lang='lat' dir='ltr'>Syrorum</span> <span class='ocrx_word' id='word_1_356' title='bbox 2748 2828 2817 2893; x_wconf 77' lang='lat' dir='ltr'>(v.</span> 
     </span>
     <span class='ocr_line' id='line_1_65' title="bbox 1819 2901 2819 2979; baseline 0.005 -25"><span class='ocrx_word' id='word_1_357' title='bbox 1819 2905 2109 2956; x_wconf 76' lang='lat' dir='ltr'>Broucklms.</span> <span class='ocrx_word' id='word_1_358' title='bbox 2132 2904 2198 2956; x_wconf 76' lang='lat' dir='ltr'>ad</span> <span class='ocrx_word' id='word_1_359' title='bbox 2215 2906 2409 2958; x_wconf 88' lang='lat' dir='ltr'>Tibull.</span> <span class='ocrx_word' id='word_1_360' title='bbox 2441 2909 2467 2957; x_wconf 94' lang='lat' dir='ltr'>I</span> <span class='ocrx_word' id='word_1_361' title='bbox 2484 2947 2500 2972; x_wconf 81' lang='lat'>,</span> <span class='ocrx_word' id='word_1_362' title='bbox 2527 2907 2557 2958; x_wconf 84' lang='grc'>3</span> <span class='ocrx_word' id='word_1_363' title='bbox 2573 2947 2589 2969; x_wconf 83' lang='grc'>,</span> <span class='ocrx_word' id='word_1_364' title='bbox 2605 2901 2682 2977; x_wconf 86' lang='lat'>7),</span> <span class='ocrx_word' id='word_1_365' title='bbox 2701 2910 2819 2979; x_wconf 84' lang='lat' dir='ltr'>qui·</span> 
     </span>
     <span class='ocr_line' id='line_1_66' title="bbox 1819 2982 2820 3054; baseline 0.008 -21"><span class='ocrx_word' id='word_1_366' title='bbox 1819 2984 1915 3034; x_wconf 81' lang='lat' dir='ltr'>hus</span> <span class='ocrx_word' id='word_1_367' title='bbox 1954 2982 2041 3034; x_wconf 88' lang='lat' dir='ltr'>die</span> <span class='ocrx_word' id='word_1_368' title='bbox 2081 2986 2381 3054; x_wconf 75' lang='lat' dir='ltr'>nuptiarum</span> <span class='ocrx_word' id='word_1_369' title='bbox 2422 2985 2618 3039; x_wconf 84' lang='lat' dir='ltr'>domus</span> <span class='ocrx_word' id='word_1_370' title='bbox 2652 2988 2820 3040; x_wconf 72' lang='lat' dir='ltr'>mariti</span> 
     </span>
     <span class='ocr_line' id='line_1_67' title="bbox 1819 3062 2522 3130; baseline 0.006 -17"><span class='ocrx_word' id='word_1_371' title='bbox 1819 3062 2256 3130; x_wconf 83' lang='lat' dir='ltr'>permulcebatur.</span> <span class='ocrx_word' id='word_1_372' title='bbox 2519 3078 2522 3079; x_wconf 72' lang='grc'>’</span> 
     </span>
    </p>

    <p class='ocr_par' dir='ltr' id='par_1_17' title="bbox 1818 3142 2824 3672">
     <span class='ocr_line' id='line_1_68' title="bbox 1910 3142 2818 3215; baseline 0.006 -23"><span class='ocrx_word' id='word_1_373' title='bbox 1910 3160 1928 3192; x_wconf 89' lang='lat'>1</span> <span class='ocrx_word' id='word_1_374' title='bbox 1947 3142 2033 3203; x_wconf 67' lang='lat'>45.</span> <span class='ocrx_word' id='word_1_375' title='bbox 2063 3143 2167 3195; x_wconf 85' lang='lat' dir='ltr'>Pro</span> <span class='ocrx_word' id='word_1_376' title='bbox 2189 3146 2308 3195; x_wconf 80' lang='lat' dir='ltr'>mira</span> <span class='ocrx_word' id='word_1_377' title='bbox 2330 3144 2384 3194; x_wconf 89' lang='lat' dir='ltr'>in</span> <span class='ocrx_word' id='word_1_378' title='bbox 2409 3146 2723 3215; x_wconf 75' lang='lat' dir='ltr'>quibusdam</span> <span class='ocrx_word' id='word_1_379' title='bbox 2747 3150 2818 3197; x_wconf 76' lang='lat' dir='ltr'>ni·</span> 
     </span>
     <span class='ocr_line' id='line_1_69' title="bbox 1818 3219 2824 3294; baseline 0.005 -24"><span class='ocrx_word' id='word_1_380' title='bbox 1818 3241 1931 3288; x_wconf 81' lang='lat' dir='ltr'>gra,</span> <span class='ocrx_word' id='word_1_381' title='bbox 1963 3219 2052 3272; x_wconf 87' lang='lat' dir='ltr'>sed</span> <span class='ocrx_word' id='word_1_382' title='bbox 2082 3240 2267 3275; x_wconf 85' lang='lat' dir='ltr'>omnes</span> <span class='ocrx_word' id='word_1_383' title='bbox 2292 3222 2447 3276; x_wconf 83' lang='lat' dir='ltr'>MSS.</span> <span class='ocrx_word' id='word_1_384' title='bbox 2477 3224 2607 3277; x_wconf 71' lang='lat' dir='ltr'>Stat.</span> <span class='ocrx_word' id='word_1_385' title='bbox 2636 3238 2687 3278; x_wconf 87' lang='lat' dir='ltr'>et</span> <span class='ocrx_word' id='word_1_386' title='bbox 2710 3226 2824 3294; x_wconf 72' lang='lat' dir='ltr'>pln-</span> 
     </span>
     <span class='ocr_line' id='line_1_70' title="bbox 1823 3298 2820 3371; baseline 0.007 -21"><span class='ocrx_word' id='word_1_387' title='bbox 1823 3300 1945 3351; x_wconf 86' lang='lat' dir='ltr'>rimi</span> <span class='ocrx_word' id='word_1_388' title='bbox 1973 3298 2144 3352; x_wconf 88' lang='lat' dir='ltr'>Codd.</span> <span class='ocrx_word' id='word_1_389' title='bbox 2169 3301 2310 3371; x_wconf 79' lang='lat' dir='ltr'>apud</span> <span class='ocrx_word' id='word_1_390' title='bbox 2334 3302 2646 3356; x_wconf 68' lang='lat' dir='ltr'>Sentenium</span> <span class='ocrx_word' id='word_1_391' title='bbox 2674 3318 2820 3356; x_wconf 82' lang='lat' dir='ltr'>tuen-</span> 
     </span>
     <span class='ocr_line' id='line_1_71' title="bbox 1824 3383 2822 3447; baseline 0.007 -18"><span class='ocrx_word' id='word_1_392' title='bbox 1824 3392 1910 3430; x_wconf 86' lang='lat' dir='ltr'>tur</span> <span class='ocrx_word' id='word_1_393' title='bbox 1950 3391 2182 3431; x_wconf 84' lang='lat' dir='ltr'>nostram</span> <span class='ocrx_word' id='word_1_394' title='bbox 2217 3383 2517 3447; x_wconf 80' lang='lat' dir='ltr'>lectionem.</span> <span class='ocrx_word' id='word_1_395' title='bbox 2548 3407 2630 3419; x_wconf 89' lang='lat'>—</span> <span class='ocrx_word' id='word_1_396' title='bbox 2663 3386 2822 3436; x_wconf 68' lang='lat' dir='ltr'>Pria-a</span> 
     </span>
     <span class='ocr_line' id='line_1_72' title="bbox 1826 3459 2822 3525; baseline 0.004 -17"><span class='ocrx_word' id='word_1_397' title='bbox 1826 3459 2033 3511; x_wconf 83' lang='lat' dir='ltr'>volebat</span> <span class='ocrx_word' id='word_1_398' title='bbox 2046 3459 2289 3513; x_wconf 80' lang='lat' dir='ltr'>Heinsius</span> <span class='ocrx_word' id='word_1_399' title='bbox 2303 3500 2319 3525; x_wconf 88' lang='lat'>,</span> <span class='ocrx_word' id='word_1_400' title='bbox 2338 3466 2473 3514; x_wconf 75' lang='lat' dir='ltr'>m‘oea</span> <span class='ocrx_word' id='word_1_401' title='bbox 2485 3462 2822 3515; x_wconf 68' lang='lat' dir='ltr'>Schrader-us.</span> 
     </span>
     <span class='ocr_line' id='line_1_73' title="bbox 1822 3538 2820 3601; baseline 0.007 -15"><span class='ocrx_word' id='word_1_402' title='bbox 1822 3571 1901 3578; x_wconf 93' lang='grc'>--</span> <span class='ocrx_word' id='word_1_403' title='bbox 1929 3538 2060 3588; x_wconf 78' lang='lat' dir='ltr'>Mira</span> <span class='ocrx_word' id='word_1_404' title='bbox 2092 3553 2255 3601; x_wconf 72' lang='grc' dir='ltr'>ηοσιε,</span> <span class='ocrx_word' id='word_1_405' title='bbox 2287 3542 2484 3593; x_wconf 83' lang='lat' dir='ltr'>mirum</span> <span class='ocrx_word' id='word_1_406' title='bbox 2513 3545 2568 3594; x_wconf 87' lang='lat' dir='ltr'>in</span> <span class='ocrx_word' id='word_1_407' title='bbox 2609 3542 2820 3595; x_wconf 80' lang='lat' dir='ltr'>modum</span> 
     </span>
     <span class='ocr_line' id='line_1_74' title="bbox 1822 3616 2423 3672; baseline 0.008 -5"><span class='ocrx_word' id='word_1_408' title='bbox 1822 3616 2032 3667; x_wconf 87' lang='lat' dir='ltr'>libidini</span> <span class='ocrx_word' id='word_1_409' title='bbox 2059 3618 2423 3672; x_wconf 75' lang='lat' dir='ltr'>satisfaciente.</span> 
     </span>
    </p>

    <p class='ocr_par' dir='ltr' id='par_1_18' title="bbox 1824 3698 2822 3850">
     <span class='ocr_line' id='line_1_75' title="bbox 1911 3698 2822 3768; baseline 0.01 -24"><span class='ocrx_word' id='word_1_410' title='bbox 1911 3700 2036 3758; x_wconf 68' lang='lat'>146.</span> <span class='ocrx_word' id='word_1_411' title='bbox 2077 3698 2233 3766; x_wconf 78' lang='lat' dir='ltr'>Ipsius</span> <span class='ocrx_word' id='word_1_412' title='bbox 2273 3719 2334 3750; x_wconf 63' lang='lat' dir='ltr'>ex</span> <span class='ocrx_word' id='word_1_413' title='bbox 2366 3704 2469 3768; x_wconf 76' lang='lat' dir='ltr'>ipso</span> <span class='ocrx_word' id='word_1_414' title='bbox 2499 3701 2552 3752; x_wconf 84' lang='lat' dir='ltr'>d.</span> <span class='ocrx_word' id='word_1_415' title='bbox 2592 3705 2690 3752; x_wconf 72' lang='lat' dir='ltr'>vie-i</span> <span class='ocrx_word' id='word_1_416' title='bbox 2713 3718 2822 3768; x_wconf 70' lang='lat' dir='ltr'>gn·</span> 
     </span>
     <span class='ocr_line' id='line_1_76' title="bbox 1824 3779 2744 3850; baseline 0.004 -25"><span class='ocrx_word' id='word_1_417' title='bbox 1824 3780 1937 3837; x_wconf 81' lang='lat' dir='ltr'>mio,</span> <span class='ocrx_word' id='word_1_418' title='bbox 1965 3789 2204 3846; x_wconf 78' lang='lat' dir='ltr'>surrepta</span> <span class='ocrx_word' id='word_1_419' title='bbox 2228 3779 2328 3845; x_wconf 83' lang='lat' dir='ltr'>ipsi</span> <span class='ocrx_word' id='word_1_420' title='bbox 2352 3779 2470 3830; x_wconf 85' lang='lat' dir='ltr'>viro</span> <span class='ocrx_word' id='word_1_421' title='bbox 2498 3779 2744 3850; x_wconf 81' lang='lat' dir='ltr'>legitimo.</span> 
     </span>
    </p>

    <p class='ocr_par' dir='ltr' id='par_1_19' title="bbox 1820 3857 2825 4166">
     <span class='ocr_line' id='line_1_77' title="bbox 1910 3857 2824 3923; baseline 0.008 -19"><span class='ocrx_word' id='word_1_422' title='bbox 1910 3860 2038 3923; x_wconf 72' lang='lat'>147,</span> <span class='ocrx_word' id='word_1_423' title='bbox 2079 3857 2204 3918; x_wconf 75' lang='lat'>148.</span> <span class='ocrx_word' id='word_1_424' title='bbox 2248 3858 2312 3908; x_wconf 90' lang='lat' dir='ltr'>In</span> <span class='ocrx_word' id='word_1_425' title='bbox 2353 3857 2556 3910; x_wconf 84' lang='lat' dir='ltr'>Codice</span> <span class='ocrx_word' id='word_1_426' title='bbox 2582 3858 2824 3921; x_wconf 77' lang='lat' dir='ltr'>corvini,</span> 
     </span>
     <span class='ocr_line' id='line_1_78' title="bbox 1822 3936 2825 4006; baseline 0.003 -22"><span class='ocrx_word' id='word_1_427' title='bbox 1822 3946 1950 3985; x_wconf 79' lang='lat' dir='ltr'>teste</span> <span class='ocrx_word' id='word_1_428' title='bbox 1987 3936 2263 4000; x_wconf 81' lang='lat' dir='ltr'>Santenio,</span> <span class='ocrx_word' id='word_1_429' title='bbox 2302 3936 2493 4006; x_wconf 78' lang='lat' dir='ltr'>legitur</span> <span class='ocrx_word' id='word_1_430' title='bbox 2536 3939 2639 3991; x_wconf 87' lang='lat' dir='ltr'>hoc</span> <span class='ocrx_word' id='word_1_431' title='bbox 2678 3936 2825 3990; x_wconf 74' lang='lat' dir='ltr'>disti-</span> 
     </span>
     <span class='ocr_line' id='line_1_79' title="bbox 1821 4013 2825 4079; baseline 0.004 -16"><span class='ocrx_word' id='word_1_432' title='bbox 1821 4013 1960 4064; x_wconf 90' lang='lat' dir='ltr'>chon</span> <span class='ocrx_word' id='word_1_433' title='bbox 1989 4014 2063 4065; x_wconf 80' lang='lat' dir='ltr'>sic</span> <span class='ocrx_word' id='word_1_434' title='bbox 2097 4032 2111 4066; x_wconf 90' lang='lat'>:</span> <span class='ocrx_word' id='word_1_435' title='bbox 2145 4040 2167 4061; x_wconf 74' lang='grc' dir='ltr'>ι</span> <span class='ocrx_word' id='word_1_436' title='bbox 2187 4015 2365 4079; x_wconf 78' lang='lat' dir='ltr'>Quare</span> <span class='ocrx_word' id='word_1_437' title='bbox 2405 4017 2534 4068; x_wconf 76' lang='lat' dir='ltr'>illud</span> <span class='ocrx_word' id='word_1_438' title='bbox 2562 4017 2684 4070; x_wconf 80' lang='lat' dir='ltr'>satis</span> <span class='ocrx_word' id='word_1_439' title='bbox 2720 4028 2825 4076; x_wconf 72' lang='lat' dir='ltr'>est,</span> 
     </span>
     <span class='ocr_line' id='line_1_80' title="bbox 1820 4092 2824 4166; baseline 0.004 -24"><span class='ocrx_word' id='word_1_440' title='bbox 1820 4092 1861 4142; x_wconf 81' lang='lat' dir='ltr'>si</span> <span class='ocrx_word' id='word_1_441' title='bbox 1886 4092 2040 4145; x_wconf 80' lang='lat' dir='ltr'>nobis</span> <span class='ocrx_word' id='word_1_442' title='bbox 2056 4094 2112 4145; x_wconf 74' lang='lat' dir='ltr'>id</span> <span class='ocrx_word' id='word_1_443' title='bbox 2127 4092 2284 4147; x_wconf 81' lang='lat' dir='ltr'>datur</span> <span class='ocrx_word' id='word_1_444' title='bbox 2304 4099 2412 4147; x_wconf 75' lang='lat' dir='ltr'>unis</span> <span class='ocrx_word' id='word_1_445' title='bbox 2426 4136 2440 4158; x_wconf 90' lang='lat'>,</span> <span class='ocrx_word' id='word_1_446' title='bbox 2467 4095 2631 4160; x_wconf 82' lang='lat' dir='ltr'>Quod</span> <span class='ocrx_word' id='word_1_447' title='bbox 2652 4093 2824 4166; x_wconf 68' lang='lat' dir='ltr'>lapide</span> 
     </span>
    </p>
   </div>
  </div>
 </body>
</html>
