2986 4935
983 410 1035 463 P
1058 410 1113 463 R
1138 408 1212 463 AE
1270 403 1454 461 FAT
1476 407 1603 463 ῙΟ.
2192 411 2303 464 XV

183 528 508 625 Crebra
548 547 766 617 sunt
806 525 1244 646 adjectiva
1284 526 1785 645 composita
1811 593 1834 637 ,
1875 545 1979 614 ut
2012 560 2030 613 ι

380 745 690 836 Namque
697 740 1132 833 fluentisono
1159 752 1590 832 prospectans
1627 736 1845 807 litore.
1871 792 1884 806 .
1905 792 1918 808 .

386 855 453 919 V
448 850 741 919 eridicos
766 850 990 915 Parcoe
1014 858 1360 940 coeperunt
1383 843 1579 913 edere
1601 859 1850 914 cantus.

382 960 541 1026 Haec
579 970 720 1023 tum
760 955 1108 1023 clarisona
1150 949 1467 1046 pellentes
1489 948 1735 1018 vellera
1757 976 1958 1020 voce.
1995 1001 2011 1015 .
2050 1000 2065 1015 .

384 1065 555 1152 Quae
584 1061 701 1129 tibi
702 1058 1106 1151 flexanimo
1135 1071 1423 1125 mentem
1455 1056 1813 1150 perfundat
1839 1082 2065 1126 amore
2084 1106 2100 1123 .
2137 1107 2152 1121 .
2190 1106 2205 1121 .

383 1168 775 1258 Justgfi'cam
805 1166 994 1234 nobis
1024 1178 1311 1232 mentem
1341 1176 1642 1230 avertere
1669 1165 1989 1246 Deorum.

878 1271 1030 1339 ibid.
1064 1294 1172 1337 vv.
1213 1266 1345 1351 52,
1383 1267 1559 1362 307,
1591 1266 1727 1339 321
1760 1317 1778 1353 ,
1815 1267 1999 1353 331,
2032 1272 2203 1363 407.

184 1474 386 1559 Non
429 1498 646 1556 raro
687 1461 1365 1553 cumulatorum
1407 1459 2024 1582 epithetorum
2069 1492 2315 1550 com·
2415 1452 2420 1455 ’

185 1620 551 1740 plexum
587 1614 864 1703 talem
900 1612 1303 1700 invenies
1344 1645 1361 1696 z

390 1895 407 1910 .
430 1895 446 1910 .
471 1892 483 1906 .
509 1893 524 1909 .
543 1862 786 1909 suaves
814 1841 1179 1931 exspirans
1209 1847 1444 1904 castus
1469 1832 1716 1901 odores

391 1944 716 2018 Lectulus
733 1996 746 2011 .
772 1996 787 2010 .
815 1995 828 2010 .

392 2056 617 2124 Gnate
632 2104 650 2139 ‚
685 2050 852 2118 mihi
879 2050 1092 2141 longa
1109 2044 1487 2138 jucundior
1522 2049 1716 2113 unic-e
1747 2050 1917 2113 vita.

1547 2150 1699 2218 ibid.
1737 2175 1843 2217 vv.
1880 2151 2002 2244 87,
2036 2147 2207 2220 215.

300 2304 628 2458 Quum
677 2334 791 2427 ad
834 2333 1381 2456 exemplaria
1447 2362 1781 2455 graeca,
1840 2331 1935 2416 in
1989 2328 2324 2453 quibus

178 2495 488 2585 videas
522 2488 991 2614 particulis
1032 2484 1492 2607 expletivis
1534 2483 1908 2604 aliisque
1944 2481 2322 2570 vocibus

170 2643 436 2736 haud
471 2645 595 2731 ita
636 2638 1097 2729 sententiae
1132 2634 1655 2723 necessariis
1678 2703 1700 2745 ,
1734 2632 1942 2720 licet
1971 2632 2325 2754 phrasis

166 2800 271 2886 in
333 2816 659 2884 tenore
717 2821 906 2878 non
960 2785 1385 2911 ingratis,
1443 2816 1753 2871 versus
1813 2780 2320 2896 abundare,

163 2980 373 3037 sese
422 2935 840 3033 Catullus
902 2934 1390 3024 efformare
1447 2931 2130 3058 diligentissime
2203 2952 2327 3019 at-

165 3094 642 3204 tenderet,
680 3086 889 3177 inde
931 3084 1274 3175 factum
1317 3102 1486 3194 est,
1528 3102 1630 3168 ut.
1666 3079 2161 3168 identidem
2191 3114 2328 3169 re-

156 3249 459 3336 misse
518 3261 609 3331 et
662 3240 1153 3328 oscitanter
1202 3207 1618 3322 incedere
1672 3231 1913 3318 illius
1960 3264 2332 3320 carmen

154 3388 987 3487 videatur.Latinis
1013 3417 1261 3508 aeque
1293 3415 1395 3470 ac
1418 3381 1713 3470 Graiis
1740 3378 2332 3501 scriptoribus

148 3545 687 3639 verborum
738 3535 1301 3646 sonantium,
1357 3564 1558 3656 quae
1602 3529 2094 3653 profluenti
2155 3563 2334 3617 ser-

141 3731 445 3817 mom
470 3714 917 3815 tanquam
937 3684 1401 3774 auxiliaria
1427 3683 1743 3802 saepius
1767 3679 2329 3794 inderentur,

143 3851 448 3976 copia
513 3874 710 3931 non
776 3833 1354 3961 suppetebat3
1414 3853 1506 3920 at
1562 3832 1955 3953 pressior
2017 3862 2341 3924 eorum

140 3999 736 4129 pleniorque
766 3987 1104 4100 oratio,
1141 3984 1432 4110 qualis
1468 3980 1711 4105 apud
1733 3979 2221 4106 Virgilium
2255 4002 2348 4072 et

132 4148 683 4246 Horatium
738 4162 826 4228 et
879 4160 1243 4229 caeteros
1296 4136 1634 4225 horum
1689 4131 2074 4255 aequales
2135 4164 2347 4220 con-
