2986 4935
738 431 873 500 118

1255 432 1328 497 C.
1371 429 1799 497 VALERII
1858 428 2318 498 CATULLI

1039 564 1374 629 Veronam
1417 562 1671 643 veniat,
1704 560 1880 628 Novi
1924 557 2294 651 relinquens

1045 669 1235 735 Comi
1274 667 1515 733 moenia
1536 718 1554 749 ,
1588 668 1988 758 Lariumque
2020 662 2211 747 litus;

1045 772 1217 840 Nam
1256 772 1570 865 quasdam
1608 770 1759 840 volo
1792 771 2223 864 cogitationes
2830 794 2846 830 ε

1048 878 1256 945 Amici
1290 880 1567 971 accipiat
1605 878 1737 964 sui,
1772 878 2052 970 meique.

1049 987 1308 1071 Quare,
1344 985 1397 1051 si
1436 985 1675 1077 sapiet,
1702 985 1876 1052 viam
1914 982 2208 1064 vorabit,

1048 1090 1369 1177 Quamvis
1401 1089 1675 1158 candida
1710 1088 1937 1158 millies
1967 1087 2183 1182 puella

1048 1198 1331 1263 Euntem
1373 1211 1671 1280 revocet,
1704 1220 2065 1288 manusque
2104 1192 2275 1262 collo

1048 1302 1293 1369 Ambas
1332 1302 1659 1394 injicienS,
1694 1317 1880 1397 roget
1910 1302 2189 1383 morari3

1048 1409 1217 1494 Quae
1260 1432 1469 1493 nunc,
1516 1409 1569 1475 si
1615 1409 1773 1475 mihi
1819 1433 1972 1476 vera
2016 1407 2436 1489 nuntiantur,

1053 1510 1245 1579 lllum
1284 1512 1541 1606 deperit
1583 1515 1943 1607 impotente
1980 1537 2223 1582 amore.

1050 1621 1220 1688 Nam
1245 1674 1263 1701 ,
1304 1644 1437 1711 quo
1473 1636 1769 1713 tempore
1806 1619 1959 1714 legit
1997 1620 2372 1688 inchoatam

742 1855 863 1906 Vet.
904 1873 1015 1925 cap.
1067 1874 1131 1917 ι,
1162 1873 1281 1926 pag.
1334 1873 1436 1919 υ,
1479 1856 1582 1918 23,
1626 1854 1752 1907 edit.

743 1934 1002 1986 Leuschn.

826 2014 878 2065 3.
906 2014 1033 2066 Novi
1055 2014 1195 2065 Comi
1213 2018 1397 2064 moenae'a.
1425 2015 1636 2065 Novum
1660 2013 1759 2064 Co·

745 2110 891 2144 mum
923 2093 1019 2144 fuit
1049 2092 1305 2163 oppidum
1337 2093 1390 2144 in
1427 2093 1668 2144 Insubria
1690 2092 1760 2143 ad

743 2171 939 2224 Lacum
967 2173 1203 2224 Larium.
1228 2170 1353 2224 Vid.
1379 2173 1543 2243 Vulp.
1572 2185 1623 2223 et
1645 2173 1760 2225 Cel-

742 2251 837 2303 lat.
867 2253 987 2303 Not.
1019 2251 1180 2303 Orbis
1220 2253 1392 2322 Antiq.
1432 2265 1557 2303 tom.
1584 2254 1609 2303 Ῑ
1628 2289 1643 2314 ,
1669 2253 1756 2303 lib.

661 2330 677 2342 ⁶
746 2349 884 2393 a,c.
925 2333 1228 2401 9,p.680.

830 2411 880 2460 5.
924 2410 1053 2460 Nam
1102 2412 1267 2482 qua-sd.
1317 2413 1428 2461 volo
1472 2413 1619 2479 cogit.
1663 2423 1759 2462 etc.

747 2488 1022 2558 Eleganter
1054 2509 1152 2560 pro
1187 2493 1386 2560 vulgari
1415 2510 1427 2542 :
1458 2510 1577 2541 nam
1618 2510 1763 2541 com-

747 2569 1028 2620 municabo
1043 2588 1163 2621 cuin
1183 2571 1271 2622 illo
1286 2572 1580 2623 communis
1602 2570 1764 2622 nostri

748 2648 902 2698 amici
931 2650 1204 2699 sententias
1230 2649 1500 2719 quasdam.

831 2747 883 2796 7.
908 2728 1052 2776 Viam
1072 2728 1287 2790 vorabit,
1313 2729 1365 2780 h.
1388 2747 1434 2780 e.
1464 2746 1663 2779 summa
1689 2748 1764 2779 ce-

749 2807 949 2860 leritate
986 2819 1037 2858 et
1083 2808 1403 2860 festinatione
1443 2808 1580 2858 viam
1624 2828 1769 2859 eme·

755 2886 928 2950 tietur,
943 2888 1070 2938 velis
1087 2888 1350 2956 remisque
1365 2888 1467 2939 huc
1484 2885 1764 2938 advolabit.

753 2967 811 3015 V
803 2987 939 3017 orare
972 2967 1129 3019 habet
1156 2969 1422 3018 notionem
1467 2967 1769 3018 incitatioris

750 3046 976 3117 impetus
1015 3061 1064 3098 et
1106 3047 1473 3105 festinationis,
1515 3046 1766 3115 quemad-

755 3125 973 3178 modum
1020 3128 1123 3188 illi,
1164 3128 1253 3196 qui
1295 3128 1440 3177 cibos
1474 3124 1678 3176 avidius
1718 3140 1767 3177 et

752 3206 1037 3258 festinatius
1086 3205 1417 3275 deglutiunt,
1461 3225 1633 3256 ‘vorare
1685 3205 1766 3255 di·

753 3298 960 3336 cuntur.
982 3285 1100 3336 Pari
1126 3283 1285 3335 modo
1316 3284 1508 3335 dicitur
1531 3290 1662 3335 viam
1685 3306 1765 3334 ra-

752 3383 893 3432 pere,
925 3367 1153 3433 ἁρπάζειν
1187 3366 1271 3414 τὴν
1313 3361 1441 3415 ὁδόν.
1471 3363 1597 3416 Vid.
1632 3366 1767 3415 Dor·-

757 3441 881 3493 ville
907 3443 973 3495 ad
999 3444 1200 3494 Charit.
1231 3445 1256 3493 l
1273 3481 1286 3501 ,
1311 3462 1341 3510 9
1364 3484 1377 3505 ‚
1405 3463 1457 3512 p.
1490 3444 1620 3509 263,
1640 3442 1764 3494 edit.

754 3520 901 3590 Lips.

842 3604 892 3653 8.
923 3601 1145 3653 Candida
1168 3602 1350 3670 puella,
1377 3603 1613 3672 pulchra.
1641 3600 1767 3653 Vid.

754 3679 821 3733 ad
845 3682 1019 3733 Carm.
1047 3681 1202 3744 xm,
1240 3689 1291 3743 4.

840 3782 891 3831 9.
924 3761 1146 3821 Euntem,
1177 3762 1228 3811 h.
1252 3781 1296 3811 e.
1330 3760 1404 3810 ire
1435 3773 1485 3810 et
1513 3760 1770 3830 proficisci

758 3842 1018 3894 volentem
1041 3879 1056 3902 ,
1085 3853 1140 3890 ut
1174 3839 1314 3910 apud
1345 3839 1496 3908 Virg.
1528 3844 1643 3891 AEn.
1682 3842 1732 3891 ΙΙ
1755 3878 1769 3903 ,

767 3940 789 3971 1
807 3941 826 3974 ι
847 3940 891 3973 1.
923 3923 1091 3971 terruit
1121 3921 1300 3970 Auster
1322 3931 1497 3969 euntes.

846 4019 930 4053 ιο.
962 4001 1183 4067 lusit-iens
1223 4016 1346 4050 man.
1379 3998 1503 4047 amb.
1544 4000 1650 4049 coll.
1690 3999 1769 4049 in-

754 4081 915 4151 jicere
939 4080 1096 4133 alicui
1128 4097 1310 4131 manus
1335 4078 1551 4147 proprie
1583 4079 1633 4129 in
1656 4095 1770 4130 ma·

1848 1855 1950 1906 lam
1975 1866 2176 1925 pas-tem
2207 1852 2403 1906 dicitur
2423 1852 2492 1905 de
2515 1852 2750 1906 violento
2772 1852 2861 1903 im·

1845 1946 1990 2004 petu,
2005 1932 2093 1985 sed
2109 1946 2229 2003 apte
2244 1934 2551 1986 transfertur
2560 1931 2630 1985 ad
2640 1945 2860 1985 amantes

1848 2032 2054 2064 summo
2076 2014 2272 2064 amoris
2298 2015 2501 2083 impetu
2526 2013 2744 2064 alterius
2757 2029 2858 2062 am·

1849 2093 2029 2162 plexus
2059 2105 2307 2162 petentes.
2330 2093 2415 2143 Sic
2438 2092 2635 2142 brachia
2657 2092 2779 2142 eollo
2794 2093 2860 2140 in·

1840 2175 1989 2240 jicere
2016 2169 2159 2241 apud
2179 2170 2335 2224 Ovid.
2360 2173 2573 2222 Metam.
2600 2173 2716 2234 111,
2743 2169 2859 2238 389.

1852 2279 1930 2290 —
1953 2252 2193 2303 Profecto
2220 2252 2388 2302 noluit
2418 2251 2657 2303 Catullus
2681 2248 2749 2301 ad
2771 2250 2862 2301 hoc

1852 2330 2101 2400 loquendi
2138 2349 2339 2399 genus,
2371 2328 2516 2401 quod
2558 2329 2864 2399 Doeringius

1854 2423 2139 2474 memorat,
2161 2409 2392 2461 alludere
2409 2448 2425 2475 ,
2442 2407 2534 2460 sed
2552 2421 2675 2460 ante
2696 2409 2865 2460 oculos

1855 2504 2029 2541 mente
2061 2490 2156 2541 sibi
2187 2490 2514 2561 proponebat
2543 2503 2594 2541 et
2624 2489 2863 2560 graphice

1856 2570 2316 2638 venustissime-que
2365 2568 2703 2621 adumbravit
2761 2587 2867 2619 mu·

1856 2649 2084 2700 lierculae
2096 2649 2361 2701 blanditiis
2374 2662 2423 2699 et
2438 2661 2619 2699 tenero
2632 2649 2866 2719 amplexu

1856 2729 2081 2779 amicum
2105 2728 2405 2780 retentautis
2432 2728 2736 2797 imaginem.
2758 2728 2822 2778 N.

1947 2825 2031 2858 12.
2069 2809 2209 2859 Illum
2241 2809 2448 2878 deperit,
2477 2806 2533 2858 h.
2576 2826 2625 2857 e.
2672 2806 2870 2876 perdite

1857 2899 2017 2949 amat3
2049 2901 2268 2957 pereunt
2290 2887 2431 2939 enim
2459 2886 2605 2956 quasi
2640 2887 2870 2938 homines

1860 2964 2172 3035 prudentes,
2202 2966 2445 3027 scientes,
2477 2965 2585 3015 vivi
2618 2964 2872 3017 videntes·

1858 3064 1993 3115 qne,
2036 3064 2167 3115 quos
2206 3044 2392 3115 agendi
2441 3046 2684 3097 libertate
2734 3064 2871 3097 amor

1858 3126 2061 3194 privat,
2103 3137 2180 3186 et,
2217 3124 2479 3196 quidquid
2523 3125 2613 3175 ille
2661 3123 2869 3177 demum

1857 3204 2069 3266 suadet,
2089 3222 2239 3273 agere
2261 3205 2416 3275 cogit.
2441 3204 2527 3257 Sic
2553 3205 2717 3276 Ly‘da‘a
2736 3200 2868 3274 apud

1860 3284 1988 3335 Hor.
2021 3282 2220 3346 Od.1,
2261 3287 2321 3344 8,
2352 3283 2862 3354 3,amandoperdeoe

1857 3361 2050 3415 dicitur
2075 3362 2298 3430 Sybarim
2319 3406 2331 3426 ,
2378 3366 2527 3432 cujus
2561 3382 2747 3417 amore
2786 3362 2868 3413 ille

1861 3444 1928 3494 ita
1966 3442 2289 3511 mancipatus
2312 3444 2612 3505 tenebatur,
2642 3456 2703 3495 ut
2726 3444 2872 3494 rebus

1860 3522 1965 3573 suis
1994 3542 2097 3573 non
2147 3523 2373 3592 amplius
2411 3541 2592 3575 vacare
2625 3535 2674 3574 et
2719 3523 2872 3574 libere

1860 3620 2073 3671 operam
2123 3598 2248 3653 dare
2294 3616 2480 3671 posset.
2526 3601 2665 3652 Hinc
2731 3601 2873 3653 facile

1859 3694 2111 3750 apparet,
2156 3680 2283 3751 quid
2332 3683 2396 3733 sit
2447 3701 2581 3732 amor
2615 3684 2871 3750 impotem,

1861 3761 1914 3812 h.
1947 3779 1990 3811 e.
2025 3760 2102 3810 sui
2132 3780 2238 3811 non
2266 3779 2515 3830 compos»,
2539 3760 2636 3811 sibi
2679 3773 2873 3830 tempe·

1858 3859 1975 3891 rare
2011 3841 2282 3891 nesciens:
2317 3860 2464 3897 nam.
2505 3852 2565 3892 ut
2603 3857 2731 3891 vere
2761 3840 2875 3890 Pro·

1861 3918 2059 3989 pertius
2083 3920 2221 3970 canit
2238 3921 2320 3971 El.
2351 3921 2438 3980 11,
2472 3920 2557 3981 15,
2585 3919 2645 3971 3:
2674 3920 2875 3970 «Verus

1859 4018 2006 4050 amor
2019 3999 2221 4051 nullum
2234 4000 2382 4052 novit
2391 4000 2587 4051 habere
2600 3998 2835 4051 modum.
2849 4023 2869 4041 ι

1948 4096 1965 4130 1
1982 4080 2011 4129 3
2035 4100 2053 4108 ·
2076 4084 2159 4139 115.
2189 4081 2301 4146 Quo
2325 4092 2527 4151 tempore
2549 4098 2651 4149 pro
2677 4076 2876 4148 vulgari
