2986 4935
526 442 796 511 AETAS
852 443 988 509 IV.
1048 441 1881 511 SCALIGERIANA.
2128 449 2273 543 447

117 576 449 669 rediitque
495 575 577 643 ad
623 574 932 645 Aldinam
970 578 1040 658 Ι,
1086 600 1166 642 ex
1198 599 1329 669 qua
1377 575 1639 643 reduxit
1683 600 2000 670 magnum
2045 602 2276 648 nume-

122 711 277 754 rum
318 682 703 751 vitiosarum
751 696 818 750 et
854 683 1386 775 importunarum
1422 680 1815 769 lectionum,
1845 707 2006 777 quas
2037 689 2275 778 partim

118 818 248 861 suo
281 814 467 858 more
500 790 817 873 correxit,
851 789 1090 881 partim
1125 789 1193 854 in
1230 802 1546 856 contextu
1585 787 1883 882 reliquit,
1912 816 2117 885 quum
2153 793 2277 861 du-

121 899 289 967 dum
312 896 586 966 sublatae
615 910 832 964 essent
860 897 925 962 in
946 893 1180 962 Ald.11
1213 909 1279 961 et
1294 896 1649 962 Muretina.
1686 898 2017 989 Sequutus
2050 913 2273 967 tamen

122 1030 282 1074 eum
336 1019 436 1072 est
480 1028 634 1072 cum
694 1001 834 1069 aliis
891 1000 1407 1068 Brouckhusius.
1472 1000 1725 1069 Habuit
1775 1004 1968 1070 etiam
2036 1021 2276 1099 praetcr

127 1111 437 1181 Aldinam
481 1114 548 1194 Ι,
597 1107 698 1176 vel
738 1108 1194 1200 Gryphianam
1228 1106 1379 1175 inde
1428 1131 1837 1200 expressam,
1874 1109 2020 1177 edd.
2053 1113 2278 1197 Statii,

125 1233 196 1287 et
241 1216 527 1286 Plantin.
2115 1278 2121 1287 .

251 1322 467 1419 1579.
513 1321 754 1415 Catulli
795 1318 1103 1389 Phaselos
1133 1344 1191 1387 c.
1223 1319 1549 1388 adnotatt.
1593 1319 1940 1390 doctorum
1980 1325 2277 1393 virorum

128 1446 196 1500 et
241 1429 532 1524 parodiis
573 1454 690 1524 per
733 1430 985 1497 Sixtum
1039 1429 1487 1495 Octavianum
1513 1480 1531 1511 ,
1575 1426 1897 1513 Eboraci,
1946 1430 2014 1515 8,

251 1562 271 1605 ι
299 1536 474 1607 582.
507 1537 656 1604 Cat.
681 1535 827 1602 Tib.
866 1537 1058 1627 Prop.
1095 1558 1268 1602 nova
1306 1532 1528 1600 editio.
1559 1536 1692 1601 Jos.
1728 1536 2044 1629 Scaliger
2068 1562 2282 1607 recen-

132 1645 285 1713 suit.
328 1643 602 1711 Accedit
644 1641 936 1735 ejusdem
972 1642 1037 1706 in
1072 1639 1339 1709 eosdem
1379 1641 1884 1733 castigationum
1930 1641 2036 1710 lib.
2075 1650 2277 1715 Antv.

132 1776 236 1845 ap.
285 1748 617 1843 AEgidium
656 1748 1011 1827 Radaeum‚
1061 1747 1125 1815 8.
1156 1788 1260 1796 --
1292 1749 1480 1813 Mera
1527 1761 1625 1814 cst
1662 1745 1908 1817 librarii
1948 1753 2279 1844 repetiti0‚

134 1858 257 1925 nisi
298 1855 479 1950 quod
516 1856 599 1924 ad
639 1854 883 1924 calcem
917 1852 1211 1945 adjectus
1244 1867 1344 1920 est
1380 1854 1627 1920 Mureti
1658 1860 2171 1926 commentarius
2212 1860 2277 1926 in

136 1960 379 2032 Catull.
428 1987 483 2029 c.
526 1961 816 2054 ejusdem
863 1958 1124 2028 scholiis
1171 1962 1235 2026 in
1271 1958 1412 2026 Tib.
1456 1973 1522 2025 et
1565 1960 1761 2053 Prop.

258 2094 273 2137 1
304 2067 474 2164 587.
507 2066 746 2137 Catull.
778 2065 1293 2161 Epithalamium
1329 2089 1540 2159 graeca
1573 2066 1972 2160 metaphrasi
2020 2072 2276 2162 poetica

135 2175 458 2245 donatum
513 2200 550 2243 a
600 2179 680 2266 Q.
730 2178 1054 2270 Septimio
1096 2174 1418 2242 Florente
1467 2171 1853 2243 Christiano
1883 2228 1901 2257 ,
1957 2177 2153 2243 Paris.
2208 2181 2274 2262 l..

137 2307 242 2377 ap.
289 2279 549 2349 Morell.

258 2388 475 2484 1587.
526 2390 673 2457 Cat.
702 2387 848 2454 Tib.
909 2389 1102 2481 Prop.
1152 2387 1319 2454 serio
1370 2388 1685 2480 castigati.
1737 2389 1932 2454 AntV.
1982 2414 2059 2456 ex
2100 2389 2274 2458 offic.

141 2496 364 2591 Chph.
412 2494 731 2577 Plautini,
792 2519 899 2563 12.

255 2627 277 2671 1
302 2601 473 2672 588.
517 2605 661 2670 Cat.
695 2602 840 2668 Tib.
888 2603 1080 2694 Prop.
1125 2598 1334 2692 Lugd.
1367 2603 1507 2669 Bat.
1552 2623 1574 2667 1
1598 2626 1673 2683 2,
1704 2600 1803 2668 ed.
1837 2604 2006 2670 Jano
2034 2605 2279 2672 Dousa

142 2709 225 2776 fil.
265 2734 425 2778 cum
462 2707 803 2802 pervigilio
834 2708 1113 2775 Veneris
1150 2722 1212 2775 et
1246 2709 1378 2773 suis
1415 2708 1480 2773 in
1526 2709 1668 2774 Cat.
1703 2706 1847 2773 Tib.
1891 2710 2083 2803 Prop.
2130 2736 2279 2778 con-

134 2814 468 2907 jectaneiS.

260 2919 477 3016 1592.
524 2922 756 3015 Repet.
804 2918 993 2987 Basil.
1044 2916 1272 3002 1530,
1308 2919 1373 2986 8.
1410 2919 1630 3004 Quam
1650 2920 1732 2986 «is
1776 2945 1855 2986 ex
1897 2919 2280 3015 Scaligeria·

143 3029 239 3097 nis
281 3029 442 3097 hinc
473 3026 651 3096 illinc
687 3041 1019 3112 correcta,
1050 3040 1267 3092 tamen
1298 3023 1399 3092 vcl
1434 3027 1527 3091 sic
1561 3024 1740 3092 nullo
1772 3024 1919 3094 loco
1956 3027 2274 3098 habenda.

259 3134 482 3228 1592.
526 3137 671 3204 Cat.
701 3134 842 3202 Tib.
877 3136 1070 3226 Prop.
1109 3129 1328 3199 denuo
1364 3134 1680 3224 recogniti
1715 3156 1790 3199 ac
1825 3134 2021 3200 variis
2054 3132 2278 3202 lectio-

147 3241 334 3309 nibus
367 3256 431 3310 et
461 3243 633 3308 notis
663 3240 961 3309 illustrati
990 3264 1029 3307 a
1054 3243 1224 3307 Jano
1256 3241 1500 3306 Dousa
1537 3236 1687 3306 filio.
1708 3242 2074 3307 Accessere
2120 3244 2278 3309 Per-

149 3347 442 3440 vigilium
475 3351 753 3416 Veneris
795 3361 861 3413 et
902 3347 1193 3414 carmina
1233 3370 1479 3438 graeca,
1526 3370 1670 3438 quoe
1704 3361 1818 3413 aut
1853 3372 1888 3411 0
1928 3345 2128 3415 latino
2163 3355 2282 3418 (Ja-

153 3453 286 3521 tulli
313 3479 622 3547 expressa
650 3469 836 3535 sunt,
869 3467 983 3520 aut
1007 3478 1043 3520 a
1073 3451 1336 3521 Catullo
1364 3454 1505 3546 ipso
1527 3450 1720 3520 latine
1750 3453 2082 3520 translata.
2114 3458 2280 3527 Item

151 3561 277 3627 Jos.
311 3562 653 3655 Scaligeri
680 3575 745 3628 et
782 3563 986 3627 Henr.
1021 3560 1358 3654 Stephani
1382 3585 1416 3626 e
1446 3558 1591 3625 Tib.
1629 3573 1694 3626 et
1723 3561 1918 3653 Prop.
1957 3563 2285 3632 versiones

155 3688 398 3756 graecae.
441 3668 589 3734 Jani
624 3670 885 3735 Dousae
914 3666 1028 3734 filii
1066 3668 1129 3733 in
1159 3670 1307 3733 Cat.
1331 3666 1470 3732 Tib.
1518 3669 1711 3760 Prop.
1757 3667 2179 3758 conjectanea
2221 3686 2284 3739 et

156 3786 343 3854 notae,
389 3772 601 3866 Lugd.
642 3777 780 3842 Bat.
828 3800 905 3841 cx
952 3772 1129 3841 offic.
1176 3770 1382 3840 Plant.
1432 3774 1536 3837 Fr.
1584 3771 2113 3866 Raphelengiu8‚
2175 3801 2286 3848 12.

156 3914 253 3928 —-
305 3883 496 3948 Hanc
562 3882 860 3948 omnium
920 3878 1521 3946 emendatissimam
1581 3878 1930 3946 editionem
2003 3880 2291 3973 adpellat

158 3983 302 4158 Ni}
348 3988 654 4055 Heinsius
710 3987 795 4054 ad
842 3989 1028 4077 Virg.
1083 3987 1226 4054 AEn.
1262 3987 1415 4052 Vn.
1477 4008 1637 4052 110.
1685 3985 1951 4050 Fundus
1997 4001 2092 4054 est
2139 3990 2288 4056 edit.

171 4110 190 4154 ι
310 4115 378 4185 9.
