2986 4935
776 453 1213 542 CARM'EN
1273 477 1551 541 Lxxl.

2101 472 2243 568 347

238 609 414 674 Dicit
445 632 460 672 z
490 606 601 674 sed
637 605 871 674 mulier
904 606 1144 698 cupido
1178 605 1352 698 quod
1391 604 1549 673 dicit
1580 608 1855 688 amanti,

341 716 420 780 In
460 727 693 795 veum,
738 726 804 779 et
845 710 1066 804 rapida
1106 711 1390 778 seribere
1429 725 1692 803 oportet
1727 735 1913 803 aqua.

217 912 269 962 3.
300 912 465 971 Dicit,
492 910 579 960 sed
598 910 766 960 mulier
788 921 886 960 etc.
911 909 1150 960 Muretus

137 989 444 1060 expressisse
501 989 766 1041 Catullum
824 1000 974 1058 putat
1026 988 1151 1057 Epi-

142 1086 374 1137 gramma
414 1067 721 1119 Callimachi
757 1068 973 1129 XXVI,
1010 1087 1069 1129 α,
1101 1067 1151 1118 3.

139 1146 244 1201 sed
277 1148 365 1199 bic
395 1147 547 1199 locus
577 1147 686 1198 fere
720 1159 800 1199 est
837 1147 1151 1199 communis.

219 1235 270 1289 ά.
297 1227 402 1278 Pro
428 1227 486 1277 In
507 1239 652 1277 vento
671 1225 953 1294 legendum
980 1240 1155 1278 censet

139 1307 440 1358 Burmannus
466 1307 577 1359 Sec.
604 1304 671 1356 ad
697 1306 914 1358 Anthol.
933 1307 1153 1371 Tom.1‚

140 1405 192 1454 p.
210 1386 279 1448 54
294 1404 315 1436 1
329 1386 405 1449 ,In
417 1388 557 1449 vino,
575 1404 730 1455 quam
741 1384 954 1455 quidem
973 1387 1154 1437 lectio·

142 1483 293 1528 nem,
309 1466 415 1534 jam
444 1484 471 1515 a
493 1465 706 1518 Gisanio
730 1466 785 1516 in
799 1463 922 1516 [nd.
941 1467 1149 1516 Lucret.

143 1563 196 1612 p.
217 1546 326 1607 450
347 1546 699 1615 propositam,
717 1545 1029 1596 confirmare
1043 1556 1153 1595 stu·

145 1622 229 1674 det
251 1625 365 1675 loco
381 1643 443 1676 ex
462 1624 729 1676 Xenarchi
744 1626 997 1694 πεντάθλῳ
1014 1621 1153 1693 apud

144 1701 446 1755 Athenoeum
472 1704 509 1756 l.
537 1705 587 1755 X
607 1743 622 1770 ,
640 1723 692 1774 p.
718 1710 821 1768 44¹
850 1695 907 1755 ⁴:-
928 1693 1078 1772 ὁρκον
1103 1698 1154 1752 δ’

712 1904 1241 1990 CARMEN

1241 910 1334 976 ἐγὼ
1368 911 1589 977 γυναικὸς
1627 909 1692 968 εἰς
1732 902 1849 960 οἶνον
1891 913 2074 978 γράφω.
2097 937 2117 955 ·
2152 909 2255 961 sed

1242 988 1299 1038 lu
1318 987 1608 1038 ‘ventomihi
1631 1006 1741 1038 rem
1767 987 2144 1057 significantius
2162 1009 2246 1040 ex·

1241 1069 1467 1134 primere
1509 1066 1740 1118 videtur.
1784 1098 1861 1107 —
1901 1068 1960 1118 Iu
1996 1081 2171 1129 vento,
2206 1082 2252 1118 ee

1243 1147 1413 1215 rapida
1437 1160 1536 1198 etc.
1568 1147 1675 1198 Ubi
1703 1144 1912 1211 eodem,
1933 1165 2043 1217 quo
2067 1148 2252 1199 scribi-

1245 1239 1361 1290 tur,
1402 1239 1673 1296 tempore‚
1707 1224 1913 1277 deletur
1942 1239 1995 1278 et
2024 1227 2250 1278 consun-

1242 1304 1388 1358 ditur
1437 1305 1684 1375 impressa
1733 1306 1902 1357 litera.
1955 1307 2098 1358 Dixit
2141 1307 2253 1359 baec

1240 1393 1594 1455 παροιμιακῶς.
1635 1385 1720 1438 Cf.
1756 1386 2003 1436 Erasmus
2032 1385 2088 1436 in
2126 1385 2255 1438 Cbi-

1243 1463 1365 1516 lind.
1413 1483 1468 1534 p.
1521 1472 1645 1533 149.
1693 1464 1809 1516 Huc
1856 1464 2082 1533 pertinet
2126 1465 2253 1534 Epi-

1241 1562 1470 1611 gramma
1515 1544 1764 1611 Meleagri
1814 1544 1958 1605 CIV,
2007 1545 2038 1595 5
2093 1534 2253 1608 (edit.

1244 1614 1473 1686 Mans.):
1511 1649 1530 1668 α
1559 1629 1656 1674 Νῦν
1686 1619 1738 1672 ὃ*
1769 1625 1791 1674 ὁ
1824 1624 1909 1690 μὲν
1943 1624 2078 1692 ὅρκιά
2115 1642 2252 1691 φησιν

1243 1704 1289 1752 ἐν
1311 1698 1461 1753 ὕδατι
1484 1706 1619 1754 κεῖνα
1642 1705 1880 1771 φέρεσθαι.
1904 1728 1922 1747 ι·

1337 1904 1685 1991 LXXI.

883 2132 987 2174 AD
1050 2130 1518 2174 leRONEM.

248 2326 319 2390 S1
360 2322 798 2414 quoi,Virro,
842 2318 1018 2386 bono
1061 2342 1243 2384 sacer
1279 2316 1528 2383 alarum
1575 2317 1827 2385 obstitit
1863 2319 2113 2398 hircus,

208 2532 345 2581 Ano.
358 2530 736 2597 Argumentum
752 2527 907 2595 hujus
917 2525 1161 2576 carminis

149 2622 223 2661 est
240 2608 426 2679 paullo
445 2606 738 2668 obscurius,
762 2623 859 2655 nec
882 2604 1023 2661 satis,
1046 2605 1161 2673 opi·

150 2708 261 2751 nor,
272 2686 338 2739 ad
360 2684 622 2756 liquidum
641 2683 856 2755 perduci
873 2696 1065 2754 potest.
1086 2684 1159 2733 Ex

150 2785 259 2819 mea
270 2765 489 2837 quidem
504 2764 760 2816 sententia
774 2804 787 2827 ,
804 2764 1166 2834 ipsumVirro-

152 2865 265 2897 nem
282 2846 620 2898 uthominem
635 2841 827 2895 foedum
843 2855 895 2893 et
911 2840 1165 2913 podagro·

153 2927 430 2977 sumPoeta
444 2937 624 2976 notare
636 2922 803 2975 voluit
814 2941 904 2985 ⁴,cu
907 2924 991 2991 jus
1006 2924 1163 2973 aem‘u-

152 3006 256 3055 lum
296 3004 419 3056 ideo
454 3004 669 3055 fortasse
698 3003 898 3055 alarum
933 3001 1071 3051 vitiis
1111 3013 1160 3051 et

154 3082 382 3155 podagra
418 3083 610 3135 merito
651 3083 757 3151 jam
797 3082 1034 3132 laborare
1063 3080 1159 3135 ait.

153 3163 294 3234 quod
325 3162 632 3223 hominem,
669 3179 822 3233 quem
858 3162 1033 3230 fugere
1069 3158 1162 3210 de-

153 3244 336 3305 bebat,
381 3241 656 3294 emulatus
689 3241 773 3291 sit.
807 3239 886 3290 Ad
923 3236 1164 3290 eumdem

155 3322 443 3374 Virronem
470 3320 696 3391 pertinet
722 3320 933 3370 sortasse
955 3317 1165 3369 infamia

155 3401 287 3454 infra
321 3411 615 3453 memorata
646 3397 817 3450 Cam».
843 3398 1075 3459 LXXX,
1109 3417 1163 3465 7.

156 3513 230 3521 —
257 3479 361 3533 Sed
388 3479 624 3549 anpius
650 3478 863 3530 Poetam
894 3495 1013 3528 cum
1046 3478 1166 3527 Vir-

155 3578 281 3614 rone
315 3562 375 3612 in
405 3558 524 3610 sinu
559 3555 783 3627 gaudere
811 3569 988 3626 putat,
1021 3555 1165 3627 quod

156 3641 263 3708 ejus
295 3640 479 3692 rivalis
509 3638 579 3689 ob
615 3636 724 3688 duo
759 3637 858 3688 sibi
901 3649 1166 3687 contracta

158 3720 286 3770 mala
328 3715 714 3771 abominandus
749 3734 891 3767 nunc
933 3713 1167 3767 redditus

159 3798 238 3849 sit.

243 3884 411 3940 1—4.
442 3874 496 3926 Si
534 3880 645 3945 quoi
664 3878 775 3943 jure
807 3876 928 3924 bono
967 3873 1169 3944 primus

159 3956 322 4008 edidit
353 3954 556 4017 Aldus3
590 3972 747 4023 quem
772 3952 1047 4013 nonnulli,
1078 3953 1169 4022 qui

160 4034 395 4087 eamdem
432 4031 709 4084 lectionem
729 4051 782 4084 se
816 4033 1069 4102 reperisse
1099 4046 1170 4084 te·

163 4127 389 4179 stantur,
420 4113 590 4165 secuti
617 4125 752 4164 sunt.
782 4113 1009 4180 Scaliger
1036 4125 1171 4162 vete-

1248 2542 1361 2575 rem
1406 2524 1719 2593 scripturam
1770 2543 1877 2577 esse
1918 2526 1988 2577 ait
2032 2526 2089 2578 Sa·
2126 2546 2253 2596 qua,

1248 2606 1385 2659 viro,
1420 2603 1542 2653 bono
1576 2624 1814 2655 sacrorum
1847 2606 2030 2657 obstitit
2061 2607 2212 2656 hircus
2240 2646 2252 2665 ,

1252 2695 1301 2734 et
1334 2683 1405 2733 sic
1438 2702 1654 2753 quoque
1684 2684 1770 2736 hic
1809 2703 1986 2736 versus
2027 2698 2260 2736 exaratus

1251 2774 1327 2812 est
1355 2762 1407 2811 in
1442 2762 1591 2814 libris
1615 2763 1820 2823 vossii,
1850 2764 1901 2814 in
1926 2764 2075 2814 librr.
2102 2764 2255 2815 MSS.

1251 2858 1380 2909 quos
1407 2840 1588 2893 laudat
1613 2840 1787 2893 editor
1810 2843 2059 2894 Cant-abr.
2091 2857 2142 2895 et
2173 2842 2256 2895 ed.

1250 2921 1412 2989 Rheg.
1448 2920 1667 2990 Egregie
1711 2922 1871 2990 igitur
1909 2922 2018 2973 haec
2058 2936 2257 2975 vetusta

1251 3000 1405 3050 lectio
1420 3000 1558 3051 favet
1572 2999 1780 3051 lectioni
1794 3039 1807 3063 ,
1820 3019 1976 3069 quam
1996 3000 2259 3064 dedimus,

1251 3079 1472 3148 vulgatae
1486 3117 1500 3139 ,
1516 3096 1544 3129 a
1564 3077 1844 3130 Parthenio
1861 3084 1966 3148 jam
1988 3082 2257 3142 exhibitae,

1252 3158 1309 3210 Si
1337 3162 1478 3227 quoi,
1512 3158 1658 3207 Virro
1679 3197 1694 3219 ‚
1732 3159 1853 3208 bono
1889 3180 2023 3210 sacer
2045 3161 2259 3222 alarum,-

1254 3237 1515 3289 confluxit
1541 3237 1680 3288 enim
1715 3258 1850 3288 sacer
1882 3241 2065 3290 alarum
2094 3242 2147 3292 in
2181 3263 2260 3290 sa-

1252 3337 1467 3380 crorum,
1513 3328 1566 3367 et
1606 3335 1708 3386 pro
1752 3319 1935 3381 Virro,
1981 3323 2102 3391 quia
2131 3341 2262 3372 non-

1253 3395 1380 3448 dum
1441 3397 1708 3465 geminare
1765 3399 1998 3452 solebant
2046 3400 2221 3453 literas
2245 3442 2262 3463 ,

1253 3476 1576 3528 scribebatur
1621 3480 1746 3529 viro.
1779 3480 2094 3532 ——Vossius
2147 3484 2262 3552 qui-

1255 3555 1376 3607 dem
1416 3556 1686 3607 invenerat
1728 3575 1938 3626 quoque
1970 3560 2112 3611 hunc
2147 3580 2263 3612 ver-

1256 3654 1371 3689 sum
1397 3635 1451 3686 in
1477 3633 1612 3688 Cod.
1642 3635 2021 3689 Mediolanensi
2052 3640 2118 3690 ita
2143 3642 2268 3691 scri·

1257 3729 1403 3785 ptum
1423 3753 1438 3777 ,
1489 3716 1547 3765 Si
1581 3735 1673 3784 qua
1708 3721 1815 3767 viro
1832 3754 1844 3766 .
1865 3755 1876 3766 .
1896 3754 1909 3767 .
1926 3738 1974 3767 se
1994 3756 2003 3766 .
2026 3759 2036 3770 .
2057 3757 2067 3768 .
2085 3718 2266 3769 obstitit

1258 3796 1411 3845 leit-cus
1424 3812 1445 3845 .-
1462 3792 1602 3844 unde
1618 3795 1848 3862 primum
1871 3796 2148 3866 legendum
2167 3798 2270 3849 sor·

1258 3886 1388 3924 tasse
1416 3873 1776 3942 suspicabatur
1792 3913 1805 3936 ,
1830 3874 1886 3924 Si
1912 3882 2023 3946 quoi
2043 3880 2226 3927 virosus
2251 3898 2269 3929 :

1260 3950 1350 4004 sed
1379 3950 1574 4002 deinde
1605 3972 1662 4004 re
1689 3950 1992 4021 diligentius
2020 3958 2266 4025 pensitam

1262 4032 1506 4083 lubenter
1527 4032 1577 4081 in
1616 4046 1788 4083 nostra
1815 4032 2034 4084 lectione
2069 4037 2272 4106 acquie-

1261 4111 1372 4162 scit.
1404 4141 1477 4152 -—-
1506 4110 1562 4162 Si
1594 4116 1698 4173 cui,
1744 4114 1869 4162 vim-0
1888 4153 1900 4173 ,
1939 4113 2113 4164 homini
2143 4137 2276 4167 sacer
