2986 4935
861 393 1313 463 CARMEN
1367 393 1679 462 xxm.
2236 394 2336 491 93

315 528 634 595 Nimirum
676 526 850 596 idem
888 551 1120 597 omnes
1162 525 1493 611 fallimur3
1529 550 1743 619 neque
1789 541 1889 595 est
1927 528 2310 622 quisquam,
2354 575 2355 578 =

315 637 521 722 Quem
569 658 703 701 non
750 635 817 701 in
864 632 1079 728 aliqua
1125 659 1196 702 re
1238 635 1464 702 videre
1509 632 1857 702 Suffenum

316 743 535 809 Possis·
572 743 747 808 Suus
785 742 1071 834 quoique
1106 740 1464 811 attributus
1507 754 1606 807 est
1648 764 1866 825 error3
2290 785 2338 810 2..

311 847 431 915 Sed
474 872 609 915 non
654 848 954 916 videmus
998 849 1300 917 manticae
1344 846 1526 942 quod
1571 848 1637 914 in
1674 861 1865 940 tergo
1902 861 2023 915 est.

220 1033 319 1084 tur,
363 1035 411 1074 et
450 1023 586 1074 ultro
607 1061 622 1087 ,
663 1021 720 1074 Si
761 1035 961 1088 taceae,
998 1020 1218 1075 laudant
1394 1040 1481 1075 21.
1511 1022 1745 1074 Maneicoe
1765 1021 1887 1094 quid
1903 1021 1955 1073 in
1977 1022 2243 1074 nonnullis
2264 1025 2335 1075 le-

218 1100 448 1172 quidquid
470 1103 737 1173 scripsere,
762 1102 922 1155 beati.
936 1128 957 1147 ι
1305 1101 1659 1172 gitur.—-Sed
1671 1121 1766 1152 non
1782 1102 1889 1153 vid.
1907 1114 2053 1153 mant.
2065 1123 2144 1173 qu.
2167 1106 2214 1153 in
2235 1117 2329 1164 tm·-

293 1184 370 1234 18.
411 1183 536 1234 Idem
560 1183 823 1250 fallimur,
862 1182 918 1235 h.
951 1201 998 1233 e.
1032 1181 1216 1234 endem
1302 1202 1370 1251 go
1392 1195 1477 1234 est.
1524 1182 1819 1253 Respicitur
1848 1182 2114 1234 notissima
2144 1183 2228 1234 illa
2257 1185 2332 1235 fa·

216 1261 288 1311 vel
313 1262 454 1313 simili
479 1283 551 1315 re.
1304 1262 1430 1313 bula
1456 1263 1635 1332 AEzopi
1661 1260 1728 1312 de
1756 1259 1961 1313 duabus
1982 1263 2145 1332 peris,
2171 1281 2329 1333 quarn

289 1359 362 1392 20.
399 1341 520 1393 Suus
550 1345 753 1414 quoique
780 1341 1039 1393 attributus
1067 1362 1214 1394 error.
1305 1342 1545 1394 tractavit
1597 1341 1750 1393 etiam
1784 1340 1990 1394 Phaedr.
2021 1343 2120 1406 IV,
2161 1362 2223 1411 9,
2267 1345 2333 1397 cs.

218 1417 439 1473 Similiter
455 1423 695 1493 Propert.
724 1423 795 1487 11,
817 1442 909 1485 22,
936 1439 1022 1491 17.
1054 1422 1215 1473 «Uui·
1301 1422 1444 1473 Pers.
1463 1422 1564 1484 IV,
1592 1420 1660 1472 23
1678 1460 1693 1485 ‚
1715 1421 1845 1473 Hor.
1872 1421 1976 1474 Sat.
1998 1422 2073 1483 ΙΙ,
2100 1423 2130 1474 3
2150 1462 2165 1489 ,
2195 1444 2322 1492 299,

216 1500 379 1569 cuique
396 1501 539 1555 dedit
562 1503 750 1554 vitium
773 1515 960 1555 natura
980 1516 1204 1555 cremon
1302 1515 1354 1553 et
1381 1520 1541 1573 quem
1569 1499 1747 1553 laudat
1767 1502 2015 1572 Vulpius,
2040 1502 2233 1555 Seneca
2260 1503 2328 1554 de

217 1579 286 1631 Cf.
303 1581 422 1635 Hor.
439 1583 541 1636 Sat.
565 1584 612 1648 1,
640 1583 694 1646 3,
721 1584 814 1636 68.
1306 1583 1391 1633 Ira
1416 1583 1490 1646 H,
1528 1582 1618 1634 28.

757 1765 1326 1854 CARMEN
1391 1767 1763 1856 XXIII.

978 1966 1088 2011 Al)
1160 1965 1525 2011 FURIUM.

497 2127 715 2209 qu,
753 2123 909 2214 quoi
948 2145 1160 2214 neque
1206 2145 1435 2187 servus
1481 2135 1615 2204 est,
1657 2146 1868 2213 neque
1907 2147 2093 2206 arca,

499 2233 643 2298 Nec
687 2230 938 2315 cimex,
978 2252 1189 2320 neque
1230 2250 1549 2308 araneu5‚
1586 2252 1799 2320 neque
1844 2231 2047 2321 ignis;

497 2339 755 2404 Verum
798 2350 899 2403 est
933 2349 997 2402 et
1044 2348 1261 2428 pater,
1300 2347 1367 2399 et
1403 2357 1687 2400 noverca
1711 2388 1730 2419 ‚
1766 2360 2050 2427 quorum

494 2447 755 2513 Dentes
799 2441 900 2510 vel
946 2440 1190 2511 silicem
1234 2463 1527 2508 comesse
1565 2457 1877 2536 possunt;

491 2553 622 2620 Est
659 2548 936 2644 pulchre
966 2549 1085 2617 tibi
1119 2573 1270 2616 cum
1311 2562 1427 2615 tuo
1464 2564 1772 2641 parente,

493 2661 592 2726 Et
627 2682 779 2725 cum
819 2656 1102 2749 conjuge
1142 2654 1355 2748 lignea
1393 2656 1702 2748 parentis,

489 2766 645 2835 Nec
687 2765 928 2832 mirum
972 2789 986 2830 z
1024 2762 1192 2830 hene
1236 2786 1388 2828 nam
1427 2759 1655 2829 valetis
1693 2787 1960 2851 omues,

247 2938 373 2991 Asa.
387 2938 429 2991 F
433 2940 604 3002 ιιι-ἰιιε,
613 2957 778 3009 quum
789 2936 1005 2991 summis
1022 2956 1201 2989 rerum
1289 2937 1473 2988 cimice
1490 2937 1655 2988 lectus
1668 2957 1712 2998 »ς
1738 2935 1888 2991 dixit.
1900 2942 2145 3013 —-Neque
2164 2949 2309 3013 iguis,

197 3020 687 3088 angustiislaborans
707 3032 758 3069 et
775 3017 1051 3069 durissima
1067 3036 1205 3088 quae·
1290 3014 1357 3067 de
1373 3017 1508 3068 foco.
1526 3015 1676 3068 Idem
1696 3017 1824 3069 ibid.
1844 3047 1864 3064 ιι
1876 3039 1970 3071 nec
1992 3034 2108 3091 toga
2130 3043 2225 3075 nec
2243 3029 2315 3078 fo·

196 3113 287 3165 que
309 3098 635 3171 paupertatis
657 3096 993 3149 incommoda
1021 3117 1203 3168 perpe·
1292 3114 1385 3147 cus
1396 3096 1889 3149 esen-Notandum
1904 3114 1974 3151 est
1990 3102 2318 3175 hocloquen·

194 3176 333 3235 tiens.
369 3194 592 3232 centum
628 3178 853 3229 sestertia
878 3175 946 3229 ad
975 3177 1204 3228 melioris
1291 3175 1346 3227 di
1372 3195 1537 3245 genus
1554 3217 1568 3240 ,
1594 3195 1690 3228 nec
1717 3178 1881 3229 cimex
1906 3217 1919 3241 ,
1943 3200 2038 3233 nec
2064 3201 2283 3236 araneus
2300 3224 2318 3251 ,

193 3255 296 3308 vitae
317 3258 551 3311 fructum
584 3257 680 3307 sibi
708 3269 958 3326 optasset,
987 3275 1202 3307 enume-
1291 3276 1389 3326 pro
1432 3277 1515 3306 nec
1556 3258 1780 3321 lectulus,
1819 3259 1907 3309 ubi
1946 3260 2154 3314 cimices
2178 3303 2194 3329 ‚
2231 3286 2316 3317 nec

188 3336 298 3388 ratis
333 3338 489 3390 variis
532 3337 868 3409 paupertatis⁴
897 3335 1205 3401 commodis,
1291 3336 1474 3398 domus,
1501 3338 1590 3387 ubi
1624 3356 1824 3389 araneae
1846 3338 2094 3394 habitant.

192 3415 334 3479 salse,
372 3432 431 3469 ut
462 3416 682 3470 luderet
706 3416 976 3468 hominem
1011 3417 1208 3467 fameli-
1379 3415 1428 3467 5.
1473 3417 1571 3467 Est
1596 3418 1794 3485 pulchre
1830 3418 1915 3469 tibi
1951 3441 2053 3471 cum
2090 3437 2172 3475 tuo
2199 3445 2313 3494 par,

190 3511 297 3548 cum
318 3496 510 3564 Poeta,
539 3498 613 3550 ab
641 3496 743 3547 hoc
775 3496 1053 3549 temerario
1080 3509 1204 3547 voto
1293 3496 1519 3548 Felicem
1548 3508 1598 3547 et
1623 3498 1824 3548 beatam
1847 3499 2005 3551 vitam
2033 3503 2087 3553 in
2112 3504 2209 3557 hac
2232 3527 2315 3559 re-

188 3591 470 3630 revooetur.
534 3573 942 3645 Compar-andus
988 3576 1207 3626 omnino
1293 3595 1414 3627 rum
1450 3588 1659 3626 tuarum
1699 3576 2001 3631 conditione
2034 3582 2165 3635 vivis
2191 3604 2313 3638 cum

190 3671 301 3707 eum
323 3670 509 3709 nostro
538 3669 617 3708 est
638 3655 865 3707 Martial.
893 3654 990 3718 XI,
1018 3654 1107 3706 32.
1298 3674 1409 3725 par.
1437 3668 1533 3707 etc.

265 3754 309 3788 1.
354 3739 531 3800 Anca,
576 3736 667 3786 ubi
704 3734 928 3806 pecunia
959 3747 1207 3787 servatur.
1382 3739 1435 3787 6.
1458 3736 1649 3804 Conjux
1669 3736 1853 3805 lignea,
1878 3738 1933 3790 h.
1962 3758 2008 3791 e.
2028 3741 2202 3808 arida,
2230 3766 2317 3798 ex.

189 3813 268 3867 cf.
293 3816 624 3868 Ramiresius
656 3815 723 3867 de
746 3813 920 3867 Prado
958 3812 1026 3866 ad
1067 3815 1211 3867 Mar·
1300 3833 1469 3867 succa.
1502 3815 1582 3867 Cf.
1621 3817 1749 3869 Luc.
1785 3819 1883 3881 IV,
1917 3820 2086 3885 11553
2124 3824 2310 3879 eodem

191 3894 289 3948 tial.
316 3898 365 3958 1,
402 3916 505 3967 77,
540 3896 593 3949 5.
1300 3914 1451 3947 sensu
1500 3914 1673 3947 senem
1725 3898 1872 3949 illum
1925 3899 2069 3968 apud
2102 3903 2317 3959 Terent.

268 3996 317 4029 2.
357 3977 469 4030 Nec
509 3980 662 4027 cimex
700 3972 769 4027 de
804 3974 1027 4038 lectu10‚
1069 3972 1215 4044 quod
1303 3972 1408 4026 dici
1437 3975 1623 4026 aridum
1651 3990 1806 4045 puto,
1826 3978 2119 4046 Heaut.111,
2141 4004 2192 4047 α,
2230 3989 2315 4040 15.

189 4055 632 4122 pleniusManial.
648 4055 683 4108 l.
699 4073 746 4107 c.
759 4074 810 4107 v.
841 4073 861 4107 ι
874 4093 890 4119 ,
911 4072 1041 4107 «nec
1061 4054 1216 4105 tritus
1372 4073 1420 4122 7.
1439 4055 1689 4107 Benenam
1704 4059 1878 4109 valetis
1889 4078 2044 4112 omnes
2060 4062 2237 4126 Quem
2254 4067 2321 4120 ad
