2986 4935
677 441 824 510 218

1198 441 1275 508 C.
1315 441 1431 508 VA
1454 443 1750 509 LERII
1808 445 2273 512 CATULLI

780 572 1005 641 Nimio
1044 597 1081 638 e
1121 570 1347 640 labore
1392 597 1700 641 somnum
1742 577 2017 667 capiunt
2061 579 2200 643 sine
2238 578 2501 645 Cerere.

775 681 968 774 Piger
1002 679 1104 746 his
1142 676 1436 748 labantes
1479 679 1797 773 languore
1833 681 2061 750 oculos
2100 703 2302 775 sopor
2336 686 2574 778 operit.

778 785 932 853 Abit
969 787 1036 853 in
1072 786 1289 877 quiete
1328 781 1509 854 {nolli
1540 787 1809 856 rabidus
1856 788 2042 856 furor
2077 790 2297 856 animi.

778 891 909 960 Sed
957 892 1070 960 ubi
1114 893 1250 960 oris
1296 894 1475 961 aurei
1514 892 1626 961 Sol
1671 893 2079 963 radiantibus
2117 892 2322 965 oeulis

780 999 1120 1067 Lustravit
1157 997 1402 1066 aethera
1438 998 1700 1076 album,
1736 999 1873 1068 sola
1903 1000 2107 1083 dura,
2145 1025 2325 1070 mare
2363 1003 2612 1088 ferum,

776 1104 1164 1198 Pepulitque
1209 1107 1420 1174 noctis
1463 1107 1734 1174 umbras
1782 1109 2023 1199 vegetis
2067 1107 2526 1200 sonipedibus;

782 1213 883 1284 lbi
911 1214 1194 1280 Somnus
1223 1214 1510 1280 excitum
1548 1215 1717 1306 Atyn
1755 1213 2010 1307 fugiens
2041 1216 2208 1282 citus
2241 1215 2433 1292 abiit;

673 1407 982 1459 Graecorum
1005 1405 1206 1472 οἴκημα.
1224 1436 1301 1445 —
1316 1404 1512 1456 Sustuli
1540 1405 1693 1456 inter·

678 1485 1014 1555 punctionem
1051 1497 1168 1554 post
1194 1485 1385 1534 lassata-
1405 1526 1418 1546 ,
1450 1498 1503 1536 et
1531 1487 1694 1553 jungo

679 1566 869 1617 lassuloe
893 1568 1039 1615 nimio
1074 1585 1100 1614 e
1125 1563 1287 1614 labor-e
1326 1564 1383 1615 h.
1419 1583 1466 1616 e.
1492 1564 1696 1616 viribus

674 1647 933 1699 exhaustae
967 1644 1144 1694 nimiis
1175 1646 1459 1695 erroribus.
1498 1675 1576 1685 —-
1606 1644 1695 1694 Sic

683 1724 992 1794 Doeringius
1017 1724 1276 1792 poeticam
1295 1724 1403 1775 vim
1432 1723 1698 1793 infrixigit3

675 1817 875 1877 quanto
908 1803 1047 1856 enirn
1082 1815 1287 1872 praestat
1312 1803 1547 1873 priorem
1581 1824 1695 1855 ver·

678 1905 793 1937 sum
815 1884 1051 1937 desinere
1080 1897 1130 1936 et
1159 1884 1513 1954 procumbere
1535 1885 1587 1935 in
1604 1903 1697 1935 vo-

680 1984 796 2018 cem
851 1964 1044 2017 lassulae
1067 2003 1080 2023 ,
1126 1976 1178 2014 et
1214 1964 1461 2031 componi
1519 1965 1696 2015 subse·

679 2060 926 2117 quentem
968 2044 1280 2096 sententiam
1323 2044 1394 2095 ita
1429 2060 1441 2093 :
1480 2044 1699 2113 capiunt

680 2145 924 2179 somnum
939 2145 967 2177 e
982 2125 1186 2187 labore,
1199 2124 1235 2176 i.
1254 2142 1298 2174 e.
1316 2122 1488 2174 statim
1499 2122 1699 2192 postla-

683 2210 864 2260 horem
879 2246 893 2270 ,
913 2223 1029 2277 quae
1047 2205 1217 2256 forma
1239 2200 1449 2253 dicendi
1475 2202 1697 2254 usitatis-

682 2289 838 2350 sima;
857 2299 908 2338 at
926 2285 1116 2335 lassuloe
1140 2305 1166 2334 e
1187 2283 1347 2333 labore
1366 2281 1609 2333 insolens.
1627 2282 1695 2333 N.

794 2366 885 2418 36.
915 2367 1031 2417 Sine
1059 2365 1228 2416 Cerere
1246 2404 1260 2426 ,
1293 2364 1576 2414 incoenatae.

791 2448 882 2515 37.
935 2446 1086 2513 Piger·
1128 2444 1201 2495 his
1240 2442 1431 2493 labante
1472 2441 1701 2510 languore

683 2531 734 2579 in
793 2527 935 2578 libro
980 2524 1231 2575 Patavino
1283 2534 1332 2572 et
1377 2522 1558 2573 Maffei
1581 2560 1596 2585 ,
1634 2522 1695 2574 L.

680 2608 790 2659 MS.
835 2617 887 2658 et
927 2603 1053 2656 edit.
1093 2606 1153 2654 R.
1193 2614 1321 2653 teste
1349 2600 1552 2665 Stati03
1582 2620 1700 2671 quae

681 2683 894 2757 quidem
931 2685 1118 2747 lecti0‚
1149 2682 1190 2733 si
1227 2699 1571 2732 numerorum
1616 2699 1699 2732 ra·

684 2765 813 2819 tioni
854 2764 1125 2816 consulere
1172 2761 1441 2822 volumus»,
1480 2762 1700 2812 omnino

686 2843 1012 2917 praeferenda
1056 2840 1262 2894 videtur
1290 2859 1307 2904 3
1355 2858 1452 2891 nec
1509 2837 1663 2890 video
1685 2879 1698 2903 ,

683 2945 779 2979 cur
805 2927 860 2977 τὸ
893 2924 1060 2977 tabam
1083 2942 1189 2974 non
1217 2939 1364 2991 aeque
1397 2920 1701 2985 languorem

683 3007 829 3057 „cutis
845 3005 1136 3058 conveniat.
1161 3004 1392 3069 Languor
1411 3000 1578 3050 labans
1598 3012 1700 3064 est,

680 3086 766 3138 cui
792 3084 992 3138 diutius
1009 3081 1228 3136 ferendo
1247 3083 1475 3151 impares
1497 3098 1702 3141 sumus,

681 3166 765 3218 cui
797 3167 1032 3217 membra
1067 3162 1270 3214 viribus
1301 3160 1546 3211 exhausta
1586 3177 1702 3209 sut·-

682 3246 972 3307 cumbunt,
1001 3244 1226 3312 amplius
1259 3241 1306 3291 ei
1340 3240 1579 3290 resistere
1611 3258 1701 3288 ne-

683 3336 921 3395 queunt;
961 3322 1122 3372 labare
1162 3322 1303 3373 euim
1333 3332 1408 3371 est
1440 3317 1667 3370 deficere
1687 3356 1702 3376 ,

684 3403 896 3457 alterius
921 3403 973 3453 vi
1005 3400 1190 3453 cedere
1211 3437 1227 3459 ,
1251 3399 1507 3461 titubare,
1536 3398 1701 3466 lapsui

686 3482 988 3553 proximum
1023 3498 1129 3532 esse
1160 3498 1173 3531 ε
1222 3477 1332 3532 vid.
1382 3478 1597 3532 Gronov.
1636 3476 1702 3527 ad

687 3564 801 3616 LiV.
836 3560 1041 3613 Prosat.
1071 3556 1101 3621 S
1141 3578 1172 3628 9
1195 3600 1209 3621 ‚
1240 3573 1289 3610 et
1318 3557 1700 3611 Dmckenborch.

688 3641 752 3695 nd
790 3640 883 3694 Sil.
927 3640 1039 3692 Ital.
1075 3640 1162 3700 ΙΙ,
1190 3641 1321 3707 392.
1350 3672 1429 3682 —-
1456 3640 1517 3689 In
1552 3635 1701 3688 editt.

685 3722 912 3792 antiquis
941 3720 1131 3773 vitiose
1157 3720 1367 3771 labentes
1398 3739 1462 3771 ex
1498 3717 1703 3787 vulgari

687 3802 1019 3855 librariorum
1063 3818 1271 3863 errore,
1301 3797 1413 3851 vid.
1454 3796 1704 3849 Dracken·

690 3882 850 3935 hor-eh.
881 3879 949 3935 ad
978 3880 1092 3933 Liv.
1121 3891 1250 3932 tom.
1275 3877 1336 3940 I,
1362 3897 1418 3950 p.
1447 3898 1510 3930 ια
1530 3915 1547 3940 ,
1575 3888 1701 3928 tom.

689 3965 769 4025 ΙΙ,
793 3980 847 4032 p.
878 3962 1093 4023 526‚et
1118 3971 1247 4010 tom.
1271 3956 1384 4021 111,
1404 3972 1461 4025 p.
1495 3954 1708 4016 143.—

692 4044 841 4110 Piger
868 4043 940 4091 his
963 4040 1118 4091 labori
1142 4049 1308 4089 nantes
1337 4034 1711 4088 Anne—La-

691 4122 829 4171 lmnee
854 4116 1246 4191 recipiendum,
1276 4113 1422 4187 quod
1446 4114 1601 4168 metri
1630 4133 1712 4165 ra·

1784 1404 1860 1455 tio
1889 1417 1942 1457 et
1966 1405 2219 1456 orationis
2243 1405 2496 1475 elegantia
2520 1406 2675 1457 simul
2706 1423 2794 1474 po-

1786 1497 1951 1536 scunt.
1966 1483 2090 1535 Haec
2104 1497 2178 1535 est
2188 1483 2466 1554 hypallage
2475 1482 2524 1535 ei
2535 1484 2795 1554 quamfert

1785 1581 1887 1616 vox
1892 1567 2035 1632 piger
2043 1563 2262 1616 omnino
2271 1563 2469 1615 similis.
2482 1563 2794 1634 N.--Piger,

1786 1642 1932 1714 quod
1948 1645 2125 1714 pigros
2141 1642 2383 1695 homines
2400 1641 2582 1698 reddit
2598 1682 2614 1708 ,
2630 1645 2799 1712 utpot-

1786 1723 1886 1774 le'da
1919 1744 2063 1774 mors.
2082 1753 2164 1763 —
2188 1723 2424 1774 Labeates
2447 1725 2585 1792 lang.
2623 1723 2795 1781 oculos,

1785 1804 1944 1854 fessos
1970 1817 2020 1855 et
2050 1804 2215 1854 victos
2243 1821 2389 1872 paine
2417 1803 2685 1872 languore.

1870 1883 1960 1936 38.
2014 1882 2214 1933 Rabide‘s
2267 1882 2457 1934 venet.
2501 1912 2583 1925 —-
2629 1882 2805 1934 Rabedi

1787 1961 1999 2033 Gryph.
2027 1962 2155 2014 Stat.
2186 1962 2362 2014 GraeV.

1870 2042 1963 2112 39.
2006 2044 2159 2094 Horis
2189 2044 2346 2092 aureis
2370 2041 2452 2093 vel
2492 2042 2619 2093 lua-is
2652 2061 2804 2092 cums

1789 2122 1967 2173 vitiose
1996 2122 2051 2173 in
2083 2123 2145 2173 L.
2180 2119 2377 2173 MSSC.
2412 2133 2464 2172 et
2493 2120 2645 2173 editt.
2681 2123 2807 2172 anti·

1787 2201 2275 2271 quissimis.--Sed
2304 2201 2388 2251 ubi
2428 2204 2528 2253 oris
2564 2220 2670 2254 aar.
2708 2214 2803 2253 ele.

1788 2278 2215 2351 Splendidissima
2238 2280 2360 2331 solis
2375 2280 2593 2332 orientis
2612 2282 2805 2351 imago!

1787 2381 1957 2411 aureus
1970 2359 2036 2412 de
2051 2361 2172 2411 solis
2186 2361 2258 2412 ful
2296 2379 2388 2412 ore
2397 2362 2608 2429 passim.
2630 2363 2809 2431 οὗγγος

1788 2442 1985 2510 χρύσεον
2030 2445 2225 2509 φαεινῆς
2263 2378 2509 2511 ἱριπόλης
2548 2435 2698 2494 Paul.
2729 2439 2809 2493 Si·

1792 2520 1993 2573 lentiar.
2030 2521 2087 2571 in
2115 2521 2265 2572 Anal.
2300 2521 2419 2572 Vet.
2462 2520 2611 2573 Poet.
2642 2520 2806 2574 Grac.

1792 2600 2044 2653 Brunekii
2065 2637 2080 2659 ‚
2116 2601 2312 2663 XXII,
2341 2603 2405 2662 6,
2432 2610 2469 2652 t.
2495 2600 2612 2662 111.
2631 2620 2685 2672 p.
2720 2603 2809 2669 78.

1792 2714 1873 2722 -
1898 2683 1976 2732 De
2003 2679 2303 2731 radiantibus
2321 2680 2438 2730 solis
2458 2678 2613 2730 oculis
2635 2678 2812 2753 dispu-

1793 2773 1862 2811 tat
1906 2760 2097 2831 Spenc.
2140 2760 2398 2829 Polymet.
2420 2759 2589 2821 vm,
2637 2780 2693 2813 n.
2738 2779 2810 2813 ιο.

1792 2870 1870 2879 -—-
1889 2865 1908 2884 ·
1929 2840 2123 2892 Omnia
2168 2839 2261 2910 qui
2302 2837 2460 2891 video
2478 2877 2495 2902 ‚
2531 2856 2633 2909 per
2658 2856 2814 2912 quem

1794 2917 1935 2971 videt
1952 2920 2127 2971 omnia
2147 2919 2298 2972 tellus
2319 2959 2333 2983 ‚
2356 2915 2547 2971 Mundi
2562 2919 2767 2973 oculuz.
2788 2946 2807 2964 ·

1793 2998 1917 3049 Haee
1961 2999 2199 3068 loquitur
2238 2997 2433 3068 Apollo
2470 2995 2617 3068 apud
2656 2997 2813 3052 ovid.

1793 3078 1920 3130 Met.
1948 3079 2047 3141 IV,
2087 3097 2217 3147 ²²7·
2244 3078 2310 3130 N.

1877 3165 1963 3219 40.
1987 3160 2197 3209 “Emer-a
2220 3157 2412 3219 album,
2437 3172 2689 3210 serenum
2707 3198 2722 3222 ,
2742 3174 2821 3211 su·

1793 3236 1921 3289 dum
1951 3256 1962 3288 :
2007 3238 2247 3308 exempla
2295 3235 2443 3288 dabit
2481 3236 2725 3290 Bar-thius
2754 3235 2819 3290 ad

1794 3316 1979 3369 Claud.
2007 3316 2074 3369 de
2092 3318 2220 3369 Bell.
2246 3317 2369 3370 Get.
2387 3334 2441 3379 v,
2469 3316 2821 3385 379·-S⁶¹·

1794 3398 1915 3448 dura
1936 3438 1949 3458 ,
2006 3398 2248 3449 tellurem
2301 3394 2543 3449 solidam.
2571 3425 2654 3437 —
2683 3398 2824 3451 Man

1784 3479 1970 3543 serum,
2000 3489 2407 3546 tempestuosum
2424 3515 2438 3535 .
2471 3474 2557 3527 vel
2578 3476 2825 3530 immani-

1792 3559 1890 3608 bus
1919 3557 2161 3608 monstris
2190 3556 2437 3627 plenum,
2465 3568 2525 3608 ut
2554 3574 2696 3610 vera.
2734 3560 2825 3625 89,

1793 3636 2002 3688 Nemora
2013 3637 2145 3702 [ει-α.
2172 3667 2252 3678 -
2268 3636 2444 3687 Femm
2470 3634 2619 3705 quod
2655 3638 2823 3707 pinio

1795 3717 1884 3768 tiei
1909 3714 2150 3775 desertae,
2178 3715 2391 3767 inculta
2407 3753 2423 3779 ,
2446 3713 2692 3769 horride
2722 3734 2831 3787 spe·

1793 3797 1926 3848 ciem
1954 3796 2201 3865 praebeat.
2217 3794 2417 3847 Gallice
2432 3797 2828 3866 saumge.Virg.

1796 3875 1991 3946 Georg.
2016 3876 2098 3937 11,
2129 3876 2199 3929 36
2219 3914 2233 3937 ,
2258 3900 2279 3922 ι
2304 3874 2441 3927 ferun
2465 3874 2734 3930 finctus.-
2764 3876 2827 3928 N.

1883 3962 1914 4019 4
1929 3974 1971 4008 1.
1996 3956 2305 4025 Perpulitque
2327 3954 2543 4024 Gryph.
2565 3986 2655 4000 -——
2674 3958 2835 4026 Pepo-

1806 4037 1953 4107 Iitque
1990 4047 2113 4086 noce.
2167 4048 2265 4087 etc.
2287 4034 2519 4105 Vulpius
2553 4050 2837 4108 comparat

1803 4116 1988 4183 virgil.
2017 4113 2222 4167 AEneid.
2250 4114 2380 4177 xn,
2416 4132 2435 4165 ι
2457 4114 2544 4166 15.
