2986 4935
795 466 930 534 166

1288 473 1362 538 C.
1405 472 1842 538 VALERII
1901 473 2369 540 CATULLI

1099 603 1367 669 Urbana
1420 602 1658 686 altera,
1695 619 1758 670 et
1805 603 1910 670 illa
1945 606 2323 686 Formiana,

1095 711 1439 799 Impressae
1477 709 1794 787 resident,
1829 733 1949 776 nec
1996 709 2314 776 cluentur.

1098 814 1397 881 Morbosi
1441 817 1717 906 pariter,
1752 813 2007 906 gemelli
2056 816 2348 907 utrique3

1099 921 1253 986 Uno
1291 922 1356 985 in
1401 920 1677 1004 lectule,
1722 919 2026 987 erudituli
2069 921 2310 1003 ambo;

777 1120 1089 1190 nequissime
1111 1118 1396 1188 disperdita
1423 1121 1557 1171 bona
1589 1122 1641 1171 in
1670 1122 1800 1171 urbe

784 1196 1009 1260 [Romoe]
1038 1220 1056 1259 ,·
1087 1199 1232 1251 alteri
1275 1200 1538 1250 Mamurra.»
1579 1201 1802 1251 Formiis

784 1276 974 1338 [veteri
1005 1277 1304 1347 Campaniae
1334 1278 1566 1349 oppido,
1591 1280 1680 1330 ubi
1712 1279 1799 1329 ille

780 1370 930 1409 natus
961 1356 1099 1417 fuit].
1137 1357 1368 1409 Observa
1407 1371 1580 1409 autem
1620 1361 1674 1409 τὸ
1713 1359 1799 1408 illa

785 1438 839 1488 in
863 1455 1015 1488 versu
1046 1445 1074 1499 4
1096 1476 1108 1497 ,
1138 1456 1234 1506 pro
1254 1439 1405 1487 altera
1426 1438 1652 1505 positum
1675 1457 1797 1487 esse.

785 1517 1030 1568 Altem'lle
1043 1536 1140 1586 pro
1159 1517 1433 1566 alter-alter
1452 1518 1638 1585 passim
1658 1515 1800 1584 apud

783 1596 935 1648 bonae
968 1609 1103 1647 notae
1135 1596 1408 1666 scriptores
1437 1597 1585 1663 jungi
1616 1597 1796 1646 solent.

788 1675 914 1728 Vid.
938 1677 1143 1727 Ducker.
1163 1673 1229 1725 ad
1257 1676 1398 1726 Flor.
1421 1676 1520 1734 IV,
1553 1694 1604 1742 7,
1637 1692 1724 1735 to,
1751 1689 1799 1727 et

787 1756 890 1806 Iole.
909 1757 961 1807 F
958 1757 1104 1806 reder.
1129 1755 1341 1807 Gronov.
1359 1752 1426 1804 ad
1444 1753 1561 1806 Liv.
1574 1755 1799 1817 XXXV,

783 1855 836 1904 p.
851 1833 1325 1890 ‹ia—Notandum
1337 1845 1413 1883 est
1423 1835 1475 1884 τὸ
1489 1838 1695 1903 utrisque
1705 1853 1800 1903 pro

784 1915 1082 1983 utrique.Sic
1096 1913 1236 1978 apud
1255 1913 1688 1976 Cic.Verrin.VI,
1714 1931 1733 1962 1
1750 1921 1797 1973 4,

786 1994 992 2045 Sallust.
1023 1993 1173 2044 Catil.
1201 1994 1263 2044 31
1289 2030 1304 2052 ‚
1328 2004 1376 2042 et
1405 1992 1559 2049 alios,
1583 2004 1802 2061 uterque

785 2075 837 2124 in
870 2074 1006 2142 plur.
1037 2091 1184 2123 num.
1203 2070 1503 2130 adhibetur,
1529 2071 1611 2121 vel
1638 2089 1801 2140 quum

787 2153 854 2204 de
903 2151 1110 2203 duobus
1151 2163 1347 2201 tantum
1391 2150 1696 2219 loquuntur.
1736 2150 1799 2199 N.

787 2262 852 2275 --
888 2233 1146 2283 Caeteium
1174 2227 1417 2299 loquendi
1448 2247 1639 2297 genus:
1668 2247 1805 2280 ·ma·

785 2313 914 2364 culae
954 2313 1213 2380 impressae
1243 2308 1464 2359 resident
1500 2327 1595 2359 nec
1624 2308 1803 2358 eluen-

791 2403 907 2452 tur,
938 2416 956 2433 ι·
1004 2387 1145 2441 haud
1181 2387 1340 2438 dubie
1377 2386 1591 2439 ductum
1628 2401 1699 2437 est
1742 2405 1802 2437 ex

787 2472 984 2540 placito
1008 2470 1099 2520 illo
1127 2469 1472 2538 philosophim
1499 2467 1803 2530 Socraticae,

788 2570 817 2599 a
882 2551 1096 2600 Platone
1146 2546 1388 2615 inprimis
1433 2547 1486 2597 in
1540 2545 1803 2597 Phaedone

785 2628 1001 2697 aliisque
1042 2626 1262 2695 dialogis
1301 2625 1535 2693 exposito
1566 2638 1615 2676 et
1649 2644 1800 2676 exor-

789 2720 928 2769 nato,
953 2707 1043 2756 ubi
1063 2706 1277 2757 maculae
1300 2704 1399 2755 illae
1423 2717 1473 2755 et
1492 2705 1802 2774 labe8‚quas

788 2786 992 2836 animus
1013 2787 1237 2836 nimium
1268 2785 1319 2833 in
1348 2784 1450 2833 vita
1477 2782 1798 2853 indulgendo

789 2865 1162 2934 cupiditatibus
1191 2864 1287 2914 sibi
1320 2864 1658 2924 contraxerit,
1686 2876 1798 2932 post

792 2959 1010 2996 mortem
1033 2946 1186 2997 etiam
1202 2941 1344 3014 apud
1362 2943 1555 2994 inferos
1568 2942 1796 3012 conspici

788 3043 883 3076 uec
907 3026 1011 3075 ulla
1029 3023 1227 3075 ratione
1239 3023 1340 3073 elui
1363 3040 1513 3091 posse
1533 3020 1795 3073 dicuntur.

785 3105 959 3156 Locus
987 3104 1225 3155 classicus
1251 3099 1393 3172 apud
1420 3102 1686 3151 Platonem
1725 3115 1796 3152 est

788 3184 841 3235 in
865 3184 970 3234 fine
994 3182 1204 3251 Gorgiae
1221 3220 1235 3243 ,
1257 3201 1313 3250 p.
1342 3182 1639 3239 356—60,
1669 3193 1717 3231 et
1742 3181 1793 3231 in

788 3262 1081 3320 Phaedone,
1117 3282 1171 3330 p.
1207 3264 1271 3309 61
1299 3300 1313 3321 ‚
1342 3262 1404 3309 A.
1441 3261 1500 3311 B.
1531 3259 1656 3310 edit.
1690 3261 1799 3312 Ffr.

794 3344 995 3411 Dignus
1018 3353 1093 3391 est
1112 3379 1126 3402 ,
1149 3340 1237 3409 qui
1259 3340 1312 3389 in
1333 3339 1465 3389 hanc
1488 3357 1599 3389 rem
1620 3358 1799 3389 consu-

789 3422 942 3482 latur,
970 3420 1265 3479 Meinersius,
1289 3418 1379 3487 qui
1402 3419 1649 3487 proeclare
1666 3430 1797 3467 vete·

787 3519 905 3552 rum
920 3499 1354 3569 philosophorum
1371 3510 1421 3547 et
1442 3497 1682 3566 inprimis
1693 3496 1803 3547 Pla·

788 3579 922 3630 tonis
947 3578 1131 3647 placita
1155 3576 1417 3646 exposuit,
1442 3594 1608 3645 quum
1630 3577 1681 3626 in
1706 3576 1798 3627 tri·

790 3658 888 3708 bus
915 3657 1039 3720 illis,
1060 3674 1177 3727 quae
1198 3655 1457 3707 variarum
1488 3653 1797 3706 dissertatio·

789 3756 916 3788 num
955 3736 1169 3786 nomine
1203 3733 1484 3802 inscripsit,
1516 3734 1797 3784 volumini-

788 3817 910 3880 bus,
945 3807 1267 3883 [Ver-mischte
1297 3810 1564 3878 Schrfien]
1600 3826 1708 3862 tum
1742 3813 1795 3863 in

785 3896 1083 3948 suavissimo
1102 3906 1152 3945 et
1169 3895 1309 3944 lectu
1322 3890 1623 3959 dignissimo
1643 3891 1798 3953 libro,

795 3975 1071 4028 Geschichte
1129 3974 1214 4022 der
1272 3972 1688 4036 Wissensclmsten
1750 3977 1798 4021 in

795 4053 1150 4106 Griechcnland
1175 4053 1275 4103 und
1298 4053 1414 4102 Rom
1430 4072 1449 4111 ‚·
1473 4065 1599 4102 tom.
1628 4051 1679 4100 11
1697 4089 1712 4109 ,
1745 4070 1793 4121 p.

795 4140 933 4195 404,
972 4142 1083 4201 sqq.
1117 4145 1165 4183 et
1208 4150 1353 4200 770,
1389 4149 1502 4200 sqq.
1545 4128 1625 4180 Ad
1656 4130 1796 4180 bunc

1891 1121 2135 1192 mythum
2168 1121 2528 1172 suavissimum
2568 1139 2661 1173 sen
2701 1121 2878 1172 involu-

1889 1212 2001 1250 tum
2060 1200 2290 1252 fabulosa
2340 1200 2639 1251 narratione
2685 1200 2881 1270 philoso-

1888 1278 2081 1347 phema
2123 1279 2449 1331 Platonicum
2480 1280 2712 1349 respexit
2752 1279 2879 1331 etiam

1892 1358 2146 1426 Virgilius
2191 1358 2242 1408 in
2281 1358 2611 1409 nobilissimo
2658 1359 2750 1410 illo
2786 1359 2880 1408 loeo

1894 1435 2214 1499 AEneid.vl,
2239 1436 2501 1505 730—74
2518 1457 2566 1500 ι,
2590 1435 2661 1488 de
2682 1457 2783 1508 quo
2800 1449 2881 1487 tres

1888 1527 2085 1566 tantum
2132 1534 2309 1566 versus
2354 1514 2648 1568 describam
2679 1536 2693 1569 ε
2742 1542 2764 1564 ι
2782 1516 2879 1567 Non

1887 1596 2059 1645 tamen
2113 1613 2271 1645 omne
2320 1596 2513 1646 malum
2561 1595 2766 1648 miseris
2807 1611 2882 1645 nec

1888 1672 2125 1724 funditus
2145 1692 2326 1724 omues
2348 1675 2635 1743 Corpore&
2654 1673 2883 1728 excedunt

1889 1766 2053 1820 pestes
2072 1771 2085 1803 τ
2104 1754 2414 1822 penitusque
2431 1772 2639 1806 necesse
2656 1768 2731 1807 &t
2744 1753 2882 1806 Multa

1888 1829 1979 1881 diu
2006 1844 2252 1883 concreta
2284 1831 2454 1883 modis
2485 1833 2771 1887 inolescere
2804 1832 2881 1883 mi·

1889 1911 1972 1961 ris.
2000 1937 2019 1956 ι
2054 1912 2158 1962 Ubi
2185 1912 2255 1962 cf.
2291 1912 2459 1980 Heyne
2477 1913 2530 1962 in
2556 1926 2672 1966 not.
2700 1927 2750 1965 et
2779 1913 2883 1963 uhe-

1889 1990 2082 2040 riorem
2102 2027 2115 2048 ‚
2139 2009 2296 2060 quam
2317 1990 2371 2040 in
2396 1990 2531 2041 hanc
2553 2010 2670 2043 rem
2701 2012 2761 2043 ex
2782 2010 2885 2061 pro·

1890 2067 2066 2120 fundae
2099 2068 2350 2122 doctrinae
2384 2071 2535 2140 copia
2578 2070 2885 2140 suppeditat,

1890 2146 2296 2217 disputationem
2326 2150 2377 2199 in
2406 2150 2626 2201 Excurs.
2658 2150 2808 2212 XIII,
2829 2145 2885 2197 ad

1890 2227 2035 2277 Libr.
2070 2230 2179 2290 vl,
2203 2247 2255 2298 p.
2288 2231 2624 2296 664—669.
2654 2253 2726 2262 --
2748 2230 2884 2280 Docta

1891 2305 2105 2375 quidem
2155 2307 2423 2377 Doeringii
2465 2309 2738 2360 annotatio
2761 2347 2774 2372 ,
2813 2302 2885 2356 sed

1890 2403 2060 2453 neque
2096 2406 2125 2436 e
2159 2406 2246 2447 re,
2283 2405 2454 2456 neque
2493 2384 2559 2437 ad
2599 2407 2733 2440 rem.
2772 2386 2884 2438 Nam

1892 2463 2109 2517 difficile
2155 2463 2470 2519 crediderim
2518 2467 2786 2520 Catullum
2833 2461 2886 2514 ad

1892 2545 2213 2597 Platonicam
2243 2544 2573 2615 disciplinam
2604 2548 2694 2600 hic
2720 2560 2769 2597 et
2786 2544 2887 2595 alias

1890 2626 2169 2694 respexisse
2187 2665 2202 2689 ‚
2252 2624 2380 2676 dum
2440 2625 2709 2677 tritissima
2753 2636 2887 2675 mem-

1890 2703 2056 2772 phora
2089 2706 2280 2768 utitur,
2310 2723 2413 2774 qua
2440 2702 2688 2756 lihidinis
2718 2703 2886 2773 turpis-

1889 2782 2029 2833 simae
2052 2783 2229 2834 sordes
2247 2784 2522 2853 exprimat.
2540 2781 2888 2835 N.—Macu12

1890 2861 1989 2912 illae
2006 2862 2320 2931 flagitiorum
2338 2864 2599 2932 impressa
2615 2861 2757 2934 apud
2767 2862 2888 2914 Gre-

1885 2959 1973 2991 cos
1991 2955 2241 2993 vocantur
2259 2938 2419 2993 modo
2437 2942 2726 3011 στίγματα,
2748 2937 2885 2992 modo

1886 3020 2050 3075 οὐλαὶ,
2073 3019 2230 3072 modo
2246 3021 2481 3089 μώλωπες
2495 3059 2511 3082 ,
2528 3021 2697 3073 modo
2715 3014 2884 3076 ηλῖδκ

1886 3100 1966 3150 vel
2008 3100 2213 3169 plenius
2256 3100 2583 3161 ἀνεξάλειπτα
2619 3097 2796 3155 ὀνείδη.
2822 3128 2886 3139 —-

1885 3179 2001 3230 Alia
2046 3181 2159 3231 loca
2209 3179 2261 3230 in
2305 3179 2442 3231 hanc
2484 3197 2600 3231 rem
2647 3176 2883 3250 congessit

1888 3258 2132 3328 Vulpius.

1970 3342 2020 3390 6.
2054 3339 2268 3389 Mor-bosi
2290 3342 2477 3406 paritet·
2493 3378 2509 3399 ,
2549 3338 2693 3409 turpi
2728 3352 2884 3389 amon·

1885 3416 2193 3469 laborantes.
2216 3415 2341 3467 Vid.
2364 3417 2614 3469 Bentleius
2641 3414 2710 3469 ad
2724 3416 2883 3467 Horat.

1888 3493 1994 3545 Od.
2030 3498 2081 3559 1,
2119 3497 2225 3565 37,
2257 3516 2310 3564 9.
2344 3529 2424 3538 —
2461 3496 2710 3550 Gemelli:
2740 3496 2885 3547 hone·

1887 3574 2032 3625 stiori
2061 3576 2274 3628 nomine
2300 3574 2487 3629 cinaedi
2516 3589 2774 3628 vocantur
2793 3575 2884 3637 sm·

1888 3666 1998 3704 tres.
2042 3655 2124 3705 Cf.
2162 3654 2427 3707 Burmann.
2463 3654 2568 3707 Sec.
2602 3655 2675 3707 ad
2702 3650 2880 3707 AnthoL

1885 3745 2010 3784 tom.
2046 3734 2100 3797 1,
2133 3751 2187 3802 p.
2220 3738 2349 3796 641.

1966 3831 2018 3881 7.
2045 3813 2323 3882 vulgatam
2364 3813 2750 3867 distinctionem
2784 3821 2884 3883 post

1887 3892 2057 3942 lectulo
2079 3892 2214 3943 tollit
2238 3893 2499 3964 Meleager
2521 3907 2575 3946 et
2592 3893 2780 3964 respici
2796 3909 2881 3962 pu·

1888 3983 1959 4021 tat
1980 3971 2318 4040 proverbium
2344 3993 2439 4023 uno
2460 3978 2508 4023 e'n
2527 3973 2702 4024 lectulo
2721 3973 2881 4023 edati.-

1888 4051 1956 4100 ita
1991 4064 2048 4101 ut
2080 4052 2234 4102 ambo
2264 4053 2315 4101 in
2343 4053 2589 4104 omnibns
2618 4053 2715 4104 sibi
2745 4048 2882 4103 simil·

1885 4129 2031 4191 limi,
2062 4143 2112 4182 et
2139 4130 2191 4182 in
2216 4129 2401 4183 eodem
2427 4132 2573 4202 quasi
2609 4132 2779 4183 lectulo
2806 4134 2880 4180 iu-
