2986 4935
881 536 1324 604 CARMEN
1383 538 1595 603 XIV.
2215 564 2297 632 71

491 666 878 751 Suffenum,
911 670 1130 735 omnia
1167 667 1468 762 colligam
1512 693 1800 750 venena,

491 775 584 841 Ac
626 787 689 841 te
725 773 829 841 his
863 773 1198 867 suppliciis
1236 773 1729 843 remunerabor.
2261 823 2309 848 ι.»

487 882 626 947 Vos
671 879 826 948 hinc
871 880 1121 948 interea
1155 880 1404 967 valete,
1435 881 1608 949 abite

485 983 691 1068 Illuc,
736 985 912 1054 unde
959 985 1206 1055 malum
1248 988 1481 1082 pedem
1528 987 1797 1071 tulistis,

486 1089 658 1160 Secli
699 1093 1156 1179 incommoda,
1193 1097 1457 1188 pessimi
1500 1110 1730 1188 poetae.

485 1306 554 1374 Si
601 1307 714 1398 qui
759 1306 931 1374 forte
968 1331 1268 1376 mearum
1307 1311 1711 1402 ineptiarum

484 1413 801 1481 Lectores
836 1415 1046 1498 eritis,
1089 1438 1455 1508 manusque
1498 1428 1753 1481 vostras

484 1519 642 1587 Noa
688 1519 1043 1588 horrebitis
1085 1520 1442 1589 admovere
1481 1522 1710 1603 nobis;

487 1625 834 1694 Paedicabo
873 1651 997 1720 ego
1045 1651 1199 1711 vos,
1238 1642 1303 1694 et
1342 1628 1712 1695 inrumabo.

164 1854 244 1906 ep.
279 1854 355 1898 ιι,
383 1854 439 1899 ι,
464 1853 484 1886 1
505 1853 524 1887 1
539 1834 593 1887 3.
612 1835 989 1906 N.--Aquinos
1011 1853 1196 1906 perpe-

166 1933 270 1968 ram
298 1915 356 1967 in
383 1914 798 1977 vetustioribus3
828 1933 952 1966 nam
979 1915 1032 1966 in
1063 1933 1196 1966 voce

167 1996 404 2067 Aquinios
433 1992 558 2046 duae
582 1995 794 2064 syllabae
825 1994 880 2045 in
915 2011 1075 2046 unam
1104 2014 1193 2047 co-

163 2075 412 2128 alescunt.
433 2107 514 2115 —
536 2074 739 2126 Malum
783 2087 992 2143 poetam
1033 2077 1193 2144 Aqui·

165 2158 289 2206 nim
329 2167 484 2206 notat
532 2154 686 2205 etiam
745 2154 934 2206 Cicero
975 2154 1189 2205 Tuscul.

168 2235 234 2294 V,
262 2254 353 2287 α’.

249 2333 337 2382 ¹9·
366 2315 449 2365 De
477 2311 680 2380 Suffino
711 2314 854 2367 conf.
878 2314 998 2364 infr.
1032 2331 1191 2365 carm.

167 2394 339 2446 XXII.
377 2394 608 2455 Venena,
631 2395 865 2447 carmina
890 2393 1053 2455 mala,
1077 2406 1195 2444 sunt

160 2473 521 2528 abominanda
551 2487 602 2526 et
632 2473 943 2527 exsecranda
965 2513 980 2537 ‚
1005 2473 1197 2543 quibus

164 2557 294 2608 inest
317 2554 552 2607 multum
583 2556 772 2607 veneni
797 2568 848 2606 et
875 2553 1197 2624 pestilentiae,

160 2648 216 2686 ut
256 2635 506 2706 loquitur
549 2634 738 2687 Noster
784 2635 947 2698 infra,
995 2633 1195 2696 XLIV,

169 2732 188 2764 1
203 2735 386 2767 ².-—·
406 2715 693 2785 Proscripti
713 2715 867 2784 Regis
891 2713 1073 2784 Rupili
1101 2733 1198 2783 pus

160 2808 317 2866 atque
347 2812 617 2847 venenum
637 2820 659 2841 ι
689 2793 814 2846 vid.
850 2794 983 2845 Hor.
1014 2795 1108 2846 lib.
1143 2796 1195 2857 1,

159 2873 265 2928 Sat.
290 2894 352 2945 7,
380 2894 432 2927 1.
461 2874 531 2926 N.

244 2974 334 3006 ιο.
361 2956 462 3006 His
495 2955 768 3025 suppliciis,
806 2955 973 3025 poetis
1022 2956 1195 3017 malis,

158 3053 393 3105 quorum
447 3035 675 3086 lectione
744 3046 991 3105 tanquam
1046 3053 1197 3104 poena

157 3115 485 3184 gravissima·
507 3114 779 3166 afficimur
804 3128 855 3167 et
894 3132 1044 3183 paene
1082 3133 1200 3167 ene·

157 3213 364 3248 camur.
395 3195 770 3256 Remunerahor,
800 3193 1037 3258 ulciscar,
1063 3196 1197 3246 ἀντι-

159 3272 486 3345 θωρὴσομαι,
520 3293 705 3346 parem
735 3274 952 3344 gratiam
995 3274 1090 3326 tibi
1115 3266 1196 3326 rc-

160 3357 346 3407 feram.
381 3354 556 3407 Simili
597 3352 759 3406 modo
807 3355 947 3406 enim
984 3359 1197 3422 gratiam

160 3437 336 3501 referre
361 3436 556 3506 passim
585 3434 639 3485 in
672 3434 862 3486 malam
884 3447 1085 3505 partem
1114 3432 1196 3485 di-

159 3516 298 3567 citur
329 3515 572 3568 Terentii
603 3514 854 3568 Eunuch.
885 3527 982 3567 act.
1013 3515 1100 3577 11,
1125 3534 1194 3566 sc.

164 3596 215 3655 3.
241 3596 332 3663 93,
366 3610 416 3649 et
439 3596 544 3657 IV,
571 3601 601 3656 4
623 3633 636 3654 ,
672 3593 761 3646 52.

1374 1857 1459 1887 22.
1487 1837 1737 1887 Attulisti}
1759 1835 1955 1906 reperit
1982 1850 2032 1888 et
2059 1835 2201 1889 idem
2231 1857 2311 1889 re-

1291 1916 1476 1967 futavit
1499 1915 1744 1987 Scaliger.

1369 1995 1455 2047 23.
1487 1996 1617 2048 Secli
1642 1996 1960 2056 incommoda,
1989 2008 2137 2049 terrae
2172 2016 2309 2066 pon-

1283 2074 1434 2138 dera,
1457 2077 1602 2142 ἄχθος
1628 2078 1844 2145 ἀρούρης.

1370 2163 1561 2224 24-27.
1590 2158 1786 2206 Contra
1809 2153 1959 2205 MSS.
1984 2167 2033 2204 et
2050 2154 2309 2207 libroruin

1284 2249 1519 2286 veterum
1549 2233 1710 2286 fidem
1737 2234 1790 2284 in
1824 2233 2090 2285 nonnullis
2121 2233 2312 2286 editio·

1285 2315 1440 2366 nibus
1452 2313 1814 2366 attexunturhi
1832 2327 2056 2383 quatuor
2072 2315 2312 2366 versiculi

1285 2393 1457 2447 Carm.
1477 2395 1633 2455 XVI,
1650 2392 1714 2445 ad
1736 2395 1984 2445 Aurelium
2003 2406 2055 2445 et
2077 2395 2129 2447 F
2127 2399 2279 2446 urium
2295 2437 2307 2455 ,

1284 2476 1377 2526 ubi
1401 2488 1653 2546 apparent
1677 2476 1831 2527 etiam
1859 2476 1914 2526 in
1949 2472 2072 2525 edit.
2094 2474 2307 2546 Bipont.

1287 2556 1483 2607 Versus
1521 2568 1736 2626 quartus
1773 2555 2032 2606 Pcedicabo
2067 2575 2157 2624 ego
2188 2576 2307 2617 vos,

1285 2648 1330 2685 et
1349 2636 1615 2699 inrumabo,
1651 2636 1742 2705 qui
1770 2637 1911 2687 abest
1941 2635 1992 2685 in
2020 2636 2167 2688 librr.
2186 2649 2309 2688 vett.

1286 2715 1509 2768 debetur
1527 2716 1816 2767 liberalitati
1833 2730 1882 2767 et
1894 2716 2106 2785 ingenio
2117 2717 2311 2768 clariss.

1292 2796 1479 2847 Vossii.
1510 2794 1774 2847 Videntur
1803 2796 2023 2846 omnino
2053 2795 2108 2845 hi
2139 2816 2314 2847 versus

1287 2876 1693 2944 ἀπσσπασμάτια
1732 2874 1982 2944 longioris
2029 2876 2311 2940 carmini53

1286 2975 1456 3008 assuas
1485 2957 1552 3006 sis
1574 2956 1652 3007 vel
1681 2954 1938 3005 infel-cias,
1964 2955 2311 3005 Incommode

1288 3049 1424 3088 certe
1453 3035 1644 3105 adjecti
1672 3048 1789 3086 sunt
1814 3035 1989 3089 Carm.
2021 3034 2172 3085 XVI.
2206 3035 2314 3084 Nos

1289 3116 1341 3166 in
1371 3114 1684 3186 assignando
1711 3113 1791 3164 his
1817 3113 2053 3164 versibus
2085 3114 2202 3165 loco
2233 3132 2312 3171 se-

1289 3196 1442 3265 quuti
1470 3214 1650 3247 sumus
1670 3194 2030 3246 auctoritatem
2059 3193 2208 3246 MSS.
2242 3193 2311 3245 ad

1288 3294 1446 3347 quam
1498 3277 1689 3327 Statius
1727 3287 1775 3325 ct
1821 3271 1993 3325 editor
2034 3274 2313 3327 Cantabri-

1287 3356 1475 3425 giensis
1508 3368 1811 3422 provocant.
1848 3355 2107 3407 Caeterum
2162 3373 2312 3410 versu

1286 3436 1489 3505 primo,
1521 3434 1576 3484 Sc·
1606 3438 1687 3506 qui
1707 3436 1874 3498 sorte,
1909 3446 2037 3497 etc.‚
2069 3435 2203 3486 male
2239 3434 2312 3484 le-

1286 3515 1485 3585 guntin
1507 3514 1776 3584 Bipontin.
1800 3534 1891 3584 qua
1912 3554 1923 3573 ‚
1954 3527 2003 3565 et
2033 3518 2108 3564 cui
2131 3512 2313 3565 vitiose

1289 3596 1341 3645 in
1367 3593 1490 3647 edit.
1517 3596 1687 3665 prima
1713 3594 1921 3645 Mureti.
