2986 4935
642 451 776 521 ¹7²

1148 427 1703 499 C.VALER11
1761 433 2226 500 CATULLI

1050 560 1317 648 Cultor,
1355 566 1620 633 Urania}
1657 591 1865 659 genus
1883 615 1902 649 ,

632 760 749 793 rum
778 760 807 793 a
833 739 979 795 molli
1000 763 1166 813 puero
1185 746 1438 797 abstineat
1454 786 1467 808 ,
1491 765 1642 815 roga·

633 832 751 882 tur;
786 833 839 872 at
861 841 1047 892 sponsa
1069 818 1139 886 [v.
1177 843 1198 876 1
1215 824 1242 877 5
1257 844 1278 876 1
1306 820 1443 896 sqq]
1471 838 1528 876 ut
1548 845 1643 876 vo-

634 898 695 950 tis
729 901 897 953 mariti
933 911 1038 954 tam
1070 903 1339 956 nobilitate
1366 915 1525 974 quam
1563 904 1643 956 di·

633 976 873 1031 vitiarum
907 981 1055 1052 copia
1094 984 1447 1054 praepollentis
1484 985 1643 1036 mori·

632 1073 839 1126 geretur
869 1074 920 1111 et
953 1061 1251 1127 satisfaciat,
1283 1075 1544 1116 monetur.
1566 1094 1645 1105 —

638 1138 705 1190 V.
740 1143 844 1190 166
883 1159 992 1210 sqq.
1029 1142 1135 1211 ipse
1162 1161 1361 1212 sponsae
1392 1141 1647 1196 adventus

634 1215 700 1267 ad
733 1220 906 1288 sponsi
937 1222 1148 1289 januam
1182 1235 1347 1286 poete
1376 1241 1519 1275 nunc
1549 1225 1644 1275 ob·

634 1310 868 1348 versatur
891 1299 1084 1351 animo.
1112 1301 1141 1349 J
1149 1302 1338 1353 ubetur
1364 1293 1519 1370 igitur
1549 1323 1644 1353 no-

637 1394 700 1425 va
723 1390 882 1446 nupta
907 1378 1097 1429 intrare
1121 1378 1360 1442 domum,
1378 1395 1430 1431 et
1446 1382 1648 1433 serven·

634 1454 885 1505 tissimum
920 1459 1088 1508 mariti
1115 1477 1345 1510 amorem
1371 1478 1546 1512 coram
1564 1477 1647 1512 co-

635 1551 897 1602 gnoscere.
912 1529 981 1597 [v.
1007 1557 1025 1589 1
1041 1557 1070 1605 7
1087 1557 1104 1588 1
1135 1536 1268 1608 sqq.]
1288 1539 1411 1588 Mox
1433 1559 1462 1590 e
1486 1559 1643 1592 manu

636 1610 867 1664 ductoris
883 1613 1088 1667 dimissa
1113 1611 1182 1679 [v.
1209 1636 1226 1667 ι
1241 1620 1271 1669 8
1287 1636 1304 1667 ι
1334 1613 1465 1687 sqq.]
1487 1639 1515 1669 a
1538 1638 1647 1689 spe·

635 1704 783 1742 ctatae
810 1692 932 1744 fidei
962 1695 1166 1746 feminis
1190 1698 1473 1749 collocatur
1495 1700 1547 1749 in
1573 1700 1645 1750 le·

636 1783 721 1822 cto
753 1765 822 1834 [ν.
866 1769 992 1837 186]
1021 1774 1088 1825 ad
1111 1795 1268 1845 quem
1294 1789 1511 1828 vocatur
1538 1797 1645 1831 ma·

636 1852 764 1902 ritus
807 1846 876 1915 [v.
916 1872 1016 1922 191
1060 1850 1193 1925 sqq.]
1229 1857 1321 1926 qui
1361 1856 1469 1906 sine
1501 1876 1647 1910 mora

634 1927 775 1981 adest
804 1925 873 1994 [v.
902 1935 970 1984 ao
984 1929 1051 1999 1].
1085 1936 1185 1986 Hic
1214 1936 1378 1986 bonos
1404 1938 1649 2006 conjuges

637 2007 819 2061 ludere
842 2013 959 2065 sinit
977 2028 1128 2084 poeta
1149 2035 1247 2086 pro
1273 2014 1466 2079 lubitu;
1489 2030 1538 2067 et
1553 2035 1646 2068 vo·

635 2101 718 2149 to,
744 2103 800 2141 ut
832 2105 1087 2163 prognato
1118 2096 1324 2164 puello,
1353 2095 1482 2145 vivis
1503 2096 1647 2148 colo-

634 2168 777 2220 ribus
798 2189 1091 2240 expressam
1115 2175 1274 2245 patris
1294 2175 1574 2244 imaginem
1600 2190 1649 2228 et

641 2250 816 2300 matris
842 2250 1141 2320 pudicitiam
1165 2273 1256 2305 ore
1277 2255 1552 2318 referente,
1575 2256 1648 2308 fe-

636 2325 757 2378 lices
775 2344 1011 2399 parentes
1027 2332 1174 2396 fiant,
1190 2350 1398 2385 carmen
1419 2335 1651 2403 nuptiale

637 2405 772 2459 finit.
799 2442 879 2449 ——
908 2410 1085 2462 Fuerit
1123 2430 1190 2462 ne
1233 2414 1467 2464 Catullus
1505 2413 1650 2485 apud

636 2488 902 2539 Romanos
919 2490 1330 2559 epithalamium,
1343 2492 1649 2546 Graecorum

643 2586 789 2619 more
804 2605 819 2631 ,
844 2568 1065 2620 canendi
1083 2584 1264 2622 atictor
1278 2609 1291 2634 ,
1317 2590 1487 2641 neque
1506 2573 1649 2624 affir-

639 2664 782 2697 mare
813 2666 983 2716 neque
1015 2666 1202 2717 negare
1230 2651 1503 2719 quisquam
1530 2671 1650 2721 pos-

639 2726 716 2776 sit.
742 2728 808 2777 At
829 2741 967 2780 certe
993 2729 1197 2780 nullum
1220 2730 1300 2780 vel
1334 2729 1385 2780 in
1416 2732 1651 2799 poeticis,

642 2806 721 2856 vel
758 2806 810 2858 in
853 2807 1110 2859 historicis
1145 2811 1500 2860 monumentis
1539 2813 1650 2881 epi·

639 2885 870 2938 thalamii
903 2888 1082 2939 Romae
1109 2886 1364 2941 decantati
1385 2889 1654 2959 vestigium

642 2968 899 3036 reperias,
938 2980 989 3019 et
1020 2967 1142 3020 inde
1173 2988 1200 3020 a
1240 2969 1447 3022 Catullo
1485 2970 1656 3022 Poetae

641 3064 851 3116 magnas
897 3049 1104 3118 nuptias
1155 3049 1385 3100 carmine
1436 3049 1654 3102 solemni

640 3126 991 3190 celebrarunt,
1007 3141 1064 3179 ut
1081 3141 1292 3180 testatur
1302 3128 1403 3179 Ov.
1420 3146 1482 3178 ex
1498 3128 1650 3181 Pont.

637 3204 693 3259 Ι,
721 3224 746 3256 a
768 3241 784 3269 ,
817 3206 1119 3258 133:-111e
1138 3226 1264 3276 ego,
1291 3207 1382 3276 qui
1410 3206 1541 3259 duxi
1563 3228 1653 3261 ve·

638 3296 768 3334 stros
793 3285 1104 3353 hymenaeon
1124 3284 1191 3338 ad
1211 3288 1353 3356 ignes
1366 3324 1379 3345 ,
1403 3288 1470 3339 Et
1487 3288 1652 3340 cecini

638 3360 803 3414 fausto
829 3366 1060 3417 carmina
1087 3363 1242 3434 digna
1272 3377 1408 3417 toro.
1433 3393 1454 3413 ι
1497 3366 1650 3418 Sum·

641 3459 728 3493 ma
756 3443 962 3495 solertia
991 3444 1044 3495 in
1077 3446 1179 3496 hoc
1210 3444 1386 3496 Carm-
1418 3446 1655 3498 Catullus

646 3523 806 3573 moris
843 3526 1047 3575 romani
1081 3522 1482 3594 descriptionem
1528 3543 1650 3577 cum

644 3619 823 3669 graeca
864 3604 1187 3654 caeremoniae
1219 3604 1490 3655 festivitate
1524 3623 1651 3656 con-

638 3683 829 3754 junxit.
853 3682 1036 3750 Neque
1060 3683 1250 3734 mirum
1273 3696 1347 3734 est
1371 3684 1653 3735 severiores

638 3762 1061 3816 consumationis
1102 3763 1230 3814 ritus
1270 3762 1372 3814 hoc
1406 3763 1653 3832 exemplo

639 3842 825 3895 laetiori
844 3859 1053 3911 pompae
1074 3854 1126 3893 et
1150 3842 1357 3894 ornatui
1379 3840 1654 3912 indulgere

637 3924 866 3993 eoepisse.
882 3922 949 3973 N.
963 3921 1199 3973 —Aulus
1209 3921 1423 3973 Manlius
1441 3923 1655 3993 Torqua-

645 4014 716 4053 tus
735 4038 750 4064 ,
776 4004 833 4053 in
852 4003 1000 4071 cujus
1017 4000 1223 4072 nuptias
1240 4001 1536 4071 composuit
1551 4001 1655 4053 hoo

638 4099 846 4134 carmen
879 4079 1142 4143 Catullus,
1181 4079 1322 4133 idem
1363 4100 1469 4132 esse
1508 4078 1652 4132 vide·

1734 758 1844 809 tur,
1869 748 2017 816 cujus
2033 745 2345 816 singularem
2367 746 2421 796 in
2441 763 2495 797 se
2512 765 2747 798 amorem

1732 837 1782 876 et
1813 826 2091 877 amicitiam
2130 823 2401 894 magnifice
2432 826 2634 878 extollit
2668 827 2749 878 in·

1734 902 1812 955 fra
1839 905 1892 955 in
1920 900 2099 974 Elegia
2131 897 2494 966 mellitissima,
2517 906 2630 975 ejus
2652 923 2749 957 no·

1735 984 1861 1035 mini
1891 984 2135 1055 iuscripta
2150 1023 2165 1048 ‚
2192 977 2753 1036 LXV111.‘Nobilissi-

1734 1079 1817 1113 ma
1868 1075 2042 1114 autem
2090 1080 2153 1114 eo
2200 1073 2438 1132 tempore
2482 1060 2583 1114 fuit
2627 1077 2754 1134 gens

1734 1140 2053 1194 Manliorum
2070 1181 2085 1206 ,
2112 1160 2175 1193 ex
2203 1143 2396 1212 quibus
2432 1143 2569 1193 Titus
2603 1144 2753 1195 Maa-

1736 1222 1827 1272 lius
1870 1222 2072 1290 primus
2119 1219 2290 1273 dictus
2339 1234 2411 1272 est
2448 1223 2754 1292 Torquatus

1736 1313 1861 1352 teste
1898 1302 2151 1353 Cicerone
2190 1300 2347 1351 Offic.
2385 1301 2501 1365 111,
2542 1303 2635 1354 31.
2674 1334 2753 1344 --

1738 1380 1836 1431 Vir
1867 1381 2149 1431 consularis
2177 1392 2390 1431 vocatur
2412 1381 2574 1430 Aulus
2607 1381 2753 1432 Man·

1736 1459 1827 1509 lius
1862 1461 2133 1530 Torquatus
2159 1457 2304 1528 apud
2330 1459 2465 1510 Plin.
2500 1459 2622 1511 Nat.
2658 1461 2754 1512 Hi-

1734 1551 1855 1590 stor.
1898 1539 2003 1589 Vll
2024 1578 2038 1601 ,
2085 1539 2153 1590 53
2172 1576 2186 1601 ,
2223 1539 2377 1590 Tom.
2422 1539 2480 1601 Ι,
2522 1557 2580 1607 p.
2621 1546 2753 1607 409,

1735 1616 1862 1669 edit.
1896 1616 2154 1669 Harduin.
2186 1617 2254 1668 At
2279 1615 2477 1669 ,Iuliam
2510 1637 2620 1669 non
2656 1619 2753 1671 nisi

1735 1712 1796 1747 ex
1819 1715 1902 1759 eo,
1929 1696 2073 1766 quod
2102 1716 2152 1749 v.
2190 1698 2283 1766 87,
2307 1697 2639 1748 Aurunculeia
2661 1718 2755 1750 vo·

1735 1789 1910 1839 catur,
1942 1795 1970 1826 e
2000 1788 2156 1845 gente
2185 1776 2486 1836 Cottarum,
2522 1795 2754 1847 quorum

1736 1870 2025 1924 cognomen
2073 1856 2425 1906 Aurunculeius
2470 1856 2569 1908 fuit
2618 1854 2756 1917 [vid.

1735 1932 1850 1984 Liv.
1874 1934 1927 1984 in
1951 1933 2136 2004 Suppl.
2153 1935 2470 1987 Freinsbem.
2492 1936 2586 1986 lib.
2611 1937 2757 2000 clv,

1738 2031 1781 2063 c.
1812 2015 1900 2081 57.
1925 2014 2095 2066 caesar
2112 2013 2179 2066 de
2199 2016 2256 2066 Β.
2278 2014 2345 2067 G.
2371 2016 2458 2078 11,
2482 2033 2504 2066 1
2521 2012 2569 2075 ι]
2585 2029 2756 2067 ortam

1737 2111 1845 2142 esse
1860 2131 1876 2156 ,
1898 2093 2142 2162 colligere
2168 2107 2461 2163 possumus.
2488 2121 2570 2137 —-
2592 2095 2760 2146 Vetus

1738 2171 1895 2241 hujus
1923 2173 2168 2224 carminis
2195 2172 2505 2242 descriptio,
2539 2175 2757 2243 Epitha-

1739 2252 1955 2312 lamium,
1985 2270 2141 2321 quam
2175 2251 2428 2304 editiones
2457 2253 2758 2323 antiquissi—

1739 2349 1838 2382 mae
1861 2350 1967 2400 proe
1991 2349 2043 2382 se
2066 2331 2272 2396 ferunt,
2296 2332 2483 2401 snpius
2506 2333 2575 2384 ab
2596 2333 2760 2384 inter-

1739 2411 1971 2481 pretibus
2028 2411 2328 2482 impugnata
2379 2423 2430 2463 et
2482 2410 2762 2483 repudiata

1740 2491 1855 2542 suit.
1878 2492 1996 2543 Jam
2026 2491 2263 2543 Muretus
2288 2489 2355 2543 ad
2381 2492 2436 2543 h.
2462 2510 2511 2543 c.
2540 2493 2757 2544 scribit:

1748 2596 1769 2617 ι
1790 2571 1880 2622 Est
1900 2571 2002 2623 hoc
2026 2588 2238 2623 carmen
2257 2569 2472 2641 quidem
2492 2572 2763 2642 nuptiale,-

1739 2668 1909 2719 neque
1951 2664 2123 2703 tamen
2165 2651 2382 2721 proprie
2424 2650 2762 2721 epithalami-

1739 2748 1870 2792 um3
1911 2749 2033 2782 nam
2064 2729 2399 2797 epithalamia
2432 2729 2765 2783 emebantur

1738 2826 1767 2859 a
1788 2808 2104 2877 virginibus,
2122 2826 2286 2878 quum
2308 2810 2415 2880 jam
2435 2827 2570 2860 nova
2595 2823 2764 2879 nupta

1742 2888 1796 2938 in
1838 2889 1972 2939 lecto
2005 2889 2102 2940 viri
2143 2888 2395 2941 collocata
2432 2900 2561 2939 esset
2604 2902 2705 2941 etc.
2731 2914 2755 2934 ι

1744 2964 1848 3019 Sed
1881 2968 2149 3030 Muretus,
2180 2980 2231 3019 et
2261 2968 2350 3037 qui
2384 2968 2496 3037 ejus
2530 2969 2767 3039 vestig-iis

1742 3047 2005 3112 insistunt,
2021 3048 2163 3098 vocis
2182 3047 2553 3118 proprietatem
2573 3066 2766 3117 urgen-

1742 3139 1818 3177 tes
1837 3127 2105 3177 notionem
2130 3125 2464 3196 Epithalamii
2490 3126 2652 3178 nimis
2678 3146 2765 3178 ar·

1739 3206 1833 3257 ctis
1858 3206 2295 3258 circumscribunt
2322 3205 2533 3257 linibus.
2554 3205 2767 3269 Quodsi

1739 3286 1879 3336 enim
1911 3286 2075 3337 multa
2103 3285 2202 3337 alia
2231 3285 2461 3337 carmina
2488 3285 2768 3338 communi

1739 3365 1927 3434 passim
1960 3382 2168 3417 assensu
2196 3363 2263 3416 ad
2292 3381 2455 3434 genus
2484 3362 2766 3434 quoddam

1740 3445 2033 3496 carminum
2070 3443 2253 3496 referri
2293 3444 2494 3507 solent,
2527 3458 2763 3513 quorum

1739 3524 1965 3595 propriae
1990 3521 2156 3574 indoli
2184 3536 2234 3575 et
2254 3534 2454 3574 namra
2469 3522 2553 3573 vel
2573 3522 2768 3592 prim·

1738 3604 1929 3673 origini
1952 3602 2167 3654 minime
2187 3600 2509 3671 respondent
2520 3638 2538 3664 ,
2555 3619 2667 3653 non
2684 3603 2767 3654 vi·

1740 3682 1871 3746 deo,
1923 3700 2017 3733 cur
2058 3700 2165 3733 non
2207 3679 2394 3732 eodem
2431 3682 2551 3750 jure
2589 3681 2768 3734 latiori

1738 3761 2112 3831 significatione
2152 3778 2311 3812 omne
2341 3777 2553 3811 carmen
2582 3762 2767 3813 vocari

1738 3842 1898 3912 possit
1917 3840 2314 3910 ΕρὶιΙωΙαηιίυηι,
2335 3837 2505 3910 quod,
2518 3837 2588 3891 ad
2607 3858 2768 3910 quas·

1739 3938 1949 3991 cunque
1979 3916 2316 3972 celebrandas
2339 3918 2577 3989 nuptias,
2605 3936 2692 3972 res
2713 3931 2772 3974 et

1740 4001 1871 4052 ritus
1893 3999 2153 4070 nuptiales
2174 4010 2387 4063 tractat,
2405 3997 2486 4050 vel
2509 4014 2770 4069 pompam

1741 4080 2030 4149 nuptialem
2051 4077 2317 4153 describit,
2336 4077 2443 4129 sive
2462 4075 2596 4130 illud
2613 4097 2645 4130 a
2665 4079 2773 4130 vin-
