2986 4935
689 475 825 548 132

1198 457 1765 525 C.VALER11
1823 457 2286 524 CATULLI

996 593 1396 689 Propinqui,
1437 589 1677 683 quibus
1710 603 1811 656 est
1855 586 2070 680 puella
2111 611 2321 671 curae,
2800 616 2818 652 s

996 704 1263 771 Amicos
1294 697 1717 788 medicosque
1754 708 2150 777 convocate3

995 812 1148 878 Non
1186 821 1284 874 est
1319 829 1478 872 sana
1514 800 1761 896 puella;
1791 826 1912 885 nec
1948 825 2183 892 rogare

676 1024 941 1084 nati.Vid.
966 1025 1091 1092 Arg.
1114 1018 1179 1072 ad
1202 1019 1378 1070 Carm.
1400 1014 1616 1072 XXIX.
1652 1010 1703 1063 5.

765 1110 817 1161 5.
854 1105 1160 1175 Propinqui,
1199 1097 1520 1149 furiosorum
1562 1092 1703 1143 enim

679 1204 969 1256 eorumque
1011 1180 1249 1254 pecuuiae
1278 1193 1459 1228 curam
1497 1191 1564 1224 ex
1593 1172 1706 1241 lege

675 1268 939 1337 suscipere
989 1261 1252 1314 debebant
1290 1254 1460 1326 agnati
1501 1266 1552 1303 et
1580 1271 1705 1321 gen-

674 1349 808 1399 tiles.
842 1346 1058 1396 Auctor.
1098 1338 1164 1391 ad
1196 1338 1424 1388 Herenn.
1457 1335 1498 1385 I.
1533 1352 1575 1384 c.
1618 1331 1705 1383 13.

681 1428 819 1478 Hinc
869 1425 1051 1474 Horat.
1110 1418 1273 1489 Epist.
1320 1417 1408 1477 11,
1459 1433 1523 1476 2,
1563 1412 1704 1463 136:

690 1536 708 1554 .
741 1507 840 1557 Hic
873 1503 966 1553 ubi
1004 1511 1345 1569 cognatorum
1391 1494 1585 1563 opibus
1621 1512 1710 1543 cu-

681 1588 857 1656 risque
908 1582 1131 1633 resectus
1174 1575 1390 1645 Expulit
1436 1573 1710 1623 helleboro

684 1666 949 1718 morbum.
966 1689 983 1707 ι
997 1662 1080 1712 Cf.
1098 1655 1273 1709 eumd.
1292 1655 1397 1705 Sat.
1416 1655 1491 1711 11,
1512 1654 1562 1715 3,
1581 1672 1606 1703 2
1622 1671 1643 1703 1
1657 1653 1708 1705 8.

765 1749 816 1796 6.
867 1745 1419 1794 Amicos...convocate.
1465 1731 1607 1796 Quia
1657 1732 1710 1782 in

684 1823 905 1878 consilio
982 1819 1274 1871 amicorum
1330 1812 1713 1865 decernebatur

685 1919 863 1957 utrum
888 1900 1080 1970 aliquis
1100 1896 1317 1949 demens
1343 1906 1471 1944 esset
1490 1904 1543 1943 et
1566 1893 1714 1959 cujus

683 1983 856 2038 tutelae
904 1973 1339 2035 committenduS,
1396 1991 1464 2023 ne
1517 1970 1716 2022 fraudis

683 2062 908 2135 suspicio
941 2060 1183 2110 subesset.
1219 2057 1284 2107 N.

771 2164 800 2214 7
821 2173 842 2185 -
861 2144 911 2196 8.
943 2140 1046 2192 Nec
1072 2147 1240 2205 rogate
1273 2134 1446 2202 Qualt's
1474 2136 1565 2193 sit,
1596 2130 1716 2180 solet

692 2228 792 2275 lea‘c
820 2224 1130 2289 imaginosum
1160 2217 1221 2267 L.
1257 2213 1417 2266 MSC.
1453 2224 1505 2262 et
1535 2229 1716 2261 omnes

693 2307 801 2357 fere
817 2299 1072 2368 impressi.
1098 2322 1116 2341 ι
1131 2296 1239 2347 Nec
1255 2311 1439 2363 rogare
1450 2290 1636 2354 Qualis
1654 2291 1716 2341 sit

693 2385 820 2436 solet
846 2382 954 2432 hoec
979 2376 1327 2445 imaginosum
1363 2399 1382 2417 a
1410 2373 1604 2422 Muret.
1626 2370 1717 2439 qui

695 2467 1008 2531 imaginosum
1042 2455 1266 2526 explicat
1290 2451 1356 2504 de
1388 2450 1600 2521 speculo
1619 2489 1632 2512 ,
1663 2462 1719 2501 ut

697 2547 797 2596 sit:
829 2539 1102 2611 speculum
1157 2531 1223 2585 de
1270 2551 1359 2583 sua
1407 2532 1577 2582 forma
1610 2548 1720 2581 non

698 2621 978 2677 consulere
1019 2617 1164 2665 solet.
1203 2612 1417 2663 Salmas,
1454 2607 1523 2660 ad
1553 2608 1720 2660 Solin.

705 2725 754 2774 p.
768 2723 788 2754 1
802 2721 835 2753 o
846 2703 874 2753 8
885 2717 914 2768 7
925 2736 938 2760 ,
952 2696 1098 2765 legit:
1120 2693 1249 2744 dolet
1265 2692 1367 2742 haec
1386 2693 1718 2757 imagc’nosum,

704 2779 849 2853 quod
894 2776 1118 2846 explicat
1140 2811 1154 2836 ‚
1187 2773 1447 2841 μαίνεται,
1475 2773 1721 2838 φρενιτιᾷ,

704 2857 988 2929 imaginibus
1022 2850 1489 2912 laboranvoffiius,
1534 2861 1590 2900 ut
1628 2868 1724 2898 no-

706 2960 822 2995 vam
857 2939 1071 2989 inferret
1102 2931 1471 2984 obscenitatem
1492 2968 1506 2991 ‚
1533 2929 1728 2979 exscul-

708 3023 811 3094 psit
834 3023 887 3073 ἐκ
909 3017 1113 3088 μαγείου
1145 3015 1284 3073 ὄζειν,
1303 3007 1447 3079 quod
1471 3006 1602 3078 quid
1633 3009 1728 3072 sit,

709 3099 851 3174 apud
895 3100 1065 3168 ipsum
1112 3091 1322 3142 videant
1361 3089 1550 3139 harum
1596 3085 1729 3138 deli-

712 3184 913 3235 ciarum
952 3172 1152 3245 cupidi.
1189 3173 1314 3222 Haec
1354 3172 1513 3236 imago
1567 3186 1730 3217 nasum

714 3265 888 3329 inepte
923 3254 1244 3314 Turnebus,
1286 3248 1516 3318 ineptius
1558 3259 1731 3298 tamen

717 3335 937 3395 Corrad.
975 3333 1042 3385 de
1088 3332 1190 3382 All.
1233 3349 1290 3381 en
1333 3332 1490 3397 imago
1528 3333 1732 3376 nasum!

718 3422 803 3475 cui
840 3416 1073 3469 adhaeret
1122 3410 1249 3464 edit.
1284 3409 1517 3477 Gotting.
1561 3438 1638 3447 -—
1671 3407 1734 3457 In

722 3496 1043 3553 editionibus
1060 3491 1288 3559 antiquis
1311 3490 1499 3539 Venet.
1521 3487 1733 3557 Grypb.

720 3594 770 3632 et
812 3576 927 3629 aliis
956 3592 1078 3627 cum
1110 3568 1345 3642 sequenti
1372 3567 1607 3619 carmine
1632 3568 1735 3617 hoc

715 3655 1074 3728 conjungitur,
1124 3671 1150 3701 a
1191 3671 1297 3720 quo
1338 3645 1553 3717 quidem
1598 3644 1733 3697 illud

713 3732 1119 3811 disjungendum
1161 3749 1269 3783 esse
1300 3740 1440 3781 recte
1466 3727 1573 3796 jam
1618 3746 1732 3776 mo-

710 3820 828 3872 nuit
857 3816 1063 3867 Victor.
1093 3812 1222 3862 Var.
1255 3810 1398 3860 Lect.
1429 3807 1481 3856 II
1502 3842 1517 3869 ‚
1554 3823 1599 3857 c.
1642 3804 1729 3858 15.

712 3933 790 3942 -—-
811 3898 915 3950 Nec
945 3912 1115 3962 rogare
1150 3890 1324 3957 Qualis
1352 3891 1417 3936 sit
1443 3886 1566 3936 solet
1585 3922 1600 3948 ‚
1632 3899 1732 3939 etc,

710 3979 831 4030 Non
866 3993 1053 4047 parum
1096 3970 1186 4023 hic
1220 3970 1366 4019 locus
1396 3966 1601 4037 ingenia
1632 3966 1730 4015 vi-

705 4076 890 4111 rorum
938 4057 1229 4105 Doctorum
1279 4047 1528 4098 exercuit.
1563 4045 1728 4098 Pleri-

701 4157 804 4208 que
835 4144 1125 4205 sequuntur
1153 4128 1506 4196 Scaligerum,
1538 4126 1628 4196 qui
1657 4126 1728 4177 le-

1792 1011 1868 1079 git
1897 1030 1981 1061 nec
2006 1024 2174 1079 rogate
2191 1053 2207 1074 ,
2237 1010 2412 1078 Qualis
2437 1013 2517 1064 sit.
2547 1010 2688 1063 Solet
2724 1014 2826 1065 lcoec

1794 1094 2108 1158 imaginosum
2129 1132 2140 1153 ‚
2192 1104 2241 1141 et
2279 1092 2486 1162 supplet
2527 1090 2594 1144 ad
2632 1112 2823 1145 vocem

1796 1174 2108 1239 imaginosum
2142 1171 2388 1222 morbum
2421 1185 2689 1242 oegrotare.
2720 1174 2825 1225 Per

1795 1250 2004 1302 morbum
2034 1256 2345 1320 imagine-sum
2372 1265 2543 1304 autem
2578 1254 2825 1324 intelligit

1795 1333 2152 1402 φαντάσματα,
2171 1351 2287 1401 quae
2305 1332 2482 1382 animo
2505 1347 2829 1396 occurrunt,

1799 1412 1851 1462 in
1895 1415 2044 1481 cujus
2080 1412 2383 1463 sententiam
2424 1411 2548 1464 vide
2589 1433 2713 1483 quae
2744 1413 2826 1464 di-

1797 1504 1970 1560 sputat
1999 1493 2284 1543 Burmann.
2306 1492 2418 1542 Sec.
2451 1492 2505 1543 in
2535 1494 2823 1564 Antholog.

1800 1584 1925 1622 tom.
1960 1574 1986 1622 I
2006 1611 2019 1634 ,
2046 1591 2161 1641 pag.
2200 1573 2336 1634 463.
2362 1572 2610 1642 Scaligeri
2652 1575 2828 1644 expli-

1799 1648 1952 1701 candi
1977 1652 2234 1702 rationem
2253 1690 2268 1713 ‚
2292 1650 2433 1721 quod
2460 1654 2667 1705 mireris
2684 1693 2697 1714 ,
2721 1674 2830 1705 am·

1799 1731 2046 1800 plectitur
2079 1732 2235 1782 etiam
2262 1732 2378 1782 Nic.
2408 1731 2590 1784 Heius.
2611 1734 2665 1784 in
2702 1736 2827 1786 Not.

1799 1809 1866 1861 ad
1897 1811 2087 1862 Catull.
2119 1812 2206 1881 qui
2228 1831 2324 1881 per
2342 1816 2653 1880 imaginatum
2682 1832 2831 1864 mor·

1800 1890 1928 1939 bum
1959 1928 1973 1950 ,
2035 1909 2142 1960 quo
2187 1892 2446 1942 laborasse
2493 1893 2829 1945 meretricem

1800 1970 2013 2034 volunt,
2044 1970 2283 2041 intelligit
2311 1998 2329 2016 -
2356 1990 2518 2041 quum
2545 1987 2833 2024 concentus

1801 2049 2095 2101 carminum
2138 2050 2417 2112 audimm,
2451 2063 2499 2102 et
2528 2055 2833 2122 patentibus

1803 2128 1968 2179 oculis
1998 2130 2318 2181 somniamus
2351 2159 2372 2177 ιι
2413 2145 2468 2182 ut
2496 2151 2673 2182 sensus
2726 2134 2790 2184 sit
2815 2151 2827 2181 :

1812 2234 1831 2252 ι
1859 2227 1978 2258 sana
2014 2229 2120 2260 non
2153 2224 2255 2270 est,
2286 2230 2408 2262 nam
2437 2225 2539 2263 tota
2562 2224 2720 2264 nocte
2756 2212 2833 2263 nil

1804 2288 1901 2338 nisi
1923 2289 2038 2339 aeris
2053 2288 2297 2341 tinnitum
2321 2290 2617 2343 meditatur.
2632 2293 2834 2364 »Equi-

1807 2366 1927 2417 dem
1954 2367 2193 2419 lubenter
2217 2370 2399 2433 fateor,
2424 2390 2511 2422 me
2536 2370 2781 2423 nondum
2802 2391 2833 2425 a

1807 2465 1957 2498 sensu
2009 2466 2126 2499 meo
2174 2448 2455 2520 impetrare
2481 2452 2749 2521 potuisse,
2776 2465 2834 2505 ut

1806 2527 1860 2577 in
1898 2527 2003 2579 ulla
2029 2547 2059 2578 a
2089 2530 2211 2580 VV.
2239 2532 2353 2583 DD.
2386 2530 2455 2583 ad
2478 2533 2622 2584 hunc
2651 2533 2833 2586 locum

1808 2606 1958 2658 allata
1991 2609 2071 2659 vel
2103 2610 2448 2679 explicatione
2475 2613 2559 2663 vel
2588 2612 2837 2666 emenda·

1810 2686 1952 2737 tione
1989 2689 2396 2757 acquiescerem.
2443 2693 2617 2743 Immo
2664 2705 2834 2744 totum

1814 2765 1986 2817 locum
2019 2768 2102 2818 vel
2134 2770 2288 2838 plane
2318 2771 2563 2823 mutilum
2583 2809 2598 2830 ,
2626 2773 2710 2823 vel
2735 2773 2836 2824 alia

1813 2858 1953 2896 certe
1973 2846 2171 2899 medela
2196 2849 2481 2901 sanandum
2501 2851 2840 2921 puto.Cardo

1815 2926 1889 2975 rei
1906 2927 2127 2978 vertitur
2140 2929 2191 2978 in
2212 2947 2340 2979 voce
2362 2933 2697 2998 imaginatam,
2718 2950 2839 3002 quae

1817 3006 1896 3055 vel
1941 3004 2237 3058 damnanda
2283 3003 2361 3072 [si
2397 3028 2498 3060 vox
2533 3008 2838 3064 damnanda

1818 3085 1908 3147 sit,
1930 3104 2047 3154 quae
2068 3087 2224 3138 semel
2244 3101 2445 3139 tantum
2462 3087 2606 3161 apud
2618 3092 2839 3144 Veteres

1818 3162 2071 3226 occurrit]
2110 3167 2187 3217 vel
2222 3169 2573 3239 explicatione
2605 3170 2839 3240 juvanda

1818 3242 2047 3297 videtur.
2078 3247 2198 3298 Jam
2229 3267 2354 3299 vero
2382 3267 2546 3319 quum
2576 3255 2838 3319 ima'gimm'

1820 3336 1959 3375 recte
1980 3326 2123 3395 apud
2148 3328 2314 3379 bonos
2337 3329 2623 3401 scriptores
2637 3329 2837 3384 dicitur

1824 3402 1892 3456 de
1914 3404 1994 3469 iis,
2013 3409 2103 3477 qui
2128 3408 2409 3478 imaginem
2432 3410 2714 3482 quamdam
2738 3412 2835 3464 sibi

1823 3485 2026 3556 fingunt
2059 3502 2107 3539 et
2141 3490 2319 3541 animo
2357 3491 2699 3561 concipiunt,
2728 3511 2834 3544 non

1823 3565 1978 3616 video
2002 3585 2097 3618 cur
2111 3587 2216 3618 non
2237 3567 2423 3621 eodem
2439 3571 2561 3638 jure
2577 3589 2608 3622 a
2628 3572 2836 3624 Catullo

1822 3645 2198 3713 imaginosadici
2216 3648 2446 3717 potuerit
2464 3666 2524 3701 ea
2542 3689 2556 3714 ,
2570 3652 2723 3720 cujus
2733 3664 2839 3702 tan-

1821 3743 1974 3794 quam
1993 3726 2129 3777 febri
2137 3740 2389 3796 correptae
2399 3728 2838 3799 phantasiainfin·

1819 3804 2017 3874 genda,
2044 3826 2148 3877 qua
2172 3806 2271 3857 sibi
2292 3807 2548 3877 placeret,
2578 3809 2832 3881 imagine,

1824 3885 2047 3937 multum
2086 3886 2326 3938 valuerit.
2357 3886 2523 3953 Quod
2551 3890 2593 3941 si
2650 3909 2832 3943 verum

1821 3978 1923 4028 est,
1955 3965 2101 4017 locus
2119 3966 2328 4018 fortasse
2354 3968 2424 4020 ita
2448 3968 2697 4022 constitui
2724 3990 2838 4042 pos·

1818 4044 1914 4096 sit:
1958 4070 1979 4091 ι
2016 4078 2030 4092 .
2056 4078 2070 4092 .
2097 4078 2110 4091 .
2134 4078 2148 4092 .
2177 4064 2276 4097 nec
2307 4065 2493 4118 rogare
2524 4050 2712 4115 Qualis
2740 4051 2829 4110 sit,

1815 4125 1976 4189 solet;
2013 4144 2078 4177 en
2113 4125 2483 4196 imaginosam!
2512 4154 2533 4174 ι
2572 4129 2630 4183 h.
2662 4149 2709 4184 e.
2739 4147 2834 4183 nec
