<?xml version="1.0" encoding="UTF-8"?>
<!DOCTYPE html PUBLIC "-//W3C//DTD XHTML 1.0 Transitional//EN"
    "http://www.w3.org/TR/xhtml1/DTD/xhtml1-transitional.dtd">
<html xmlns="http://www.w3.org/1999/xhtml" xml:lang="en" lang="en">
 <head>
  <title>
</title>
<meta http-equiv="Content-Type" content="text/html;charset=utf-8" />
  <meta name='ocr-system' content='tesseract 3.04.00' />
  <meta name='ocr-capabilities' content='ocr_page ocr_carea ocr_par ocr_line ocrx_word'/>
</head>
<body>
  <div class='ocr_page' id='page_1' title='image "./cvaleriuscatull00naudgoog_0361.png"; bbox 0 0 2986 4935; ppageno 0'>
   <div class='ocr_carea' id='block_1_1' title="bbox 827 474 1616 542">
    <p class='ocr_par' dir='ltr' id='par_1_1' title="bbox 827 474 1616 542">
     <span class='ocr_line' id='line_1_1' title="bbox 827 474 1616 542; baseline -0.006 0"><span class='ocrx_word' id='word_1_1' title='bbox 827 475 1271 542; x_wconf 83' lang='lat' dir='ltr'><strong>CARMEN</strong></span> <span class='ocrx_word' id='word_1_2' title='bbox 1331 474 1616 540; x_wconf 87' lang='lat' dir='ltr'>LXIX.</span> 
     </span>
    </p>
   </div>
   <div class='ocr_carea' id='block_1_2' title="bbox 759 717 1735 804">
    <p class='ocr_par' dir='ltr' id='par_1_2' title="bbox 759 717 1735 804">
     <span class='ocr_line' id='line_1_2' title="bbox 759 717 1735 804; baseline -0.003 -1"><span class='ocrx_word' id='word_1_3' title='bbox 759 718 1308 804; x_wconf 90' lang='lat' dir='ltr'><strong>CARMEN</strong></span> <span class='ocrx_word' id='word_1_4' title='bbox 1374 717 1735 801; x_wconf 85' lang='lat' dir='ltr'><strong>LXIX.</strong></span> 
     </span>
    </p>
   </div>
   <div class='ocr_carea' id='block_1_3' title="bbox 1009 959 1475 1005">
    <p class='ocr_par' dir='ltr' id='par_1_3' title="bbox 1009 959 1475 1005">
     <span class='ocr_line' id='line_1_3' title="bbox 1009 959 1475 1005; baseline -0.004 0"><span class='ocrx_word' id='word_1_5' title='bbox 1009 961 1110 1005; x_wconf 77' lang='lat' dir='ltr'><strong>AD</strong></span> <span class='ocrx_word' id='word_1_6' title='bbox 1168 959 1475 1004; x_wconf 82' lang='lat' dir='ltr'><strong>RUFUM.</strong></span> 
     </span>
    </p>
   </div>
   <div class='ocr_carea' id='block_1_4' title="bbox 292 1142 2001 1764">
    <p class='ocr_par' dir='ltr' id='par_1_4' title="bbox 292 1142 1869 1342">
     <span class='ocr_line' id='line_1_4' title="bbox 292 1142 1798 1236; baseline -0.003 -22"><span class='ocrx_word' id='word_1_7' title='bbox 292 1148 475 1215; x_wconf 77' lang='lat' dir='ltr'><strong>Nom</strong></span> <span class='ocrx_word' id='word_1_8' title='bbox 511 1145 853 1228; x_wconf 87' lang='lat' dir='ltr'><strong>admirari,</strong></span> <span class='ocrx_word' id='word_1_9' title='bbox 889 1167 1092 1236; x_wconf 90' lang='lat' dir='ltr'><strong>quare</strong></span> <span class='ocrx_word' id='word_1_10' title='bbox 1128 1142 1243 1210; x_wconf 89' lang='lat' dir='ltr'><strong>tibi</strong></span> <span class='ocrx_word' id='word_1_11' title='bbox 1278 1143 1547 1210; x_wconf 86' lang='lat' dir='ltr'><strong>foemina</strong></span> <span class='ocrx_word' id='word_1_12' title='bbox 1587 1143 1798 1228; x_wconf 89' lang='lat' dir='ltr'><strong>nulla,</strong></span> 
     </span>
     <span class='ocr_line' id='line_1_5' title="bbox 399 1248 1869 1342; baseline -0.001 -25"><span class='ocrx_word' id='word_1_13' title='bbox 399 1248 607 1336; x_wconf 86' lang='lat' dir='ltr'><strong>Rufe,</strong></span> <span class='ocrx_word' id='word_1_14' title='bbox 641 1248 796 1317; x_wconf 86' lang='lat' dir='ltr'><strong>velit</strong></span> <span class='ocrx_word' id='word_1_15' title='bbox 827 1263 1125 1317; x_wconf 88' lang='lat' dir='ltr'><strong>tenerum</strong></span> <span class='ocrx_word' id='word_1_16' title='bbox 1163 1249 1579 1342; x_wconf 86' lang='lat' dir='ltr'><strong>supposuisse</strong></span> <span class='ocrx_word' id='word_1_17' title='bbox 1616 1248 1869 1333; x_wconf 82' lang='lat' dir='ltr'><strong>femur3</strong></span> 
     </span>
    </p>

    <p class='ocr_par' dir='ltr' id='par_1_5' title="bbox 294 1351 1888 1556">
     <span class='ocr_line' id='line_1_6' title="bbox 294 1351 1888 1439; baseline 0 -16"><span class='ocrx_word' id='word_1_18' title='bbox 294 1358 448 1425; x_wconf 87' lang='lat' dir='ltr'><strong>Non</strong></span> <span class='ocrx_word' id='word_1_19' title='bbox 491 1351 691 1426; x_wconf 89' lang='lat' dir='ltr'><strong>ullam</strong></span> <span class='ocrx_word' id='word_1_20' title='bbox 734 1379 899 1423; x_wconf 79' lang='lat' dir='ltr'><strong>rarae</strong></span> <span class='ocrx_word' id='word_1_21' title='bbox 936 1353 1289 1423; x_wconf 82' lang='lat' dir='ltr'><strong>labefactes</strong></span> <span class='ocrx_word' id='word_1_22' title='bbox 1336 1378 1607 1422; x_wconf 86' lang='lat' dir='ltr'><strong>munere</strong></span> <span class='ocrx_word' id='word_1_23' title='bbox 1653 1355 1888 1439; x_wconf 78' lang='lat' dir='ltr'><strong>vestiS‚</strong></span> 
     </span>
     <span class='ocr_line' id='line_1_7' title="bbox 398 1459 1514 1556; baseline -0.002 -27"><span class='ocrx_word' id='word_1_24' title='bbox 398 1465 532 1529; x_wconf 86' lang='lat' dir='ltr'><strong>Aut</strong></span> <span class='ocrx_word' id='word_1_25' title='bbox 571 1459 943 1556; x_wconf 90' lang='lat' dir='ltr'><strong>pelluciduli</strong></span> <span class='ocrx_word' id='word_1_26' title='bbox 984 1459 1227 1528; x_wconf 90' lang='lat' dir='ltr'><strong>deliciis</strong></span> <span class='ocrx_word' id='word_1_27' title='bbox 1269 1459 1514 1553; x_wconf 89' lang='lat' dir='ltr'><strong>lapidis.</strong></span> 
     </span>
    </p>

    <p class='ocr_par' dir='ltr' id='par_1_6' title="bbox 292 1564 2001 1764">
     <span class='ocr_line' id='line_1_8' title="bbox 292 1564 2001 1660; baseline -0.002 -25"><span class='ocrx_word' id='word_1_28' title='bbox 292 1566 507 1636; x_wconf 82' lang='lat' dir='ltr'><strong>Laedit</strong></span> <span class='ocrx_word' id='word_1_29' title='bbox 542 1581 605 1635; x_wconf 87' lang='lat' dir='ltr'><strong>te</strong></span> <span class='ocrx_word' id='word_1_30' title='bbox 640 1565 937 1660; x_wconf 83' lang='lat' dir='ltr'><strong>quaedam</strong></span> <span class='ocrx_word' id='word_1_31' title='bbox 969 1564 1142 1634; x_wconf 88' lang='lat' dir='ltr'><strong>mala</strong></span> <span class='ocrx_word' id='word_1_32' title='bbox 1176 1565 1431 1650; x_wconf 89' lang='lat' dir='ltr'><strong>fabula,</strong></span> <span class='ocrx_word' id='word_1_33' title='bbox 1474 1589 1604 1659; x_wconf 93' lang='lat' dir='ltr'><strong>qua</strong></span> <span class='ocrx_word' id='word_1_34' title='bbox 1640 1564 1755 1632; x_wconf 86' lang='lat' dir='ltr'><strong>tibi</strong></span> <span class='ocrx_word' id='word_1_35' title='bbox 1794 1565 2001 1633; x_wconf 87' lang='lat' dir='ltr'><strong>fertur</strong></span> 
     </span>
     <span class='ocr_line' id='line_1_9' title="bbox 399 1671 1781 1764; baseline -0.001 -23"><span class='ocrx_word' id='word_1_36' title='bbox 399 1671 588 1742; x_wconf 81' lang='lat' dir='ltr'><strong>Valle</strong></span> <span class='ocrx_word' id='word_1_37' title='bbox 620 1672 739 1740; x_wconf 93' lang='lat' dir='ltr'><strong>sub</strong></span> <span class='ocrx_word' id='word_1_38' title='bbox 771 1671 1020 1739; x_wconf 84' lang='lat' dir='ltr'><strong>alarum</strong></span> <span class='ocrx_word' id='word_1_39' title='bbox 1052 1687 1202 1739; x_wconf 86' lang='lat' dir='ltr'><strong>trux</strong></span> <span class='ocrx_word' id='word_1_40' title='bbox 1235 1671 1531 1740; x_wconf 88' lang='lat' dir='ltr'><strong>habitare</strong></span> <span class='ocrx_word' id='word_1_41' title='bbox 1567 1695 1781 1764; x_wconf 87' lang='lat' dir='ltr'><strong>caper.</strong></span> 
     </span>
    </p>
   </div>
   <div class='ocr_carea' id='block_1_5' title="bbox 178 1877 1196 2581">
    <p class='ocr_par' dir='ltr' id='par_1_7' title="bbox 178 1877 1196 2500">
     <span class='ocr_line' id='line_1_10' title="bbox 266 1877 1196 1948; baseline 0.001 -20"><span class='ocrx_word' id='word_1_42' title='bbox 266 1881 409 1930; x_wconf 67' lang='lat' dir='ltr'><strong>Aac.</strong></span> <span class='ocrx_word' id='word_1_43' title='bbox 452 1877 594 1929; x_wconf 80' lang='lat' dir='ltr'><strong>Rufo</strong></span> <span class='ocrx_word' id='word_1_44' title='bbox 641 1878 907 1948; x_wconf 85' lang='lat' dir='ltr'><strong>cuipiam,</strong></span> <span class='ocrx_word' id='word_1_45' title='bbox 952 1897 1018 1927; x_wconf 87' lang='lat' dir='ltr'><strong>ne</strong></span> <span class='ocrx_word' id='word_1_46' title='bbox 1065 1889 1196 1929; x_wconf 83' lang='lat' dir='ltr'><strong>esset</strong></span> 
     </span>
     <span class='ocr_line' id='line_1_11' title="bbox 181 1955 1196 2024; baseline -0.005 -13"><span class='ocrx_word' id='word_1_47' title='bbox 181 1959 429 2020; x_wconf 82' lang='lat' dir='ltr'><strong>nescius,</strong></span> <span class='ocrx_word' id='word_1_48' title='bbox 460 1974 555 2008; x_wconf 92' lang='lat' dir='ltr'><strong>cur</strong></span> <span class='ocrx_word' id='word_1_49' title='bbox 589 1974 617 2007; x_wconf 89' lang='lat' dir='ltr'><strong>a</strong></span> <span class='ocrx_word' id='word_1_50' title='bbox 657 1956 880 2007; x_wconf 83' lang='lat' dir='ltr'><strong>soeminis</strong></span> <span class='ocrx_word' id='word_1_51' title='bbox 909 1955 1196 2024; x_wconf 77' lang='lat' dir='ltr'><strong>fugeretur,</strong></span> 
     </span>
     <span class='ocr_line' id='line_1_12' title="bbox 184 2033 1196 2106; baseline -0.005 -16"><span class='ocrx_word' id='word_1_52' title='bbox 184 2054 400 2090; x_wconf 83' lang='lat' dir='ltr'><strong>cansam</strong></span> <span class='ocrx_word' id='word_1_53' title='bbox 434 2053 463 2087; x_wconf 83' lang='lat' dir='ltr'><strong>a</strong></span> <span class='ocrx_word' id='word_1_54' title='bbox 493 2046 631 2088; x_wconf 87' lang='lat' dir='ltr'><strong>tetro</strong></span> <span class='ocrx_word' id='word_1_55' title='bbox 657 2037 768 2106; x_wconf 88' lang='lat' dir='ltr'><strong>ejus</strong></span> <span class='ocrx_word' id='word_1_56' title='bbox 804 2036 1001 2086; x_wconf 83' lang='lat' dir='ltr'><strong>alarum</strong></span> <span class='ocrx_word' id='word_1_57' title='bbox 1031 2033 1196 2086; x_wconf 89' lang='lat' dir='ltr'><strong>odore</strong></span> 
     </span>
     <span class='ocr_line' id='line_1_13' title="bbox 182 2114 1195 2187; baseline -0.001 -20"><span class='ocrx_word' id='word_1_58' title='bbox 182 2117 467 2187; x_wconf 82' lang='lat' dir='ltr'><strong>repetitam</strong></span> <span class='ocrx_word' id='word_1_59' title='bbox 505 2116 800 2186; x_wconf 83' lang='lat' dir='ltr'><strong>petulanter</strong></span> <span class='ocrx_word' id='word_1_60' title='bbox 844 2114 1077 2183; x_wconf 83' lang='lat' dir='ltr'><strong>exponit.</strong></span> <span class='ocrx_word' id='word_1_61' title='bbox 1120 2147 1195 2154; x_wconf 93' lang='lat'><strong>—-</strong></span> 
     </span>
     <span class='ocr_line' id='line_1_14' title="bbox 183 2192 1196 2247; baseline -0.002 -2"><span class='ocrx_word' id='word_1_62' title='bbox 183 2197 331 2247; x_wconf 77' lang='lat' dir='ltr'><strong>Cave</strong></span> <span class='ocrx_word' id='word_1_63' title='bbox 372 2195 474 2246; x_wconf 89' lang='lat' dir='ltr'><strong>hoc</strong></span> <span class='ocrx_word' id='word_1_64' title='bbox 514 2212 722 2245; x_wconf 87' lang='lat' dir='ltr'><strong>carmen</strong></span> <span class='ocrx_word' id='word_1_65' title='bbox 757 2192 826 2245; x_wconf 86' lang='lat' dir='ltr'><strong>ad</strong></span> <span class='ocrx_word' id='word_1_66' title='bbox 862 2194 937 2244; x_wconf 87' lang='lat' dir='ltr'><strong>M.</strong></span> <span class='ocrx_word' id='word_1_67' title='bbox 973 2193 1196 2244; x_wconf 82' lang='lat' dir='ltr'><strong>Coelium</strong></span> 
     </span>
     <span class='ocr_line' id='line_1_15' title="bbox 182 2273 1196 2343; baseline -0.004 -17"><span class='ocrx_word' id='word_1_68' title='bbox 182 2274 425 2338; x_wconf 79' lang='lat' dir='ltr'><strong>Rufum,</strong></span> <span class='ocrx_word' id='word_1_69' title='bbox 467 2274 724 2343; x_wconf 81' lang='lat' dir='ltr'><strong>insignem</strong></span> <span class='ocrx_word' id='word_1_70' title='bbox 769 2273 831 2324; x_wconf 89' lang='lat' dir='ltr'><strong>iis</strong></span> <span class='ocrx_word' id='word_1_71' title='bbox 870 2273 1196 2342; x_wconf 70' lang='lat' dir='ltr'><strong>temporibus</strong></span> 
     </span>
     <span class='ocr_line' id='line_1_16' title="bbox 182 2351 1195 2415; baseline -0.004 -9"><span class='ocrx_word' id='word_1_72' title='bbox 182 2367 489 2415; x_wconf 87' lang='lat' dir='ltr'><strong>oratorem,</strong></span> <span class='ocrx_word' id='word_1_73' title='bbox 514 2370 636 2403; x_wconf 78' lang='lat' dir='ltr'><strong>enm</strong></span> <span class='ocrx_word' id='word_1_74' title='bbox 673 2352 877 2403; x_wconf 86' lang='lat' dir='ltr'><strong>Achille</strong></span> <span class='ocrx_word' id='word_1_75' title='bbox 918 2351 1084 2403; x_wconf 84' lang='lat' dir='ltr'><strong>Statio</strong></span> <span class='ocrx_word' id='word_1_76' title='bbox 1112 2369 1195 2402; x_wconf 90' lang='lat' dir='ltr'><strong>re·</strong></span> 
     </span>
     <span class='ocr_line' id='line_1_17' title="bbox 178 2431 718 2500; baseline -0.013 -15"><span class='ocrx_word' id='word_1_77' title='bbox 178 2434 340 2485; x_wconf 77' lang='lat' dir='ltr'><strong>seras.</strong></span> <span class='ocrx_word' id='word_1_78' title='bbox 366 2432 446 2485; x_wconf 83' lang='lat' dir='ltr'><strong>Cf.</strong></span> <span class='ocrx_word' id='word_1_79' title='bbox 470 2431 718 2500; x_wconf 85' lang='lat' dir='ltr'><strong>Vulpius.</strong></span> 
     </span>
    </p>

    <p class='ocr_par' dir='ltr' id='par_1_8' title="bbox 274 2511 1194 2581">
     <span class='ocr_line' id='line_1_18' title="bbox 274 2511 1194 2581; baseline -0.002 -18"><span class='ocrx_word' id='word_1_80' title='bbox 274 2532 322 2563; x_wconf 80' lang='lat'><strong>2.</strong></span> <span class='ocrx_word' id='word_1_81' title='bbox 354 2511 660 2581; x_wconf 77' lang='lat' dir='ltr'><strong>Supposuisse</strong></span> <span class='ocrx_word' id='word_1_82' title='bbox 682 2514 865 2577; x_wconf 68' lang='lat' dir='ltr'><strong>semar,</strong></span> <span class='ocrx_word' id='word_1_83' title='bbox 901 2531 931 2561; x_wconf 84' lang='lat' dir='ltr'><strong>a</strong></span> <span class='ocrx_word' id='word_1_84' title='bbox 963 2511 1194 2579; x_wconf 81' lang='lat' dir='ltr'><strong>palaestra</strong></span> 
     </span>
    </p>
   </div>
   <div class='ocr_carea' id='block_1_6' title="bbox 182 2588 1190 2660">
    <p class='ocr_par' dir='ltr' id='par_1_9' title="bbox 182 2588 1190 2660">
     <span class='ocr_line' id='line_1_19' title="bbox 182 2588 1190 2660; baseline -0.003 -17"><span class='ocrx_word' id='word_1_85' title='bbox 182 2591 414 2643; x_wconf 86' lang='lat' dir='ltr'><strong>Veneris</strong></span> <span class='ocrx_word' id='word_1_86' title='bbox 464 2589 689 2642; x_wconf 87' lang='lat' dir='ltr'><strong>deducta</strong></span> <span class='ocrx_word' id='word_1_87' title='bbox 736 2588 986 2660; x_wconf 90' lang='lat' dir='ltr'><strong>loquendi</strong></span> <span class='ocrx_word' id='word_1_88' title='bbox 1040 2590 1190 2641; x_wconf 80' lang='lat' dir='ltr'><strong>ratio.</strong></span> 
     </span>
    </p>
   </div>
   <div class='ocr_carea' id='block_1_7' title="bbox 178 2668 1194 2801">
    <p class='ocr_par' dir='ltr' id='par_1_10' title="bbox 178 2668 1194 2801">
     <span class='ocr_line' id='line_1_20' title="bbox 178 2668 931 2738; baseline -0.007 -14"><span class='ocrx_word' id='word_1_89' title='bbox 178 2671 269 2725; x_wconf 79' lang='lat' dir='ltr'><strong>Cf.</strong></span> <span class='ocrx_word' id='word_1_90' title='bbox 297 2668 454 2722; x_wconf 80' lang='lat' dir='ltr'><strong>Ovid.</strong></span> <span class='ocrx_word' id='word_1_91' title='bbox 482 2672 598 2721; x_wconf 80' lang='lat' dir='ltr'><strong>Am.</strong></span> <span class='ocrx_word' id='word_1_92' title='bbox 624 2670 731 2733; x_wconf 87' lang='grc' dir='ltr'><strong>ΙΙΙ,</strong></span> <span class='ocrx_word' id='word_1_93' title='bbox 758 2688 814 2738; x_wconf 90' lang='lat'><strong>7,</strong></span> <span class='ocrx_word' id='word_1_94' title='bbox 847 2687 931 2720; x_wconf 87' lang='lat'><strong>10.</strong></span> 
     </span>
     <span class='ocr_line' id='line_1_21' title="bbox 269 2749 1194 2801; baseline -0.004 0"><span class='ocrx_word' id='word_1_95' title='bbox 269 2749 323 2801; x_wconf 85' lang='lat'><strong>3.</strong></span> <span class='ocrx_word' id='word_1_96' title='bbox 354 2750 458 2801; x_wconf 86' lang='lat' dir='ltr'><strong>Nos</strong></span> <span class='ocrx_word' id='word_1_97' title='bbox 484 2750 570 2799; x_wconf 77' lang='lat' dir='ltr'><strong>illa</strong></span> <span class='ocrx_word' id='word_1_98' title='bbox 598 2769 722 2799; x_wconf 73' lang='grc' dir='ltr'><em>ναι-ω</em></span> <span class='ocrx_word' id='word_1_99' title='bbox 748 2749 825 2799; x_wconf 86' lang='lat' dir='ltr'><strong>vel</strong></span> <span class='ocrx_word' id='word_1_100' title='bbox 857 2749 961 2800; x_wconf 73' lang='lat' dir='ltr'><strong>Nos</strong></span> <span class='ocrx_word' id='word_1_101' title='bbox 986 2749 1069 2798; x_wconf 77' lang='lat' dir='ltr'><strong>illu</strong></span> <span class='ocrx_word' id='word_1_102' title='bbox 1097 2768 1194 2798; x_wconf 70' lang='lat' dir='ltr'><em>⁶11·oe</em></span> 
     </span>
    </p>
   </div>
   <div class='ocr_carea' id='block_1_8' title="bbox 172 2826 1198 3453">
    <p class='ocr_par' dir='ltr' id='par_1_11' title="bbox 172 2826 1198 3453">
     <span class='ocr_line' id='line_1_22' title="bbox 177 2826 1198 2899; baseline -0.005 -18"><span class='ocrx_word' id='word_1_103' title='bbox 177 2841 437 2899; x_wconf 75' lang='lat' dir='ltr'><strong>corrupte</strong></span> <span class='ocrx_word' id='word_1_104' title='bbox 468 2828 521 2879; x_wconf 90' lang='lat' dir='ltr'><strong>in</strong></span> <span class='ocrx_word' id='word_1_105' title='bbox 549 2827 700 2879; x_wconf 81' lang='lat' dir='ltr'><strong>MSS.</strong></span> <span class='ocrx_word' id='word_1_106' title='bbox 728 2828 858 2878; x_wconf 84' lang='lat' dir='ltr'><strong>Stat.</strong></span> <span class='ocrx_word' id='word_1_107' title='bbox 878 2858 959 2868; x_wconf 92' lang='lat'><strong>—</strong></span> <span class='ocrx_word' id='word_1_108' title='bbox 985 2826 1123 2888; x_wconf 81' lang='lat' dir='ltr'><strong>Non,</strong></span> <span class='ocrx_word' id='word_1_109' title='bbox 1155 2832 1198 2876; x_wconf 78' lang='lat' dir='ltr'><strong>si</strong></span> 
     </span>
     <span class='ocr_line' id='line_1_23' title="bbox 179 2904 1193 2975; baseline -0.002 -16"><span class='ocrx_word' id='word_1_110' title='bbox 179 2909 320 2959; x_wconf 70' lang='lat' dir='ltr'><strong>illam</strong></span> <span class='ocrx_word' id='word_1_111' title='bbox 348 2908 404 2958; x_wconf 88' lang='lat' dir='ltr'><strong>in</strong></span> <span class='ocrx_word' id='word_1_112' title='bbox 431 2905 753 2959; x_wconf 82' lang='lat' dir='ltr'><strong>editionibus</strong></span> <span class='ocrx_word' id='word_1_113' title='bbox 777 2907 951 2975; x_wconf 81' lang='lat' dir='ltr'><strong>vulgg.</strong></span> <span class='ocrx_word' id='word_1_114' title='bbox 982 2937 1059 2947; x_wconf 89' lang='lat'><strong>—</strong></span> <span class='ocrx_word' id='word_1_115' title='bbox 1091 2904 1193 2957; x_wconf 87' lang='lat' dir='ltr'><strong>Sed</strong></span> 
     </span>
     <span class='ocr_line' id='line_1_24' title="bbox 175 2985 1192 3058; baseline -0.005 -19"><span class='ocrx_word' id='word_1_116' title='bbox 175 2985 509 3058; x_wconf 81' lang='lat' dir='ltr'><strong>quamnam?</strong></span> <span class='ocrx_word' id='word_1_117' title='bbox 532 2986 645 3039; x_wconf 82' lang='lat' dir='ltr'><strong>Non</strong></span> <span class='ocrx_word' id='word_1_118' title='bbox 666 2986 797 3037; x_wconf 77' lang='lat' dir='ltr'><strong>illam</strong></span> <span class='ocrx_word' id='word_1_119' title='bbox 812 2987 965 3037; x_wconf 87' lang='lat' dir='ltr'><strong>Voss.</strong></span> <span class='ocrx_word' id='word_1_120' title='bbox 989 3017 1069 3025; x_wconf 95' lang='lat'><strong>—</strong></span> <span class='ocrx_word' id='word_1_121' title='bbox 1096 2985 1192 3035; x_wconf 85' lang='lat' dir='ltr'><strong>Mi-</strong></span> 
     </span>
     <span class='ocr_line' id='line_1_25' title="bbox 176 3064 1194 3120; baseline -0.005 -2"><span class='ocrx_word' id='word_1_122' title='bbox 176 3068 237 3120; x_wconf 75' lang='lat' dir='ltr'><strong>hi</strong></span> <span class='ocrx_word' id='word_1_123' title='bbox 288 3066 441 3118; x_wconf 88' lang='lat' dir='ltr'><strong>unice</strong></span> <span class='ocrx_word' id='word_1_124' title='bbox 474 3084 595 3118; x_wconf 80' lang='lat' dir='ltr'><strong>vera</strong></span> <span class='ocrx_word' id='word_1_125' title='bbox 632 3066 740 3117; x_wconf 83' lang='lat' dir='ltr'><strong>visa</strong></span> <span class='ocrx_word' id='word_1_126' title='bbox 775 3076 850 3117; x_wconf 87' lang='lat' dir='ltr'><strong>est</strong></span> <span class='ocrx_word' id='word_1_127' title='bbox 889 3064 1046 3116; x_wconf 90' lang='lat' dir='ltr'><strong>lectio</strong></span> <span class='ocrx_word' id='word_1_128' title='bbox 1082 3065 1194 3116; x_wconf 83' lang='lat' dir='ltr'><strong>Non</strong></span> 
     </span>
     <span class='ocr_line' id='line_1_26' title="bbox 175 3143 1196 3216; baseline -0.003 -19"><span class='ocrx_word' id='word_1_129' title='bbox 175 3146 357 3206; x_wconf 75' lang='lat' dir='ltr'><strong>uuum,</strong></span> <span class='ocrx_word' id='word_1_130' title='bbox 389 3163 547 3214; x_wconf 88' lang='lat' dir='ltr'><strong>quam</strong></span> <span class='ocrx_word' id='word_1_131' title='bbox 564 3184 579 3208; x_wconf 95' lang='lat'><strong>,</strong></span> <span class='ocrx_word' id='word_1_132' title='bbox 606 3157 665 3195; x_wconf 91' lang='lat' dir='ltr'><strong>ut</strong></span> <span class='ocrx_word' id='word_1_133' title='bbox 691 3145 851 3216; x_wconf 83' lang='lat' dir='ltr'><strong>magis</strong></span> <span class='ocrx_word' id='word_1_134' title='bbox 879 3143 1119 3195; x_wconf 79' lang='lat' dir='ltr'><strong>latinitati</strong></span> <span class='ocrx_word' id='word_1_135' title='bbox 1142 3155 1196 3194; x_wconf 90' lang='lat' dir='ltr'><strong>et</strong></span> 
     </span>
     <span class='ocr_line' id='line_1_27' title="bbox 174 3221 1196 3294; baseline -0.002 -18"><span class='ocrx_word' id='word_1_136' title='bbox 174 3224 362 3278; x_wconf 79' lang='lat' dir='ltr'><strong>versui</strong></span> <span class='ocrx_word' id='word_1_137' title='bbox 394 3222 721 3277; x_wconf 80' lang='lat' dir='ltr'><strong>antecedenti</strong></span> <span class='ocrx_word' id='word_1_138' title='bbox 759 3221 1161 3294; x_wconf 80' lang='lat' dir='ltr'><strong>respondentem</strong></span> <span class='ocrx_word' id='word_1_139' title='bbox 1181 3261 1196 3286; x_wconf 82' lang='lat'><strong>,</strong></span> 
     </span>
     <span class='ocr_line' id='line_1_28' title="bbox 172 3300 1192 3375; baseline -0.004 -17"><span class='ocrx_word' id='word_1_140' title='bbox 172 3325 242 3358; x_wconf 80' lang='lat' dir='ltr'><strong>ex</strong></span> <span class='ocrx_word' id='word_1_141' title='bbox 277 3302 365 3357; x_wconf 89' lang='lat' dir='ltr'><strong>ed.</strong></span> <span class='ocrx_word' id='word_1_142' title='bbox 387 3304 594 3375; x_wconf 84' lang='lat' dir='ltr'><strong>Grypb.</strong></span> <span class='ocrx_word' id='word_1_143' title='bbox 614 3300 666 3365; x_wconf 86' lang='lat'><strong>(1</strong></span> <span class='ocrx_word' id='word_1_144' title='bbox 682 3301 813 3373; x_wconf 86' lang='lat'>537)</span> <span class='ocrx_word' id='word_1_145' title='bbox 834 3303 1091 3356; x_wconf 78' lang='lat' dir='ltr'><strong>revocavi.</strong></span> <span class='ocrx_word' id='word_1_146' title='bbox 1118 3333 1192 3344; x_wconf 91' lang='lat'><em>-</em></span> 
     </span>
     <span class='ocr_line' id='line_1_29' title="bbox 175 3381 1194 3453; baseline -0.004 -17"><span class='ocrx_word' id='word_1_147' title='bbox 175 3384 473 3450; x_wconf 70' lang='lat' dir='ltr'><strong>labefactas</strong></span> <span class='ocrx_word' id='word_1_148' title='bbox 512 3401 788 3453; x_wconf 82' lang='lat' dir='ltr'><strong>perperam</strong></span> <span class='ocrx_word' id='word_1_149' title='bbox 819 3383 876 3435; x_wconf 91' lang='lat' dir='ltr'><strong>in</strong></span> <span class='ocrx_word' id='word_1_150' title='bbox 910 3381 1037 3434; x_wconf 84' lang='lat' dir='ltr'><strong>edit.</strong></span> <span class='ocrx_word' id='word_1_151' title='bbox 1070 3383 1194 3433; x_wconf 85' lang='lat' dir='ltr'><strong>Par·</strong></span> 
     </span>
    </p>
   </div>
   <div class='ocr_carea' id='block_1_9' title="bbox 175 3462 1198 3532">
    <p class='ocr_par' dir='ltr' id='par_1_12' title="bbox 175 3462 1198 3532">
     <span class='ocr_line' id='line_1_30' title="bbox 175 3462 1198 3532; baseline -0.004 -16"><span class='ocrx_word' id='word_1_152' title='bbox 175 3464 334 3516; x_wconf 82' lang='lat' dir='ltr'><strong>then.</strong></span> <span class='ocrx_word' id='word_1_153' title='bbox 354 3495 434 3504; x_wconf 92' lang='lat'>-</span> <span class='ocrx_word' id='word_1_154' title='bbox 447 3464 561 3515; x_wconf 81' lang='lat' dir='ltr'><strong>Non</strong></span> <span class='ocrx_word' id='word_1_155' title='bbox 577 3467 623 3513; x_wconf 78' lang='lat' dir='ltr'><strong>si</strong></span> <span class='ocrx_word' id='word_1_156' title='bbox 640 3463 772 3513; x_wconf 65' lang='lat' dir='ltr'><strong>ulam</strong></span> <span class='ocrx_word' id='word_1_157' title='bbox 790 3462 957 3514; x_wconf 75' lang='lat' dir='ltr'><strong>forma</strong></span> <span class='ocrx_word' id='word_1_158' title='bbox 977 3462 1198 3532; x_wconf 89' lang='lat' dir='ltr'><strong>loquen-</strong></span> 
     </span>
    </p>
   </div>
   <div class='ocr_carea' id='block_1_10' title="bbox 170 3539 1195 4008">
    <p class='ocr_par' dir='ltr' id='par_1_13' title="bbox 170 3539 1195 4008">
     <span class='ocr_line' id='line_1_31' title="bbox 172 3539 1193 3605; baseline -0.005 -9"><span class='ocrx_word' id='word_1_159' title='bbox 172 3542 233 3596; x_wconf 85' lang='lat' dir='ltr'><strong>di</strong></span> <span class='ocrx_word' id='word_1_160' title='bbox 262 3540 649 3605; x_wconf 80' lang='lat' dir='ltr'><strong>vehementior,</strong></span> <span class='ocrx_word' id='word_1_161' title='bbox 673 3554 726 3594; x_wconf 89' lang='lat' dir='ltr'><strong>et</strong></span> <span class='ocrx_word' id='word_1_162' title='bbox 752 3543 884 3592; x_wconf 73' lang='lat' dir='ltr'><strong>illam</strong></span> <span class='ocrx_word' id='word_1_163' title='bbox 907 3540 1099 3594; x_wconf 77' lang='lat' dir='ltr'><strong>referas</strong></span> <span class='ocrx_word' id='word_1_164' title='bbox 1127 3539 1193 3592; x_wconf 88' lang='lat' dir='ltr'><strong>ad</strong></span> 
     </span>
     <span class='ocr_line' id='line_1_32' title="bbox 175 3619 1195 3687; baseline -0.005 -11"><span class='ocrx_word' id='word_1_165' title='bbox 175 3643 229 3676; x_wconf 77' lang='grc' dir='ltr'><strong>ν.</strong></span> <span class='ocrx_word' id='word_1_166' title='bbox 274 3640 301 3676; x_wconf 85' lang='grc' dir='ltr'><strong><em>ι</em></strong></span> <span class='ocrx_word' id='word_1_167' title='bbox 319 3661 336 3686; x_wconf 88' lang='grc'><em>,</em></span> <span class='ocrx_word' id='word_1_168' title='bbox 347 3624 548 3687; x_wconf 73' lang='lat' dir='ltr'><strong>saemina</strong></span> <span class='ocrx_word' id='word_1_169' title='bbox 578 3622 726 3673; x_wconf 70' lang='lat' dir='ltr'><strong>tulta.</strong></span> <span class='ocrx_word' id='word_1_170' title='bbox 764 3621 879 3674; x_wconf 80' lang='lat' dir='ltr'><strong>Hoc</strong></span> <span class='ocrx_word' id='word_1_171' title='bbox 909 3619 1195 3674; x_wconf 70' lang='lat' dir='ltr'><strong>asserendae</strong></span> 
     </span>
     <span class='ocr_line' id='line_1_33' title="bbox 171 3700 1195 3771; baseline -0.003 -17"><span class='ocrx_word' id='word_1_172' title='bbox 171 3701 455 3755; x_wconf 68' lang='lat' dir='ltr'><strong>sententio</strong></span> <span class='ocrx_word' id='word_1_173' title='bbox 465 3717 627 3771; x_wconf 79' lang='lat' dir='ltr'><strong>genus</strong></span> <span class='ocrx_word' id='word_1_174' title='bbox 636 3701 690 3752; x_wconf 87' lang='lat' dir='ltr'><strong>in</strong></span> <span class='ocrx_word' id='word_1_175' title='bbox 699 3700 941 3771; x_wconf 86' lang='lat' dir='ltr'><strong>proxime</strong></span> <span class='ocrx_word' id='word_1_176' title='bbox 954 3700 1195 3769; x_wconf 76' lang='lat' dir='ltr'><strong>sequenti</strong></span> 
     </span>
     <span class='ocr_line' id='line_1_34' title="bbox 173 3779 1193 3849; baseline -0.005 -15"><span class='ocrx_word' id='word_1_177' title='bbox 173 3783 366 3834; x_wconf 75' lang='lat' dir='ltr'><strong>Car-m.</strong></span> <span class='ocrx_word' id='word_1_178' title='bbox 403 3798 454 3833; x_wconf 74' lang='grc' dir='ltr'><strong>ν.</strong></span> <span class='ocrx_word' id='word_1_179' title='bbox 490 3798 516 3830; x_wconf 75' lang='lat' dir='ltr'><strong>a</strong></span> <span class='ocrx_word' id='word_1_180' title='bbox 554 3779 664 3849; x_wconf 87' lang='lat' dir='ltr'><strong>ipse</strong></span> <span class='ocrx_word' id='word_1_181' title='bbox 702 3780 986 3849; x_wconf 83' lang='lat' dir='ltr'><strong>usurpavit.</strong></span> <span class='ocrx_word' id='word_1_182' title='bbox 1019 3780 1084 3830; x_wconf 89' lang='lat' dir='ltr'><strong>N.</strong></span> <span class='ocrx_word' id='word_1_183' title='bbox 1117 3811 1193 3820; x_wconf 92' lang='lat'>—</span> 
     </span>
     <span class='ocr_line' id='line_1_35' title="bbox 173 3858 1194 3927; baseline -0.005 -14"><span class='ocrx_word' id='word_1_184' title='bbox 173 3862 301 3913; x_wconf 77' lang='lat' dir='ltr'><strong>Noa</strong></span> <span class='ocrx_word' id='word_1_185' title='bbox 328 3860 477 3910; x_wconf 80' lang='lat' dir='ltr'><strong>ullam</strong></span> <span class='ocrx_word' id='word_1_186' title='bbox 502 3880 627 3909; x_wconf 78' lang='lat' dir='ltr'><strong>raroe</strong></span> <span class='ocrx_word' id='word_1_187' title='bbox 650 3864 813 3920; x_wconf 78' lang='lat' dir='ltr'><strong>vestis,</strong></span> <span class='ocrx_word' id='word_1_188' title='bbox 843 3858 1078 3927; x_wconf 83' lang='lat' dir='ltr'><strong>intelligo</strong></span> <span class='ocrx_word' id='word_1_189' title='bbox 1107 3878 1194 3908; x_wconf 82' lang='lat' dir='ltr'><strong>ve·</strong></span> 
     </span>
     <span class='ocr_line' id='line_1_36' title="bbox 170 3938 1193 4008; baseline -0.006 -15"><span class='ocrx_word' id='word_1_190' title='bbox 170 3954 318 3993; x_wconf 80' lang='lat' dir='ltr'><strong>stem</strong></span> <span class='ocrx_word' id='word_1_191' title='bbox 366 3938 746 4003; x_wconf 82' lang='lat' dir='ltr'><strong>tenuissimam,</strong></span> <span class='ocrx_word' id='word_1_192' title='bbox 793 3939 1193 4008; x_wconf 76' lang='lat' dir='ltr'><strong>bombycinam,</strong></span> 
     </span>
    </p>
   </div>
   <div class='ocr_carea' id='block_1_11' title="bbox 174 4016 1190 4160">
    <p class='ocr_par' dir='ltr' id='par_1_14' title="bbox 174 4016 1190 4160">
     <span class='ocr_line' id='line_1_37' title="bbox 174 4016 1189 4089; baseline -0.005 -17"><span class='ocrx_word' id='word_1_193' title='bbox 174 4038 378 4089; x_wconf 84' lang='lat' dir='ltr'><strong>nempe</strong></span> <span class='ocrx_word' id='word_1_194' title='bbox 418 4017 612 4080; x_wconf 77' lang='lat' dir='ltr'><strong>coam,</strong></span> <span class='ocrx_word' id='word_1_195' title='bbox 652 4032 742 4070; x_wconf 90' lang='lat' dir='ltr'><strong>aut</strong></span> <span class='ocrx_word' id='word_1_196' title='bbox 786 4020 1029 4070; x_wconf 81' lang='lat' dir='ltr'><strong>Sericatn.</strong></span> <span class='ocrx_word' id='word_1_197' title='bbox 1066 4016 1189 4068; x_wconf 82' lang='lat' dir='ltr'><strong>vid.</strong></span> 
     </span>
     <span class='ocr_line' id='line_1_38' title="bbox 177 4094 1190 4160; baseline -0.002 -11"><span class='ocrx_word' id='word_1_198' title='bbox 177 4101 415 4150; x_wconf 75' lang='lat' dir='ltr'><strong>Heinsius</strong></span> <span class='ocrx_word' id='word_1_199' title='bbox 441 4094 507 4149; x_wconf 84' lang='lat' dir='ltr'><strong>ad</strong></span> <span class='ocrx_word' id='word_1_200' title='bbox 538 4096 694 4149; x_wconf 87' lang='lat' dir='ltr'><strong>Ovid.</strong></span> <span class='ocrx_word' id='word_1_201' title='bbox 722 4100 899 4150; x_wconf 79' lang='lat' dir='ltr'><strong>Amor.</strong></span> <span class='ocrx_word' id='word_1_202' title='bbox 927 4100 981 4159; x_wconf 88' lang='grc' dir='ltr'><strong>Ι,</strong></span> <span class='ocrx_word' id='word_1_203' title='bbox 1010 4098 1070 4160; x_wconf 85' lang='grc'><strong>5,</strong></span> <span class='ocrx_word' id='word_1_204' title='bbox 1106 4098 1190 4149; x_wconf 85' lang='grc' dir='ltr'><strong>ι3.</strong></span> 
     </span>
    </p>
   </div>
   <div class='ocr_carea' id='block_1_12' title="bbox 1280 1867 2303 4167">
    <p class='ocr_par' dir='ltr' id='par_1_15' title="bbox 1280 1867 2303 3197">
     <span class='ocr_line' id='line_1_39' title="bbox 1290 1867 2301 1945; baseline -0.001 -18"><span class='ocrx_word' id='word_1_205' title='bbox 1290 1877 1443 1928; x_wconf 86' lang='lat' dir='ltr'><strong>Conf.</strong></span> <span class='ocrx_word' id='word_1_206' title='bbox 1465 1875 1717 1945; x_wconf 87' lang='lat' dir='ltr'><strong>Vulpius.</strong></span> <span class='ocrx_word' id='word_1_207' title='bbox 1755 1876 2092 1928; x_wconf 83' lang='lat' dir='ltr'><strong>Pertinebant</strong></span> <span class='ocrx_word' id='word_1_208' title='bbox 2117 1867 2301 1927; x_wconf 80' lang='lat' dir='ltr'><strong>&#39;autem</strong></span> 
     </span>
     <span class='ocr_line' id='line_1_40' title="bbox 1286 1955 2302 2026; baseline 0 -20"><span class='ocrx_word' id='word_1_209' title='bbox 1286 1955 1546 2026; x_wconf 83' lang='lat' dir='ltr'><strong>ejusmodi</strong></span> <span class='ocrx_word' id='word_1_210' title='bbox 1596 1968 1758 2006; x_wconf 84' lang='lat' dir='ltr'><strong>vestes</strong></span> <span class='ocrx_word' id='word_1_211' title='bbox 1819 1957 1956 2007; x_wconf 89' lang='lat' dir='ltr'><strong>inter</strong></span> <span class='ocrx_word' id='word_1_212' title='bbox 2008 1956 2302 2026; x_wconf 66' lang='lat' dir='ltr'><strong>precipua,</strong></span> 
     </span>
     <span class='ocr_line' id='line_1_41' title="bbox 1284 2034 2299 2104; baseline -0.001 -19"><span class='ocrx_word' id='word_1_213' title='bbox 1284 2053 1401 2104; x_wconf 66' lang='lat' dir='ltr'><strong>quae</strong></span> <span class='ocrx_word' id='word_1_214' title='bbox 1444 2035 1633 2104; x_wconf 86' lang='lat' dir='ltr'><strong>puellis</strong></span> <span class='ocrx_word' id='word_1_215' title='bbox 1664 2034 1846 2085; x_wconf 74' lang='lat' dir='ltr'><strong>offerri</strong></span> <span class='ocrx_word' id='word_1_216' title='bbox 1882 2035 2118 2086; x_wconf 88' lang='lat' dir='ltr'><strong>solebant</strong></span> <span class='ocrx_word' id='word_1_217' title='bbox 2137 2073 2152 2097; x_wconf 93' lang='lat'><strong>,</strong></span> <span class='ocrx_word' id='word_1_218' title='bbox 2183 2053 2299 2085; x_wconf 87' lang='lat' dir='ltr'><strong>mu-</strong></span> 
     </span>
     <span class='ocr_line' id='line_1_42' title="bbox 1285 2112 2295 2183; baseline 0 -19"><span class='ocrx_word' id='word_1_219' title='bbox 1285 2132 1426 2164; x_wconf 85' lang='lat' dir='ltr'><strong>nera.</strong></span> <span class='ocrx_word' id='word_1_220' title='bbox 1464 2112 1550 2164; x_wconf 89' lang='lat' dir='ltr'><strong>Sic</strong></span> <span class='ocrx_word' id='word_1_221' title='bbox 1563 2114 1813 2165; x_wconf 90' lang='lat' dir='ltr'><strong>Tibullus</strong></span> <span class='ocrx_word' id='word_1_222' title='bbox 1843 2116 1932 2175; x_wconf 90' lang='lat'><strong>11,</strong></span> <span class='ocrx_word' id='word_1_223' title='bbox 1960 2114 1989 2165; x_wconf 84' lang='lat'>3</span> <span class='ocrx_word' id='word_1_224' title='bbox 2009 2154 2023 2177; x_wconf 91' lang='lat'><strong>,</strong></span> <span class='ocrx_word' id='word_1_225' title='bbox 2056 2115 2126 2167; x_wconf 80' lang='lat'><strong>53</strong></span> <span class='ocrx_word' id='word_1_226' title='bbox 2151 2131 2295 2183; x_wconf 88' lang='lat' dir='ltr'><strong>seqq.</strong></span> 
     </span>
     <span class='ocr_line' id='line_1_43' title="bbox 1292 2190 2300 2255; baseline 0.002 -13"><span class='ocrx_word' id='word_1_227' title='bbox 1292 2218 1313 2238; x_wconf 76' lang='grc' dir='ltr'>ι</span> <span class='ocrx_word' id='word_1_228' title='bbox 1339 2194 1412 2244; x_wconf 89' lang='lat' dir='ltr'><strong>Ut</strong></span> <span class='ocrx_word' id='word_1_229' title='bbox 1454 2211 1568 2245; x_wconf 88' lang='lat' dir='ltr'><strong>mea</strong></span> <span class='ocrx_word' id='word_1_230' title='bbox 1614 2193 1819 2245; x_wconf 82' lang='lat' dir='ltr'><strong>luxuria</strong></span> <span class='ocrx_word' id='word_1_231' title='bbox 1862 2190 2094 2244; x_wconf 81' lang='lat' dir='ltr'><strong>Nemesis</strong></span> <span class='ocrx_word' id='word_1_232' title='bbox 2139 2191 2300 2255; x_wconf 87' lang='lat' dir='ltr'><strong>fluat,</strong></span> 
     </span>
     <span class='ocr_line' id='line_1_44' title="bbox 1287 2270 2303 2342; baseline -0.002 -19"><span class='ocrx_word' id='word_1_233' title='bbox 1287 2286 1446 2342; x_wconf 88' lang='lat' dir='ltr'><strong>utque</strong></span> <span class='ocrx_word' id='word_1_234' title='bbox 1465 2291 1558 2341; x_wconf 86' lang='lat' dir='ltr'><strong>per</strong></span> <span class='ocrx_word' id='word_1_235' title='bbox 1579 2274 1760 2324; x_wconf 86' lang='lat' dir='ltr'><strong>urbem</strong></span> <span class='ocrx_word' id='word_1_236' title='bbox 1783 2270 1996 2323; x_wconf 83' lang='lat' dir='ltr'><strong>lncedat</strong></span> <span class='ocrx_word' id='word_1_237' title='bbox 2011 2271 2161 2322; x_wconf 81' lang='lat' dir='ltr'><strong>donis</strong></span> <span class='ocrx_word' id='word_1_238' title='bbox 2180 2290 2303 2322; x_wconf 89' lang='lat' dir='ltr'><strong>con·</strong></span> 
     </span>
     <span class='ocr_line' id='line_1_45' title="bbox 1284 2350 2299 2421; baseline -0.002 -19"><span class='ocrx_word' id='word_1_239' title='bbox 1284 2350 1553 2420; x_wconf 83' lang='lat' dir='ltr'><strong>spicienda</strong></span> <span class='ocrx_word' id='word_1_240' title='bbox 1579 2353 1724 2404; x_wconf 85' lang='lat' dir='ltr'><strong>meis.</strong></span> <span class='ocrx_word' id='word_1_241' title='bbox 1758 2352 1851 2402; x_wconf 88' lang='lat' dir='ltr'><strong>Illa</strong></span> <span class='ocrx_word' id='word_1_242' title='bbox 1878 2364 2021 2421; x_wconf 84' lang='lat' dir='ltr'><strong>gerat</strong></span> <span class='ocrx_word' id='word_1_243' title='bbox 2051 2363 2203 2401; x_wconf 72' lang='lat' dir='ltr'><strong>vestes</strong></span> <span class='ocrx_word' id='word_1_244' title='bbox 2230 2364 2299 2400; x_wconf 78' lang='lat' dir='ltr'><strong>te-</strong></span> 
     </span>
     <span class='ocr_line' id='line_1_46' title="bbox 1283 2430 2298 2502; baseline -0.002 -20"><span class='ocrx_word' id='word_1_245' title='bbox 1283 2451 1423 2495; x_wconf 77' lang='lat' dir='ltr'><strong>nues,</strong></span> <span class='ocrx_word' id='word_1_246' title='bbox 1449 2450 1578 2502; x_wconf 86' lang='lat' dir='ltr'><strong>quas</strong></span> <span class='ocrx_word' id='word_1_247' title='bbox 1604 2432 1813 2483; x_wconf 82' lang='lat' dir='ltr'><strong>foemina</strong></span> <span class='ocrx_word' id='word_1_248' title='bbox 1842 2432 1948 2484; x_wconf 87' lang='lat' dir='ltr'><strong>Coa</strong></span> <span class='ocrx_word' id='word_1_249' title='bbox 1972 2430 2184 2493; x_wconf 82' lang='lat' dir='ltr'><strong>Texuit,</strong></span> <span class='ocrx_word' id='word_1_250' title='bbox 2206 2449 2298 2481; x_wconf 87' lang='lat' dir='ltr'><strong>au-</strong></span> 
     </span>
     <span class='ocr_line' id='line_1_47' title="bbox 1287 2510 2295 2582; baseline -0.002 -20"><span class='ocrx_word' id='word_1_251' title='bbox 1287 2524 1419 2563; x_wconf 86' lang='lat' dir='ltr'><strong>ratas</strong></span> <span class='ocrx_word' id='word_1_252' title='bbox 1455 2510 1818 2582; x_wconf 86' lang='lat' dir='ltr'><strong>disposuitque</strong></span> <span class='ocrx_word' id='word_1_253' title='bbox 1859 2514 1985 2564; x_wconf 87' lang='lat' dir='ltr'><strong>vias.</strong></span> <span class='ocrx_word' id='word_1_254' title='bbox 2011 2537 2030 2555; x_wconf 82' lang='lat'><strong>»</strong></span> <span class='ocrx_word' id='word_1_255' title='bbox 2085 2511 2189 2562; x_wconf 91' lang='lat' dir='ltr'><strong>Ubi</strong></span> <span class='ocrx_word' id='word_1_256' title='bbox 2227 2512 2295 2561; x_wconf 84' lang='lat' dir='ltr'><strong>cf.</strong></span> 
     </span>
     <span class='ocr_line' id='line_1_48' title="bbox 1284 2588 2293 2662; baseline -0.002 -21"><span class='ocrx_word' id='word_1_257' title='bbox 1284 2592 1487 2662; x_wconf 54' lang='lat' dir='ltr'><strong>Herum</strong></span> <span class='ocrx_word' id='word_1_258' title='bbox 1526 2606 1660 2642; x_wconf 88' lang='lat' dir='ltr'><strong>nost.</strong></span> <span class='ocrx_word' id='word_1_259' title='bbox 1695 2591 1826 2643; x_wconf 88' lang='lat' dir='ltr'><strong>edit.</strong></span> <span class='ocrx_word' id='word_1_260' title='bbox 1866 2611 1981 2662; x_wconf 85' lang='lat' dir='ltr'><strong>pag.</strong></span> <span class='ocrx_word' id='word_1_261' title='bbox 2029 2594 2153 2651; x_wconf 74' lang='lat'><strong>146.</strong></span> <span class='ocrx_word' id='word_1_262' title='bbox 2195 2588 2293 2640; x_wconf 84' lang='lat' dir='ltr'><strong>Ed.</strong></span> 
     </span>
     <span class='ocr_line' id='line_1_49' title="bbox 1282 2671 2297 2734; baseline -0.002 -13"><span class='ocrx_word' id='word_1_263' title='bbox 1282 2702 1361 2712; x_wconf 89' lang='lat'><strong>—-</strong></span> <span class='ocrx_word' id='word_1_264' title='bbox 1413 2671 1719 2734; x_wconf 65' lang='lat' dir='ltr'><strong>labefactes,</strong></span> <span class='ocrx_word' id='word_1_265' title='bbox 1770 2671 1822 2721; x_wconf 90' lang='lat' dir='ltr'><strong>in</strong></span> <span class='ocrx_word' id='word_1_266' title='bbox 1869 2688 2098 2722; x_wconf 84' lang='lat' dir='ltr'><strong>amorem</strong></span> <span class='ocrx_word' id='word_1_267' title='bbox 2145 2682 2297 2720; x_wconf 87' lang='lat' dir='ltr'><strong>tuum</strong></span> 
     </span>
     <span class='ocr_line' id='line_1_50' title="bbox 1283 2746 2297 2819; baseline 0 -20"><span class='ocrx_word' id='word_1_268' title='bbox 1283 2746 1532 2813; x_wconf 86' lang='lat' dir='ltr'><strong>inducas,</strong></span> <span class='ocrx_word' id='word_1_269' title='bbox 1571 2750 1773 2819; x_wconf 82' lang='lat' dir='ltr'><strong>capias;</strong></span> <span class='ocrx_word' id='word_1_270' title='bbox 1804 2751 2083 2817; x_wconf 76' lang='lat' dir='ltr'><strong>labefactari</strong></span> <span class='ocrx_word' id='word_1_271' title='bbox 2108 2747 2297 2800; x_wconf 88' lang='lat' dir='ltr'><strong>dicun·</strong></span> 
     </span>
     <span class='ocr_line' id='line_1_51' title="bbox 1284 2828 2297 2899; baseline -0.002 -20"><span class='ocrx_word' id='word_1_272' title='bbox 1284 2841 1402 2893; x_wconf 84' lang='lat' dir='ltr'><strong>tur,</strong></span> <span class='ocrx_word' id='word_1_273' title='bbox 1441 2830 1532 2898; x_wconf 86' lang='lat' dir='ltr'><strong>qui</strong></span> <span class='ocrx_word' id='word_1_274' title='bbox 1579 2830 1774 2881; x_wconf 87' lang='lat' dir='ltr'><strong>crebris</strong></span> <span class='ocrx_word' id='word_1_275' title='bbox 1813 2830 1892 2879; x_wconf 86' lang='lat' dir='ltr'><strong>vel</strong></span> <span class='ocrx_word' id='word_1_276' title='bbox 1934 2829 2177 2899; x_wconf 84' lang='lat' dir='ltr'><strong>precibus</strong></span> <span class='ocrx_word' id='word_1_277' title='bbox 2216 2828 2297 2878; x_wconf 80' lang='lat' dir='ltr'><strong>vel</strong></span> 
     </span>
     <span class='ocr_line' id='line_1_52' title="bbox 1281 2906 2298 2960; baseline -0.003 -2"><span class='ocrx_word' id='word_1_278' title='bbox 1281 2909 1597 2960; x_wconf 83' lang='lat' dir='ltr'><strong>muneribus</strong></span> <span class='ocrx_word' id='word_1_279' title='bbox 1641 2909 1719 2959; x_wconf 83' lang='lat' dir='ltr'><strong>vel</strong></span> <span class='ocrx_word' id='word_1_280' title='bbox 1769 2908 1881 2959; x_wconf 80' lang='lat' dir='ltr'><strong>aliis</strong></span> <span class='ocrx_word' id='word_1_281' title='bbox 1926 2909 2124 2959; x_wconf 82' lang='lat' dir='ltr'><strong>artibus</strong></span> <span class='ocrx_word' id='word_1_282' title='bbox 2170 2906 2298 2957; x_wconf 77' lang='lat' dir='ltr'><strong>victi</strong></span> 
     </span>
     <span class='ocr_line' id='line_1_53' title="bbox 1282 2985 2293 3038; baseline 0 -2"><span class='ocrx_word' id='word_1_283' title='bbox 1282 2985 1491 3038; x_wconf 87' lang='lat' dir='ltr'><strong>tandem</strong></span> <span class='ocrx_word' id='word_1_284' title='bbox 1533 2987 1680 3037; x_wconf 81' lang='lat' dir='ltr'><strong>alteri</strong></span> <span class='ocrx_word' id='word_1_285' title='bbox 1711 2986 1925 3038; x_wconf 89' lang='lat' dir='ltr'><strong>cedunt.</strong></span> <span class='ocrx_word' id='word_1_286' title='bbox 1966 2989 2052 3036; x_wconf 82' lang='lat' dir='ltr'><strong>Sic</strong></span> <span class='ocrx_word' id='word_1_287' title='bbox 2081 2988 2293 3037; x_wconf 90' lang='lat' dir='ltr'><strong>Terent.</strong></span> 
     </span>
     <span class='ocr_line' id='line_1_54' title="bbox 1280 3063 2296 3126; baseline -0.003 -9"><span class='ocrx_word' id='word_1_288' title='bbox 1280 3066 1522 3117; x_wconf 89' lang='lat' dir='ltr'><strong>Eunuch.</strong></span> <span class='ocrx_word' id='word_1_289' title='bbox 1548 3066 1652 3121; x_wconf 89' lang='lat'>111,</span> <span class='ocrx_word' id='word_1_290' title='bbox 1685 3067 1744 3126; x_wconf 88' lang='grc'><strong>3,</strong></span> <span class='ocrx_word' id='word_1_291' title='bbox 1775 3065 1804 3115; x_wconf 86' lang='grc'>3</span> <span class='ocrx_word' id='word_1_292' title='bbox 1839 3085 1851 3117; x_wconf 89' lang='lat'><strong>:</strong></span> <span class='ocrx_word' id='word_1_293' title='bbox 1889 3094 1907 3111; x_wconf 86' lang='lat'>·</span> <span class='ocrx_word' id='word_1_294' title='bbox 1932 3068 2010 3116; x_wconf 86' lang='lat' dir='ltr'><strong>Ita</strong></span> <span class='ocrx_word' id='word_1_295' title='bbox 2041 3084 2123 3116; x_wconf 85' lang='lat' dir='ltr'><strong>tue</strong></span> <span class='ocrx_word' id='word_1_296' title='bbox 2142 3063 2296 3115; x_wconf 84' lang='lat' dir='ltr'><strong>video</strong></span> 
     </span>
     <span class='ocr_line' id='line_1_55' title="bbox 1282 3145 2089 3197; baseline -0.001 0"><span class='ocrx_word' id='word_1_297' title='bbox 1282 3147 1346 3197; x_wconf 87' lang='lat' dir='ltr'><strong>ab</strong></span> <span class='ocrx_word' id='word_1_298' title='bbox 1377 3162 1435 3195; x_wconf 90' lang='lat' dir='ltr'><strong>ea</strong></span> <span class='ocrx_word' id='word_1_299' title='bbox 1469 3156 1636 3196; x_wconf 87' lang='lat' dir='ltr'><strong>astute</strong></span> <span class='ocrx_word' id='word_1_300' title='bbox 1672 3145 2042 3196; x_wconf 74' lang='lat' dir='ltr'><strong>labefactarier.</strong></span> <span class='ocrx_word' id='word_1_301' title='bbox 2069 3172 2089 3189; x_wconf 73' lang='grc' dir='ltr'>υ</span> 
     </span>
    </p>

    <p class='ocr_par' dir='ltr' id='par_1_16' title="bbox 1284 3224 2296 3534">
     <span class='ocr_line' id='line_1_56' title="bbox 1366 3224 2294 3293; baseline -0.002 -18"><span class='ocrx_word' id='word_1_302' title='bbox 1366 3230 1417 3285; x_wconf 70' lang='grc'><strong>4.</strong></span> <span class='ocrx_word' id='word_1_303' title='bbox 1442 3224 1669 3291; x_wconf 80' lang='lat' dir='ltr'><strong>Lapidis,</strong></span> <span class='ocrx_word' id='word_1_304' title='bbox 1695 3224 1906 3277; x_wconf 87' lang='lat' dir='ltr'><strong>unionis</strong></span> <span class='ocrx_word' id='word_1_305' title='bbox 1927 3262 1943 3287; x_wconf 87' lang='lat'><strong>,</strong></span> <span class='ocrx_word' id='word_1_306' title='bbox 1962 3241 2194 3293; x_wconf 79' lang='lat' dir='ltr'><strong>gemmae.</strong></span> <span class='ocrx_word' id='word_1_307' title='bbox 2218 3254 2294 3263; x_wconf 89' lang='lat'>—</span> 
     </span>
     <span class='ocr_line' id='line_1_57' title="bbox 1284 3302 2296 3372; baseline 0 -21"><span class='ocrx_word' id='word_1_308' title='bbox 1284 3302 1408 3355; x_wconf 85' lang='lat' dir='ltr'><strong>Vid.</strong></span> <span class='ocrx_word' id='word_1_309' title='bbox 1451 3303 1745 3355; x_wconf 77' lang='lat' dir='ltr'><strong>Broucklaus.</strong></span> <span class='ocrx_word' id='word_1_310' title='bbox 1792 3304 1858 3355; x_wconf 88' lang='lat' dir='ltr'><strong>ad</strong></span> <span class='ocrx_word' id='word_1_311' title='bbox 1905 3304 2100 3355; x_wconf 87' lang='lat' dir='ltr'><strong>Tibull.</strong></span> <span class='ocrx_word' id='word_1_312' title='bbox 2141 3302 2194 3365; x_wconf 91' lang='lat'><strong>1,</strong></span> <span class='ocrx_word' id='word_1_313' title='bbox 2234 3323 2296 3372; x_wconf 83' lang='lat'><strong>9,</strong></span> 
     </span>
     <span class='ocr_line' id='line_1_58' title="bbox 1289 3381 2293 3452; baseline -0.002 -17"><span class='ocrx_word' id='word_1_314' title='bbox 1289 3383 1393 3452; x_wconf 83' lang='grc'><strong>39,</strong></span> <span class='ocrx_word' id='word_1_315' title='bbox 1426 3396 1481 3435; x_wconf 85' lang='lat' dir='ltr'><strong>et</strong></span> <span class='ocrx_word' id='word_1_316' title='bbox 1516 3384 1727 3434; x_wconf 70' lang='lat' dir='ltr'><strong>Dor-ville</strong></span> <span class='ocrx_word' id='word_1_317' title='bbox 1757 3381 1823 3435; x_wconf 86' lang='lat' dir='ltr'><strong>ad</strong></span> <span class='ocrx_word' id='word_1_318' title='bbox 1855 3384 2130 3437; x_wconf 84' lang='lat' dir='ltr'><strong>Chariton.</strong></span> <span class='ocrx_word' id='word_1_319' title='bbox 2175 3400 2293 3451; x_wconf 83' lang='lat' dir='ltr'><strong>pag.</strong></span> 
     </span>
     <span class='ocr_line' id='line_1_59' title="bbox 1291 3458 1977 3534; baseline 0.001 -19"><span class='ocrx_word' id='word_1_320' title='bbox 1291 3464 1395 3516; x_wconf 82' lang='lat'><strong>531</strong></span> <span class='ocrx_word' id='word_1_321' title='bbox 1419 3500 1435 3527; x_wconf 87' lang='lat'>‚</span> <span class='ocrx_word' id='word_1_322' title='bbox 1473 3463 1603 3515; x_wconf 80' lang='lat'><strong>532.</strong></span> <span class='ocrx_word' id='word_1_323' title='bbox 1636 3458 1780 3523; x_wconf 88' lang='lat' dir='ltr'><strong>(edit.</strong></span> <span class='ocrx_word' id='word_1_324' title='bbox 1807 3459 1977 3534; x_wconf 88' lang='lat' dir='ltr'><strong>Lips.)</strong></span> 
     </span>
    </p>

    <p class='ocr_par' dir='ltr' id='par_1_17' title="bbox 1282 3542 2298 4008">
     <span class='ocr_line' id='line_1_60' title="bbox 1367 3542 2293 3615; baseline -0.003 -21"><span class='ocrx_word' id='word_1_325' title='bbox 1367 3543 1421 3595; x_wconf 87' lang='lat'><strong>5.</strong></span> <span class='ocrx_word' id='word_1_326' title='bbox 1449 3543 1609 3593; x_wconf 74' lang='lat' dir='ltr'><strong>Loedit</strong></span> <span class='ocrx_word' id='word_1_327' title='bbox 1637 3555 1681 3592; x_wconf 78' lang='lat' dir='ltr'><strong>te</strong></span> <span class='ocrx_word' id='word_1_328' title='bbox 1706 3544 1924 3615; x_wconf 79' lang='lat' dir='ltr'><strong>quoedam</strong></span> <span class='ocrx_word' id='word_1_329' title='bbox 1956 3544 2083 3594; x_wconf 66' lang='lat' dir='ltr'><strong>&#39;nula</strong></span> <span class='ocrx_word' id='word_1_330' title='bbox 2094 3542 2293 3611; x_wconf 77' lang='lat' dir='ltr'><strong>sabula,</strong></span> 
     </span>
     <span class='ocr_line' id='line_1_61' title="bbox 1291 3620 2296 3692; baseline -0.002 -19"><span class='ocrx_word' id='word_1_331' title='bbox 1291 3636 1476 3673; x_wconf 87' lang='lat' dir='ltr'><strong>·nocet</strong></span> <span class='ocrx_word' id='word_1_332' title='bbox 1503 3622 1598 3672; x_wconf 90' lang='lat' dir='ltr'><strong>tibi</strong></span> <span class='ocrx_word' id='word_1_333' title='bbox 1626 3621 1679 3672; x_wconf 90' lang='lat' dir='ltr'><strong>in</strong></span> <span class='ocrx_word' id='word_1_334' title='bbox 1706 3622 1802 3676; x_wconf 84' lang='lat' dir='ltr'><strong>hac</strong></span> <span class='ocrx_word' id='word_1_335' title='bbox 1825 3642 1881 3675; x_wconf 89' lang='lat' dir='ltr'><strong>re</strong></span> <span class='ocrx_word' id='word_1_336' title='bbox 1908 3624 2038 3674; x_wconf 83' lang='lat' dir='ltr'><strong>mala</strong></span> <span class='ocrx_word' id='word_1_337' title='bbox 2058 3620 2296 3692; x_wconf 79' lang='lat' dir='ltr'><strong>quaedam</strong></span> 
     </span>
     <span class='ocr_line' id='line_1_62' title="bbox 1283 3699 2297 3771; baseline -0.003 -19"><span class='ocrx_word' id='word_1_338' title='bbox 1283 3703 1437 3762; x_wconf 78' lang='lat' dir='ltr'><strong>fama,</strong></span> <span class='ocrx_word' id='word_1_339' title='bbox 1466 3700 1633 3753; x_wconf 86' lang='lat' dir='ltr'><strong>malus</strong></span> <span class='ocrx_word' id='word_1_340' title='bbox 1658 3701 1872 3771; x_wconf 87' lang='lat' dir='ltr'><strong>quidam</strong></span> <span class='ocrx_word' id='word_1_341' title='bbox 1900 3717 1951 3754; x_wconf 89' lang='lat' dir='ltr'><strong>et</strong></span> <span class='ocrx_word' id='word_1_342' title='bbox 1976 3700 2144 3753; x_wconf 76' lang='lat' dir='ltr'><strong>soedus</strong></span> <span class='ocrx_word' id='word_1_343' title='bbox 2160 3699 2227 3750; x_wconf 87' lang='lat' dir='ltr'><strong>dc</strong></span> <span class='ocrx_word' id='word_1_344' title='bbox 2248 3712 2297 3749; x_wconf 87' lang='lat' dir='ltr'><strong>te</strong></span> 
     </span>
     <span class='ocr_line' id='line_1_63' title="bbox 1282 3778 2298 3849; baseline -0.003 -18"><span class='ocrx_word' id='word_1_345' title='bbox 1282 3778 1552 3849; x_wconf 79' lang='lat' dir='ltr'><strong>dispersus</strong></span> <span class='ocrx_word' id='word_1_346' title='bbox 1594 3800 1794 3833; x_wconf 85' lang='lat' dir='ltr'><strong>rumor.</strong></span> <span class='ocrx_word' id='word_1_347' title='bbox 1822 3809 1839 3827; x_wconf 90' lang='lat'><em>-</em></span> <span class='ocrx_word' id='word_1_348' title='bbox 1890 3815 1964 3822; x_wconf 90' lang='lat'><strong>-—-</strong></span> <span class='ocrx_word' id='word_1_349' title='bbox 2007 3783 2068 3831; x_wconf 79' lang='lat' dir='ltr'><strong>A.</strong></span> <span class='ocrx_word' id='word_1_350' title='bbox 2102 3779 2298 3831; x_wconf 84' lang='lat' dir='ltr'><strong>Statius</strong></span> 
     </span>
     <span class='ocr_line' id='line_1_64' title="bbox 1297 3857 2294 3928; baseline 0 -19"><span class='ocrx_word' id='word_1_351' title='bbox 1297 3877 1482 3927; x_wconf 80' lang='lat' dir='ltr'><strong>parum</strong></span> <span class='ocrx_word' id='word_1_352' title='bbox 1515 3858 1580 3910; x_wconf 81' lang='lat' dir='ltr'><strong>ad</strong></span> <span class='ocrx_word' id='word_1_353' title='bbox 1607 3880 1718 3912; x_wconf 72' lang='lat' dir='ltr'><strong>rein</strong></span> <span class='ocrx_word' id='word_1_354' title='bbox 1754 3871 2023 3928; x_wconf 84' lang='lat' dir='ltr'><strong>comparat</strong></span> <span class='ocrx_word' id='word_1_355' title='bbox 2052 3857 2294 3927; x_wconf 85' lang='lat' dir='ltr'><strong>Euripid.</strong></span> 
     </span>
     <span class='ocr_line' id='line_1_65' title="bbox 1284 3938 2293 4008; baseline 0 -20"><span class='ocrx_word' id='word_1_356' title='bbox 1284 3938 1508 4007; x_wconf 81' lang='lat' dir='ltr'><strong>llippol.</strong></span> <span class='ocrx_word' id='word_1_357' title='bbox 1543 3958 1590 3989; x_wconf 85' lang='lat' dir='ltr'><strong>v.</strong></span> <span class='ocrx_word' id='word_1_358' title='bbox 1636 3940 1778 3992; x_wconf 82' lang='lat'>1313</span> <span class='ocrx_word' id='word_1_359' title='bbox 1807 3959 1819 3989; x_wconf 90' lang='lat'>:</span> <span class='ocrx_word' id='word_1_360' title='bbox 1849 3940 2021 3990; x_wconf 72' lang='grc' dir='ltr'>Δάκνει</span> <span class='ocrx_word' id='word_1_361' title='bbox 2046 3960 2100 3991; x_wconf 79' lang='grc' dir='ltr'><strong>σι</strong></span> <span class='ocrx_word' id='word_1_362' title='bbox 2130 3944 2293 4008; x_wconf 76' lang='grc' dir='ltr'>μῦθος.</span> 
     </span>
    </p>

    <p class='ocr_par' dir='ltr' id='par_1_18' title="bbox 1284 4018 2295 4167">
     <span class='ocr_line' id='line_1_66' title="bbox 1362 4018 2295 4080; baseline -0.002 -11"><span class='ocrx_word' id='word_1_363' title='bbox 1362 4026 1412 4069; x_wconf 84' lang='grc'><strong>6.</strong></span> <span class='ocrx_word' id='word_1_364' title='bbox 1454 4018 1599 4067; x_wconf 77' lang='lat' dir='ltr'><strong>Valle</strong></span> <span class='ocrx_word' id='word_1_365' title='bbox 1641 4021 1724 4069; x_wconf 82' lang='lat' dir='ltr'><strong>sub</strong></span> <span class='ocrx_word' id='word_1_366' title='bbox 1758 4020 1975 4080; x_wconf 78' lang='lat' dir='ltr'><strong>alarum,</strong></span> <span class='ocrx_word' id='word_1_367' title='bbox 2015 4031 2197 4070; x_wconf 84' lang='lat' dir='ltr'><strong>ornate</strong></span> <span class='ocrx_word' id='word_1_368' title='bbox 2246 4030 2295 4068; x_wconf 85' lang='lat' dir='ltr'><strong>et</strong></span> 
     </span>
     <span class='ocr_line' id='line_1_67' title="bbox 1284 4097 2286 4167; baseline -0.001 -19"><span class='ocrx_word' id='word_1_369' title='bbox 1284 4099 1546 4166; x_wconf 81' lang='lat' dir='ltr'><strong>eleganter</strong></span> <span class='ocrx_word' id='word_1_370' title='bbox 1593 4118 1688 4167; x_wconf 84' lang='lat' dir='ltr'><strong>pro</strong></span> <span class='ocrx_word' id='word_1_371' title='bbox 1749 4122 1767 4138; x_wconf 85' lang='lat'><strong>··</strong></span> <span class='ocrx_word' id='word_1_372' title='bbox 1797 4098 1894 4150; x_wconf 85' lang='lat' dir='ltr'><strong>sub</strong></span> <span class='ocrx_word' id='word_1_373' title='bbox 1937 4098 2076 4150; x_wconf 82' lang='lat' dir='ltr'><strong>cavis</strong></span> <span class='ocrx_word' id='word_1_374' title='bbox 2127 4097 2235 4149; x_wconf 84' lang='lat' dir='ltr'><strong>alis.</strong></span> <span class='ocrx_word' id='word_1_375' title='bbox 2267 4124 2286 4140; x_wconf 77' lang='lat'><strong>›-</strong></span> 
     </span>
    </p>
   </div>
  </div>
 </body>
</html>
