2986 4935
671 441 813 513 136

1188 448 1264 515 C.
1305 450 1741 518 VALERII
1800 452 2261 520 CATULLI

978 578 1118 646 Nec
1153 577 1327 647 bello
1361 580 1563 673 pede,
1598 607 1721 649 nec
1754 585 1955 677 nigris
1986 582 2244 667 ocelliS‚

977 684 1121 753 Nec
1160 684 1373 780 longis
1409 687 1665 781 digitis,
1705 713 1829 756 nec
1860 714 1977 757 ore
2011 691 2221 774 sicc0‚

978 790 1119 860 Nec
1164 818 1320 860 sane
1355 795 1549 861 nimis
1589 793 1887 888 elegante
1925 795 2185 889 lingua,

973 900 1367 967 Decoctoris
1402 902 1613 968 amica
1653 902 2000 970 Formiani.

969 1002 1130 1071 Ten'
1165 1007 1505 1098 provincia
1543 1023 1768 1076 narrat
1801 1033 1940 1076 esse
1970 1005 2254 1076 bellam?

971 1113 1217 1179 Tecum
1264 1113 1500 1180 Lesbia
1547 1129 1769 1182 nostra
1808 1112 2277 1207 comparatur?

974 1219 1037 1284 Ο
1075 1217 1322 1286 seclum
1362 1220 1673 1313 insipiens
1709 1236 1776 1289 et
1813 1218 2184 1289 inficetum!

655 1425 916 1495 probante
945 1423 1125 1476 Heius.
1157 1426 1209 1476 in
1241 1438 1353 1479 not.
1379 1424 1444 1477 ad
1477 1426 1672 1479 Catull.

658 1504 782 1556 Fuit
812 1505 909 1555 iste
938 1523 1121 1568 nasuS,
1149 1524 1306 1575 quem
1338 1524 1447 1577 prae
1478 1525 1531 1558 se
1556 1508 1678 1559 tulit

653 1587 903 1638 meretrix
926 1624 940 1649 ,
1000 1586 1258 1654 turpiculus
1276 1626 1289 1648 ,
1353 1599 1412 1637 ut
1458 1598 1679 1638 vocatur

656 1667 833 1718 Carm.
865 1665 992 1716 XLI
1009 1705 1024 1729 ,
1053 1665 1081 1715 3
1099 1703 1112 1727 ,
1143 1666 1252 1715 sive
1276 1666 1435 1717 fuerit
1476 1686 1560 1715 nec
1586 1671 1675 1717 mi·

653 1748 809 1797 nimus
837 1746 891 1797 h.
922 1766 966 1797 e.
994 1757 1187 1815 praeter
1216 1744 1435 1796 modum
1463 1745 1676 1816 grandis

656 1838 708 1878 et
738 1845 1019 1895 expansus,
1051 1825 1159 1876 sive
1184 1845 1267 1875 nec
1290 1829 1460 1876 nimius
1484 1837 1675 1895 praeter

654 1903 877 1957 modum
906 1924 1100 1975 parvus
1130 1919 1182 1958 et
1213 1903 1503 1975 depressus,
1538 1906 1674 1956 Vos·

655 1985 762 2036 sius
784 2005 867 2036 nec
898 1989 1087 2036 minimo
1118 2004 1234 2035 naso
1264 1985 1488 2037 ridicule
1515 1986 1678 2036 inter-

656 2078 927 2136 pretatur,
971 2070 1109 2137 quasi
1138 2066 1260 2115 nihil
1280 2067 1428 2136 plane
1459 2070 1569 2117 nasi
1598 2066 1682 2117 ha-

657 2146 809 2198 buerit
832 2146 1013 2214 puella.

744 2246 793 2278 2.
834 2225 938 2277 Nec
977 2226 1098 2275 bello
1126 2226 1248 2294 pede
1271 2267 1284 2287 ‚
1330 2223 1473 2277 haud
1516 2224 1679 2277 dubie

659 2304 819 2357 nimis
863 2306 1009 2373 largo
1055 2316 1106 2355 et
1147 2306 1413 2374 spatios03
1460 2324 1579 2355 narn
1624 2306 1679 2355 in

657 2383 814 2436 laude
860 2385 961 2435 fuit
995 2404 1080 2453 pes
1112 2389 1334 2452 exignus,
1373 2384 1532 2437 Ovid.
1564 2388 1677 2437 Art.

657 2467 780 2516 Am.
804 2466 857 2527 I,
882 2463 1014 2527 623,
1037 2476 1086 2515 et
1111 2466 1292 2516 Amor.
1316 2465 1425 2523 ΙΙΙ,
1455 2466 1508 2529 3,
1535 2485 1679 2535 7.—

657 2547 764 2598 Nec
782 2547 932 2612 nigris
952 2544 1112 2595 ocellis
1127 2564 1144 2594 .·
1164 2544 1304 2614 apud
1325 2556 1525 2595 veteres
1546 2565 1679 2616 quo-

658 2644 762 2696 quc
793 2643 910 2693 pars
939 2622 1351 2693 pulchritudinis
1385 2627 1679 2694 ponebatur

660 2705 716 2756 in
752 2704 915 2773 nigris
946 2703 1140 2763 oculis,
1175 2704 1417 2773 Propert.
1462 2705 1547 2767 II,
1589 2724 1677 2768 12,

663 2785 751 2837 23.
795 2785 875 2835 Cf.
918 2783 1085 2834 Faber
1121 2781 1187 2834 ad
1218 2787 1536 2836 Anacre‹.›ut.
1560 2782 1676 2859 ‘Od.

657 2864 935 2925 XXVIII,
959 2882 1013 2932 7,
1041 2875 1092 2914 et
1119 2864 1364 2916 Lambin.
1397 2863 1463 2915 ad
1493 2864 1677 2916 Horat.

656 2942 764 2995 Od.
798 2944 854 3007 1,
887 2943 978 3006 32,
1013 2961 1096 2994 11.

741 3023 793 3075 3.
825 3023 926 3077 Nec
950 3023 1107 3092 longis
1123 3023 1289 3093 digitis
1305 3043 1324 3075 :
1346 3024 1414 3078 cf.
1436 3025 1676 3095 Propert.

1764 1428 1844 1487 11,
1876 1447 1902 1478 2
1919 1465 1934 1490 ,
1959 1426 1989 1479 5
2008 1467 2022 1489 ,
2049 1439 2101 1479 et
2123 1426 2197 1479 ibi
2216 1424 2801 1479 Passeratium.—-Nec

1764 1527 1845 1558 ore
1864 1510 2008 1567 sicco,
2040 1526 2105 1558 ex
2133 1526 2239 1576 quo
2272 1507 2442 1558 salivae
2468 1506 2616 1575 quasi
2646 1508 2798 1558 rivu-

1765 1587 1846 1638 lus
1877 1599 2137 1657 perpetuo
2154 1598 2314 1638 rorat.
2337 1617 2419 1628 —
2438 1586 2515 1636 Ita
2534 1586 2644 1637 fere
2668 1588 2795 1638 Aul.

1773 1665 1908 1718 Gell.
1940 1667 1968 1716 1
1987 1703 2002 1725 ,
2038 1666 2101 1718 15
2140 1683 2153 1717 :
2201 1692 2222 1712 ι
2247 1665 2440 1716 Verbis
2472 1664 2711 1718 humidis
2743 1682 2798 1720 et

1770 1745 2094 1817 lapsantibus
2121 1743 2389 1798 diffluunt.
2415 1744 2485 1797 N.

1854 1831 1906 1888 4.
1953 1826 2057 1877 Nec
2088 1845 2203 1877 sane
2234 1829 2350 1878 m‘m.
2386 1825 2512 1894 eleg.
2548 1826 2672 1895 ling.
2710 1825 2800 1877 in-

1767 1906 1954 1957 nuitur
1984 1906 2200 1957 fortasse
2245 1904 2536 1958 meretricis
2573 1905 2803 1958 infantia

1769 1985 1850 2036 vel
1893 1984 2145 2057 loquendi
2176 1986 2466 2048 rusticitas,
2501 1985 2584 2036 vel
2618 1985 2799 2055 ingra-

1769 2076 1836 2116 tae
1869 2066 2011 2116 vocis
2055 2066 2319 2135 asperitas.
2357 2097 2437 2108 —
2472 2063 2686 2130 Potius,
2712 2065 2798 2117 lo·

1771 2143 1967 2216 quendi
1995 2145 2339 2215 inelegantia‚
2368 2158 2428 2197 ut
2469 2144 2572 2196 fert
2604 2144 2796 2214 lingua.

1767 2226 2033 2278 Caeterum
2068 2225 2246 2276 multae
2282 2224 2582 2277 meretrices
2623 2222 2800 2277 docto

1767 2306 1995 2357 fuerunt.
2028 2299 2097 2355 N.

1850 2384 1900 2436 5.
1937 2383 2020 2435 Cf.
2054 2382 2121 2437 ad
2150 2384 2328 2437 Carm.
2357 2384 2515 2448 XLI,
2550 2389 2602 2447 4.

1852 2469 1907 2517 6.
1942 2464 2065 2516 Ten'
2080 2469 2346 2535 provincia.
2379 2464 2609 2534 Scaliger
2637 2464 2798 2517 intel-

1769 2545 1883 2614 ligit
1900 2545 2142 2599 Galliam,
2165 2549 2315 2615 cujus
2326 2564 2447 2615 pars
2460 2558 2591 2597 esset
2603 2545 2801 2596 Trans-

1768 2624 1994 2695 padana,
2010 2626 2101 2676 ubi
2125 2625 2289 2676 amica
2306 2626 2591 2676 Mamurrae
2608 2637 2663 2676 et
2682 2626 2798 2697 ipse

1767 2705 2021 2763 Catullus,
2044 2724 2209 2775 quum
2227 2705 2339 2758 haec
2353 2705 2626 2768 scriberet,
2651 2724 2801 2759 com-

1767 2796 2000 2835 moratus
2020 2784 2194 2835 fuerit.

1850 2868 1903 2918 8.
1939 2865 1988 2915 O
2015 2866 2125 2914 secl.
2153 2869 2292 2932 insip.
2320 2877 2370 2915 et
2390 2863 2564 2933 inficee.
2590 2865 2641 2916 Ο
2667 2876 2794 2917 oeta·

1767 2943 1833 2996 tis
1866 2955 2054 2995 nostrae
2091 2945 2331 2996 homines
2361 2945 2429 2997 ab
2459 2944 2609 2997 omni
2636 2963 2793 2998 sensu

1767 3024 1977 3092 pulchri
2002 3021 2279 3076 destitutos
2302 3016 2316 3068 l
