2986 4935
672 416 761 483 82

1205 415 1281 481 C.
1323 411 1758 480 VALERII
1808 411 2282 478 CATULLI

1274 617 1426 704 CA
1450 617 1835 705 RMEN
1906 616 2183 702 XIX.

1361 829 1826 875 HORTORUM
1893 828 2120 875 DEUS.

774 1000 984 1064 Hmvc
1022 1018 1180 1087 ego,
1203 994 1481 1085 juvenes
1503 1046 1522 1077 ,
1554 990 1812 1075 locum,
1841 989 2270 1085 villulamque
2303 992 2706 1086 palustrem,

770 1106 1043 1170 Tectam
1091 1100 1335 1167 vimine
1373 1099 1653 1191 junce0‚
1690 1099 2064 1191 caricisque
2108 1099 2446 1192 manipli3‚

774 1212 1081 1296 Quercus
1119 1206 1338 1293 arida,
1371 1207 1616 1273 rustica
1654 1203 2073 1273 conformata
2114 1208 2327 1273 securi

773 1315 1079 1397 Nutrivi,
1116 1314 1325 1408 magis
1358 1327 1424 1380 et
1463 1313 1670 1405 magis
1709 1325 1785 1379 ut
1820 1311 2011 1378 beata
2049 1313 2443 1404 quotannis:

775 1422 991 1514 Hujus
1024 1445 1177 1487 nam
1213 1420 1482 1487 Domini
1518 1416 1748 1486 colunt
1777 1443 1883 1484 me
1906 1471 1924 1502 ,
1956 1420 2309 1511 Deumque
2347 1419 2669 1509 salutant,
2788 1459 2811 1494 ⁵

776 1529 1089 1621 Pauperis
1127 1527 1370 1619 tugurii
1403 1528 1600 1593 Pater
1633 1516 1981 1617 filiusque*

1608 1663 1612 1682 i

748 1698 890 1747 Ano.
936 1694 1189 1764 Priapus,
1232 1690 1585 1743 soecunditatis
1639 1691 1696 1742 in

668 1775 805 1845 agris
830 1786 1030 1837 auctor,
1046 1771 1217 1824 fidum
1236 1789 1289 1822 se
1311 1770 1589 1841 profitetur
1609 1789 1700 1822 cu·

670 1853 876 1907 stodem
896 1852 1140 1924 pauperis
1156 1851 1371 1913 villulae,
1390 1870 1420 1903 a
1441 1852 1591 1919 cujus
1608 1848 1701 1902 do·

673 1934 831 1986 minis
845 1972 860 1998 ,
878 1945 1024 2005 patre
1045 1944 1097 1984 et
1122 1931 1236 1983 filio
1251 1969 1269 1994 ,
1286 1947 1491 1983 summa
1508 1930 1700 2000 pietate

674 2014 963 2066 colebatur.
991 2011 1258 2064 Enarratis
1293 2010 1469 2080 igitur,
1506 2010 1701 2080 quibus

678 2094 958 2165 quotannis
982 2092 1049 2143 ab
1080 2090 1184 2143 illis
1213 2102 1487 2154 mactetur,
1512 2108 1700 2141 mune·

676 2175 848 2233 ribuS,
883 2184 1063 2224 monet
1105 2170 1203 2222 sub
1239 2171 1345 2222 fine
1382 2188 1602 2239 pueros,
1631 2187 1701 2220 ne

675 2251 810 2324 quid
837 2252 1030 2303 furtiva
1059 2269 1219 2302 manu
1251 2268 1314 2302 ex
1359 2268 1421 2301 eo
1448 2267 1574 2318 agro
1607 2267 1700 2300 au-

678 2334 883 2395 serant,
908 2330 1000 2382 sed
1030 2328 1099 2381 ad
1137 2330 1378 2381 vicinum
1415 2328 1590 2398 potius
1626 2327 1704 2379 di-

677 2413 826 2465 tioris
865 2409 1072 2461 domini
1106 2426 1293 2478 agrum
1327 2418 1572 2479 pergant,
1609 2407 1702 2458 ubi

676 2493 900 2561 Priapus
940 2487 1198 2560 ejusmodi
1241 2488 1550 2539 furunculos
1594 2506 1704 2539 non

679 2570 812 2623 adeo
843 2582 1009 2621 curet.

767 2670 815 2702 2.
846 2650 1039 2699 Tectam
1081 2650 1197 2697 vim.
1236 2648 1373 2716 junc.
1417 2658 1514 2696 etc.
1551 2645 1704 2697 Casas

679 2730 821 2782 enim
843 2729 926 2778 vel
949 2727 1158 2797 tuguria
1178 2726 1309 2777 varii
1338 2724 1542 2795 generis
1565 2725 1705 2778 fron·

680 2810 838 2861 dibus
864 2820 1137 2877 contegere
1165 2805 1362 2857 solebat
1392 2803 1540 2856 rudis
1567 2805 1704 2856 anti-

681 2890 867 2960 quitas.
888 2887 1085 2938 Tibull.
1114 2887 1201 2951 11,
1233 2903 1280 2948 1,
1312 2883 1409 2952 39,
1443 2890 1545 2947 40:
1585 2884 1704 2937 «Illi

683 2964 843 3038 (ruris
866 2958 993 3032 Dei)
1019 2965 1322 3036 compositis
1350 2963 1584 3034 primum
1612 2962 1707 3015 do·

684 3068 840 3102 cuere
861 3048 1039 3117 tigillis
1053 3047 1311 3116 Exiguam
1336 3042 1493 3095 viridi
1518 3042 1703 3096 fronde

680 3124 1411 3198 operiredomum.·-Carex
1423 3141 1704 3176 commune

681 3208 827 3278 junci
887 3224 1050 3275 genus
1096 3203 1307 3256 videtur
1352 3196 1703 3272 (Riedgras);

683 3300 826 3338 acuta
867 3298 1087 3337 vocatur
1115 3282 1257 3354 apud
1289 3283 1474 3352 Virgil.
1509 3283 1701 3352 Georg.

686 3368 798 3430 ΙΙΙ,
849 3366 979 3416 231.
1036 3363 1173 3414 Cum
1225 3366 1413 3431 genista
1467 3363 1706 3431 jungitur

683 3444 828 3515 apud
854 3441 1051 3496 Pallad.
1080 3440 1147 3493 de
1171 3444 1246 3493 Re
1268 3443 1411 3493 Rust.
1441 3443 1492 3504 1,
1524 3462 1590 3492 αα
1610 3478 1625 3505 ,
1647 3462 1703 3512 p.

687 3528 829 3595 876,
858 3522 984 3575 edit.
1020 3522 1256 3574 Gesneri.

768 3604 820 3658 3.
842 3603 1128 3668 Consomata
1142 3603 1255 3654 vult
1270 3600 1427 3652 Salm.
1450 3598 1519 3652 ad
1539 3600 1703 3653 Solin.

686 3705 736 3756 p.
776 3689 876 3739 181
902 3723 917 3748 ‚
959 3695 1278 3752 repugnante
1306 3680 1525 3743 Vossio,
1557 3682 1706 3750 eujus

680 3766 836 3816 lectio
850 3765 1083 3830 somitata
1112 3780 1172 3813 ex
1202 3760 1414 3830 antiqua
1432 3761 1704 3825 formidata

686 3845 910 3896 conficta
950 3861 1057 3892 non
1103 3842 1276 3891 minus
1318 3838 1578 3910 displicet.
1622 3874 1702 3881 —

689 3928 901 3990 (Met-cus
929 3942 1000 3971 ar.
1030 3932 1149 3971 rust.
1185 3921 1310 3986 cons.
1345 3940 1434 3969 see.
1469 3939 1623 3971 suave
1652 3933 1703 3972 et

680 4005 966 4074 eleganter:
987 4001 1119 4070 Ego,
1134 4000 1225 4070 qui
1246 4018 1308 4050 ex
1331 4018 1528 4070 que2cu
1555 3998 1701 4051 arida

680 4084 880 4134 effictus
910 4093 961 4132 et
992 4080 1345 4148 configuratus
1381 4097 1495 4129 sum
1530 4080 1695 4130 securi

1787 1689 1999 1741 rustica.
2014 1716 2125 1737 —·
2137 1690 2283 1742 Olim
2302 1703 2520 1746 truncus
2535 1713 2701 1759 eram,
2717 1709 2818 1749 etc.

1799 1795 1820 1815 ι
1832 1769 1961 1823 Hor.
1979 1769 2152 1823 Serm.
2166 1771 2211 1836 1,
2227 1771 2279 1825 8.
2303 1797 2323 1818 ιι
2336 1772 2472 1824 Nam
2486 1792 2713 1827 veneror
2725 1795 2819 1828 seu

1787 1848 1944 1918 stipes
1967 1849 2143 1913 habet,
2163 1862 2261 1904 etc.
2285 1877 2306 1897 ι
2327 1851 2449 1904 Tib.
2473 1853 2501 1904 1
2519 1892 2534 1917 ,
2565 1872 2614 1917 1,
2639 1878 2656 1906 ι
2676 1871 2725 1908 1.
2746 1857 2817 1909 N.

1871 1934 1922 1991 4.
1954 1930 2100 1981 Nunc
2126 1942 2237 1980 tuor
2261 1934 2414 1999 magis
2443 1932 2703 2003 Scaliger;
2733 1955 2822 1988 nu·

1793 2011 1887 2058 trio
1923 2026 2020 2078 pro
2055 2014 2234 2061 nutrivi
2264 2012 2417 2063 tacite
2449 2012 2648 2084 recepit
2679 2015 2822 2067 Vul-

1787 2086 2010 2155 pius.—·
2025 2088 2238 2148 Nun-ivi,
2249 2091 2372 2141 auxi
2386 2104 2437 2143 et
2448 2092 2602 2144 beavi
2615 2093 2819 2146 foecun-

1789 2163 1968 2219 ditate.
2002 2166 2206 2220 Eodem
2251 2170 2408 2240 plane
2447 2190 2600 2224 sensu
2634 2179 2819 2226 nutrire

1789 2244 1858 2296 de
1891 2247 2083 2299 Cerere
2112 2247 2309 2300 dicitur
2329 2249 2473 2320 apud
2494 2251 2681 2306 Horat.
2707 2253 2820 2309 Od.

1793 2325 1896 2389 IV,
1929 2326 1981 2391 5,
2017 2329 2118 2379 18:
2148 2328 2323 2379 Nutrit
2340 2349 2455 2382 rura
2482 2331 2624 2384 Ceres
2642 2351 2663 2392 ,·
2691 2334 2820 2399 ubi,

1791 2422 1957 2474 quum
1982 2405 2272 2477 elegantem
2294 2407 2452 2480 hujus
2483 2413 2629 2464 verbi
2651 2412 2820 2483 signi-

1791 2484 2089 2537 ficationem
2132 2507 2238 2539 non
2272 2507 2601 2561 concoquere
2642 2508 2822 2561 posset

1793 2565 2056 2617 Bentleius
2074 2604 2089 2628 ‚
2119 2585 2267 2619 more
2298 2588 2393 2620 suo
2425 2572 2602 2622 turbas
2635 2569 2820 2639 dedit,

1791 2642 1859 2694 ad
1880 2662 2040 2714 quem
2055 2645 2395 2699 refutandum
2409 2649 2499 2701 hic
2516 2652 2628 2720 ipse
2638 2652 2817 2706 Nostri

1790 2722 1936 2776 locus
1970 2741 2000 2774 a
2045 2725 2236 2778 clariss.
2269 2728 2390 2779 Jani
2428 2728 2630 2783 laudari
2659 2730 2821 2785 debe·

1789 2802 2056 2857 bat.-Uc
2079 2805 2219 2856 beata
2242 2813 2495 2878 quotannis
2525 2811 2634 2863 scil.
2652 2826 2784 2866 esset
2801 2853 2819 2879 ,

1790 2882 1844 2933 h.
1876 2902 1921 2934 e.
1955 2885 2194 2953 quolibet
2217 2904 2358 2939 anno
2389 2889 2598 2942 meliori
2627 2892 2818 2946 eondi-

1791 2962 1933 3013 tione
1951 2962 2213 3031 gauderet.
2228 2966 2437 3019 Frustra
2447 2966 2663 3023 damnat
2678 2972 2819 3025 Han-

1792 3039 1910 3092 dius
1928 3041 2066 3094 hanc
2085 3044 2280 3097 Mureti
2300 3047 2785 3120 interpretationem
2797 3094 2812 3117 ‚

1790 3140 1963 3192 neque
1989 3123 2182 3175 evincit
2199 3127 2422 3191 verbum
2445 3141 2564 3179 esset
2586 3149 2695 3182 non
2721 3150 2817 3202 po·

1791 3202 1947 3252 tuisse
1980 3203 2261 3256 commode
2297 3207 2366 3258 ab
2404 3221 2586 3261 autore
2621 3213 2816 3265 omitti.

1791 3281 1993 3333 Turbat
2006 3322 2019 3345 ‚
2034 3303 2142 3334 non
2156 3299 2301 3339 sanat
2314 3305 2520 3339 versum
2538 3327 2553 3352 ,
2571 3289 2674 3344 hac
2693 3311 2818 3363 pro·

1793 3363 1959 3430 posita
1985 3365 2311 3418 correctione
2339 3384 2352 3417 :
2377 3371 2553 3420 nutrivi
2583 3373 2742 3440 magis
2765 3386 2814 3423 ee

1793 3446 1972 3510 mageis,
2013 3456 2065 3494 et
2105 3443 2243 3494 beata
2281 3452 2550 3516 quotannis.
2570 3450 2699 3513 Quo
2731 3471 2814 3504 re·

1794 3520 1928 3571 etius
1952 3541 2129 3573 versus
2149 3537 2371 3590 constet,
2392 3526 2526 3579 forte
2546 3548 2814 3599 reponen-

1791 3598 1920 3650 dum
1973 3621 2079 3671 qua:
2123 3621 2221 3673 pro
2269 3617 2351 3666 ut‚·
2391 3624 2515 3657 nam
2557 3610 2811 3662 creticum

1789 3680 1972 3730 tertius
2000 3683 2144 3732 locus
2166 3682 2263 3733 sibi
2287 3685 2473 3754 poscit.
2498 3687 2566 3738 N.

1873 3763 1924 3812 6.
1948 3762 2209 3831 Piliusque.
2226 3762 2313 3814 Sic
2338 3762 2397 3814 in
2414 3766 2678 3837 plerisque
2701 3766 2812 3821 edi·

1794 3839 2024 3890 tionibus
2042 3880 2056 3903 ,
2100 3841 2377 3894 deficiente
2423 3845 2608 3898 ultima
2650 3866 2812 3912 voce,

1789 3919 1876 3972 hic
1896 3939 2071 3972 versus
2095 3921 2386 3977 exhibetur.
2399 3925 2574 3988 Quam
2594 3926 2811 3997 quidem

1791 4000 2028 4052 lacunam
2068 4019 2130 4051 ex
2172 4002 2384 4072 iugenio
2417 4006 2662 4076 supplere
2706 4020 2811 4059 stu-

1790 4079 2018 4132 (luerunt
2032 4079 2263 4151 Scaliger
2275 4094 2327 4133 et
2340 4082 2573 4151 Vossius,
2582 4104 2808 4156 quorum
