2986 4935
703 480 847 524 202

1223 457 1297 524 C.
1332 455 1766 522 VALERII
1825 454 2286 526 CATULLI

803 585 937 673 Qui
969 596 1192 652 natam
1227 586 1434 678 possis
1470 583 1819 678 complexu
1852 586 2135 655 avellere
2173 590 2437 672 matris,

802 689 1171 785 Complexu
1207 691 1433 758 'matris
1472 692 1858 759 retinentem
1899 692 2180 762 avellere
2224 708 2482 778 natam,

802 799 891 864 Et
923 797 1152 888 juveni
1195 796 1451 864 ardenti
1491 810 1737 865 castam
1782 797 2030 868 donare
2067 797 2393 894 puellam?

802 902 982 990 Quid
1016 900 1260 970 faciant
1293 901 1515 971 hostes
1552 918 1743 995 capta
1782 904 2112 974 crudelius
2156 904 2363 973 urbe?

803 1011 1064 1101 Hymen
1107 1032 1149 1075 o
1194 1011 1583 1100 Hymenaee,
1630 1012 1889 1101 Hymen
1927 1011 2081 1079 ades
2120 1037 2162 1079 o
2201 1014 2572 1104 Hymenaee.

1576 1226 1946 1272 JUvENEs.

909 1388 1234 1477 Hespere,
1270 1386 1381 1478 qui
1426 1384 1584 1452 caelo
1627 1383 1801 1452 lucet
1838 1385 2192 1476 jucundior
2230 1385 2444 1479 ignis?

805 1491 939 1577 Qui
969 1490 1292 1584 desponsa
1325 1503 1436 1557 tua
1472 1490 1693 1557 firmes
1731 1491 2062 1557 connubia
2095 1490 2358 1558 flamma
2379 1545 2397 1572 ,

803 1596 1004 1684 Quod
1045 1596 1349 1689 pepigere
1385 1597 1541 1677 viri,
1576 1598 1970 1689 pepigerunt
2002 1611 2153 1665 ante
2196 1610 2500 1689 parentes
2524 1650 2542 1678 ‚

805 1701 945 1769 Nec
976 1701 1251 1793 junxere
1289 1702 1469 1793 prius
1507 1725 1705 1794 quam
1750 1727 1816 1769 se
1852 1716 2002 1770 tuus
2042 1701 2275 1771 extulit
2310 1702 2543 1784 ardor;

709 1849 712 1852 >
802 1807 985 1894 Quid
1020 1807 1217 1874 datur
1255 1829 1294 1873 a
1333 1807 1522 1874 Divis
1565 1805 1738 1874 felici
1778 1810 2067 1901 optatius
2099 1806 2308 1875 hora?
2766 1841 2807 1875 3.

803 1905 1060 2005 Hymen
1099 1939 1141 1979 o
1182 1916 1570 2004 Hymenaee,
1614 1915 1873 2005 Hymen
1920 1913 2074 1982 ades
2116 1941 2158 1981 o
2206 1917 2577 2006 Hymenaee.

697 2125 826 2176 sime
862 2142 893 2175 a
933 2123 1088 2174 bonis
1124 2123 1462 2193 scriptoribus
1498 2126 1578 2191 qui
1613 2139 1709 2189 pro

699 2208 802 2272 qais
826 2204 1055 2274 ponitur.
1079 2200 1210 2254 Vid.
1235 2200 1618 2252 Drakenborch.
1643 2197 1709 2250 ad

697 2283 814 2335 Liv.
847 2283 904 2344 1,
941 2301 996 2351 7,
1025 2281 1093 2333 ad
1124 2282 1284 2332 verba
1315 2284 1496 2348 rogitat
1523 2282 1607 2351 qui
1632 2281 1713 2328 vir

696 2374 830 2415 essee.
856 2359 1008 2413 Adde
1026 2360 1231 2412 Ducker.
1253 2357 1319 2411 ad
1341 2360 1558 2410 Florum
1584 2359 1609 2408 1
1627 2396 1643 2421 ‚
1665 2375 1710 2409 c.

705 2445 772 2498 18
792 2482 808 2507 ,
836 2454 887 2494 et
913 2439 1160 2492 Schwartz
1193 2437 1259 2491 ad
1293 2439 1429 2490 Plin.
1457 2438 1710 2507 panegyr.

697 2541 742 2574 c.
767 2529 870 2591 74,
890 2539 945 2590 p.
969 2519 1100 2571 366.
1125 2519 1492 2583 —Profiertur
1511 2518 1563 2568 in
1586 2535 1718 2567 non·

697 2601 856 2652 nullis
886 2612 1045 2650 exstat
1073 2600 1228 2658 lucet,
1258 2595 1404 2667 quod
1437 2594 1579 2647 haud
1613 2595 1713 2647 du-

696 2678 783 2731 bie
830 2696 892 2730 ex
934 2696 982 2728 v,
1038 2680 1108 2729 26
1156 2675 1412 2727 intrusum
1467 2688 1559 2726 est.
1610 2673 1714 2726 Sed

696 2754 1148 2831 quemadmodum
1184 2756 1236 2806 in
1272 2754 1373 2805 hoc
1407 2773 1558 2805 versu
1595 2756 1716 2804 lucet

699 2838 886 2891 melius
905 2837 1151 2888 convenit
1172 2842 1242 2904 τῷ
1255 2834 1518 2903 jucundior
1534 2874 1547 2893 ‚
1571 2834 1640 2885 ita
1660 2835 1715 2885 in

695 2930 874 2970 nostro
898 2935 1046 2968 versu
1079 2915 1238 2983 magis
1261 2912 1542 2983 respondet
1562 2913 1718 2977 fertur

695 3005 767 3066 τῷ
795 2996 1046 3048 crudelior.
1067 3028 1146 3037 --
1167 2995 1362 3046 Fertur.
1391 2993 1446 3044 h.
1470 3011 1516 3044 e.
1549 2993 1715 3042 volvi-

699 3091 814 3140 tur,
835 3075 1217 3128 circumfertur.
1247 3105 1324 3114 —-
1352 3074 1417 3124 Et
1439 3085 1514 3124 est
1542 3074 1594 3123 in
1622 3091 1718 3122 no-

699 3169 804 3208 stro
828 3156 941 3207 MS.
960 3158 1137 3222 ser-tur.
1174 3155 1239 3205 N.

785 3252 873 3287 21.
924 3235 1002 3284 Ex
1057 3233 1282 3284 instituta
1328 3231 1718 3299 comparatione

702 3330 825 3367 cum
848 3313 966 3364 loco
992 3312 1260 3363 simillimo
1283 3310 1337 3361 in
1359 3310 1587 3379 Epithal.
1607 3310 1694 3359 Jul
1708 3350 1718 3360 .

702 3392 934 3445 ethiani.
962 3410 1012 3442 V.
1053 3391 1123 3443 56
1156 3407 1269 3459 sqq.
1296 3408 1402 3440 non
1435 3388 1546 3440 sine
1568 3387 1719 3440 volu-

704 3483 842 3542 ptate
871 3468 1249 3521 animadvertes
1266 3508 1280 3534 ‚
1310 3486 1466 3538 quam
1502 3467 1719 3539 pulchre

703 3547 940 3601 eamdem
986 3548 1289 3600 sententiam
1335 3547 1491 3599 Poeta
1551 3548 1717 3598 varia-

705 3630 852 3681 verit.

789 3725 878 3760 τη.
922 3708 1214 3759 Retinentem
1245 3725 1313 3758 sc.
1346 3726 1394 3755 se
1418 3749 1431 3769 ,
1469 3706 1524 3758 h.
1558 3724 1602 3757 e.
1639 3726 1718 3756 re-

704 3790 1016 3841 luctantem.
1061 3803 1196 3856 ogre
1231 3804 1284 3837 se
1327 3786 1483 3837 avelli
1519 3787 1719 3855 patien-

709 3882 828 3920 tem.
846 3899 928 3911 —
946 3865 1129 3917 Malim
1149 3877 1342 3915 matrem
1361 3883 1517 3936 quam
1540 3885 1587 3913 se
1606 3865 1720 3917 voci

710 3951 980 3999 retinentem
1009 3945 1271 4015 suppleri,
1305 3964 1372 3996 sc.
1401 3957 1574 3996 natam
1606 3962 1720 4015 quae

711 4046 1007 4098 reprensare
1030 4038 1266 4088 matrem,
1288 4026 1432 4076 matri
1455 4022 1719 4075 adhaerere

710 4118 942 4157 conatur.
977 4106 1040 4156 N.

1884 2127 1971 2173 26.
2003 2122 2235 2192 Hesper-e,
2264 2126 2346 2191 qui
2366 2123 2490 2173 ιιι-10
2520 2123 2659 2173 havet.
2696 2121 2811 2171 [aau-

1798 2199 1922 2252 dant
1969 2200 2186 2252 Homer.
2229 2200 2381 2253 Iliad.
2433 2201 2594 2253 xxn
2615 2241 2630 2265 ,
2674 2202 2775 2253 318
2799 2218 2808 2250 :

1805 2268 2055 2349 -Εσπερος
2074 2283 2122 2339 ὃς
2142 2282 2400 2342 mmmm<
2418 2284 2467 2332 dv
2490 2283 2676 2350 οὐρανῷ
2694 2282 2812 2332 ἵστα·

1800 2376 1883 2410 ται
1940 2361 2115 2428 ἀστήρ.
2140 2353 2162 2406 ι’
2209 2372 2260 2412 et
2305 2361 2377 2412 sic
2417 2359 2564 2430 apud
2607 2360 2810 2412 Bionem

1799 2436 1956 2510 Idyll.
1994 2439 2121 2491 VIII
2142 2480 2157 2505 ,
2190 2458 2216 2491 2
2243 2476 2259 2502 ‚
2309 2440 2576 2511 Hesperus
2613 2447 2814 2495 vocatur

1800 2522 2005 2579 κυανέας
2028 2522 2196 2579 νυκτὸς
2226 2522 2345 2590 ἷιρὸν
2374 2520 2603 2590 ἄγαλμα.

1884 2600 1973 2651 28.
2000 2600 2148 2665 Quod
2159 2602 2384 2669 pepigere
2407 2603 2527 2662 viri,
2545 2605 2709 2670 pepig.
2724 2608 2815 2651 et'c.

1802 2690 2011 2746 pactum
2056 2697 2250 2749 nempe
2289 2677 2434 2748 quod
2480 2698 2510 2730 a
2554 2679 2733 2749 procis
2770 2690 2815 2729 et

1801 2758 2104 2827 parentibus
2130 2771 2252 2809 ante
2272 2759 2482 2828 nuptias
2502 2768 2816 2811 contractum

1801 2854 1899 2887 nec
1919 2837 2237 2906 priusquam
2263 2836 2364 2889 tuis
2378 2838 2631 2909 auspiciis
2650 2848 2817 2891 etonu

1804 2915 2172 2967 confirmatum
2222 2929 2315 2968 est.
2371 2917 2634 2969 Disertius
2678 2916 2820 2987 igitur

1804 2993 1859 3044 hi
1889 2991 1999 3045 duo
2026 2994 2194 3047 additi
2224 3013 2404 3047 versus
2435 2994 2818 3048 antecedentem

1804 3073 2062 3142 explicant
2086 3087 2138 3125 et
2151 3073 2436 3137 declarant,
2457 3086 2514 3126 ut
2532 3093 2679 3146 σερε
2696 3071 2820 3143 apud

1807 3165 1999 3220 poetas,
2028 3165 2080 3204 et
2103 3154 2175 3205 sic
2201 3156 2256 3206 τὸ
2278 3155 2409 3226 quod
2427 3172 2534 3206 non
2558 3153 2823 3207 offendere

1805 3227 2032 3283 videtur.
2055 3262 2122 3272 -—-·
2155 3233 2280 3300 ΟΜ
2306 3237 2530 3303 pepigere
2566 3239 2672 3284 viri
2703 3234 2823 3285 liber

1805 3310 2045 3362 Memmii
2076 3324 2201 3363 teste
2242 3311 2561 3375 Passeratio,
2590 3314 2742 3365 Voss.
2782 3323 2825 3363 et

1806 3388 1977 3441 editor
1997 3390 2297 3462 cantabrig.
2322 3390 2414 3443 ssd
2439 3404 2621 3444 nostru
2644 3392 2821 3449 lectio.

1806 3468 1928 3538 quia
1965 3482 2037 3520 est
2073 3466 2377 3534 difficilior,
2414 3488 2479 3522 ex
2513 3470 2635 3542 lege
2662 3472 2826 3523 critica

1807 3546 2130 3618 praferenda
2149 3562 2241 3603 est.
2260 3578 2342 3591 —-
2360 3550 2495 3614 Quis
2512 3549 2823 3621 huelegem

1806 3627 2067 3696 rogaverit
2083 3628 2212 3681 scire
2230 3629 2643 3694 velim.0mnes,
2661 3628 2823 3686 credo·

1807 3706 2083 3758 lectionem
2133 3707 2397 3761 intellectu
2449 3711 2824 3782 promptiorem

1806 3785 2083 3856 recipient.
2108 3788 2198 3857 qui
2227 3782 2436 3840 'mtione
2469 3790 2639 3858 magis
2680 3804 2824 3860 quan

1809 3863 2120 3918 difficultate
2152 3886 2261 3919 rem
2286 3867 2561 3919 estimant.
2592 3869 2755 3921 N.--
2772 3867 2826 3918 ln

1811 3959 1990 3997 nostro
2018 3938 2137 3998 MS.
2166 3947 2463 3998 invenimus
2486 3965 2619 4016 quae.
2651 3950 2717 3999 N.

1895 4044 1980 4091 ²9-
2033 4025 2198 4076 Ardor
2237 4025 2490 4095 exquisite
2534 4046 2638 4096 pro
2688 4030 2828 4097 igneo

1812 4103 2102 4173 splendore.
