2986 4935
724 476 861 559 184

1230 445 1790 588 C3VALER11
1846 474 2318 543 CATULLI

1133 601 1312 692 (Jam
1356 599 1652 690 videtur)
1696 619 1762 672 et
1801 603 2030 672 audias

1134 712 1379 779 Nostra
1425 709 1645 777 verba.
1677 695 1996 796 (Viden'?
2028 709 2201 779 faces

1136 819 1386 884 Aureas
1428 816 1732 907 quatiunt
1770 807 2053 900 comas.)

1133 921 1456 1006 Prodeas,
1487 944 1658 988 nova
1695 935 1921 1014 nupta.
2772 963 2834 987 ω.»

1347 1029 1502 1094 Non
1533 1042 1684 1094 tuus
1714 1024 1922 1094 levis
1906 1050 1971 1092 in
2005 1009 2175 1093 mala

1142 1131 1422 1199 Deditus
1457 1134 1560 1199 vir
1592 1130 1922 1215 adultera,

1145 1237 1391 1304 Probra
1436 1239 1652 1331 turpia
1697 1245 2128 1331 persequen5‚

1144 1346 1200 1409 A
1246 1345 1373 1411 tuis
1417 1345 1659 1411 teneris
1698 1340 1876 1410 volet

1149 1449 1477 1517 Secuhare
1516 1447 1769 1542 papillis
1787 1475 1804 1532 ;

1356 1558 1569 1621 Lenta
1600 1557 1714 1647 qui
1742 1552 1921 1621 velut
1949 1555 2176 1623 assitas

1151 1660 1322 1727 Vitis
1350 1658 1640 1753 implicat
1667 1660 1969 1745 arborem,

734 1830 801 1880 ab
844 1827 903 1877 iis
946 1824 1254 1877 lectionibus
1274 1862 1289 1885 ,
1320 1825 1373 1874 in
1402 1842 1531 1893 quas
1564 1843 1747 1875 omnes

733 1907 852 1959 libri
875 1904 1022 1956 MSS.
1044 1916 1095 1955 et
1114 1903 1259 1955 editt.
1282 1916 1406 1953 vett.
1433 1904 1599 1954 amice
1621 1922 1746 1954 con-

736 1987 966 2056 spirant,
996 1984 1034 2034 si
1065 1983 1173 2034 ullo
1203 1982 1365 2034 modo
1392 2001 1567 2049 sensus
1596 2001 1656 2033 ex
1689 1983 1750 2032 iis

1921 1831 2042 1885 ¹04·
2068 1825 2122 1876 A
2143 1826 2446 1895 tui-«papillis
2471 1825 2726 1897 exquisite
2753 1844 2845 1896 pro

1834 1924 1864 1953 α
1894 1916 1954 1955 te.

1923 2002 1944 2034 ι
1954 1982 2042 2034 05.
2063 1984 2324 2054 Papillulis
2339 1984 2526 2036 Venet.
2547 1996 2731 2036 contra
2749 2002 2850 2035 me·

736 2065 848 2116 erui
874 2077 1042 2133 potest
1066 2060 1283 2113 idoneus
1299 2101 1313 2126 ‚
1342 2081 1448 2112 non
1478 2061 1628 2113 Facile
1651 2060 1751 2112 dis-
1838 2074 1995 2114 trum.

735 2142 1028 2195 cedendum
1066 2156 1211 2212 puto.
1250 2175 1328 2183 —
1361 2142 1578 2191 Vossius
1609 2138 1750 2191 haud

740 2222 900 2275 dubie
931 2221 1171 2288 exemplo
1204 2220 1449 2289 Scaligeri
1481 2219 1752 2282 inductus,

745 2322 841 2372 pro
865 2305 908 2350 si
928 2301 1157 2369 reposuit
1177 2313 1250 2361 se,
1280 2312 1337 2350 ut
1364 2300 1427 2349 sit
1450 2312 1570 2350 nota
1598 2299 1753 2350 silen-

745 2382 835 2445 tii,
867 2378 956 2430 sed
988 2377 1138 2428 valde
1170 2397 1289 2429 cum
1316 2378 1520 2447 Vulpio
1541 2397 1755 2440 vereor,

748 2474 803 2512 ut
832 2460 943 2512 haee
971 2457 1258 2528 particula
1252 2458 1359 2508 ine
1392 2458 1580 2509 vocalis
1606 2456 1758 2528 adju-

751 2552 926 2589 mento
965 2536 1213 2603 syllabam
1243 2536 1451 2605 explere
1479 2537 1653 2605 possit.
1681 2570 1759 2578 —

750 2617 894 2680 Quin
927 2616 1084 2685 igitur
1114 2614 1164 2663 in
1200 2627 1342 2665 textu
1377 2620 1419 2665 si
1437 2620 1544 2685 jam
1572 2616 1765 2665 vitietur

748 2693 1115 2766 reponendum
1140 2692 1251 2743 fuit.
1277 2693 1343 2743 N.

834 2776 905 2841 98
927 2804 947 2813 -
964 2792 1049 2839 99.
1082 2773 1234 2822 Faces
1259 2791 1426 2821 aureas
1450 2793 1605 2823 comus
1632 2786 1761 2842 quat.

754 2852 837 2905 Cf.
886 2850 954 2903 ad
992 2871 1042 2902 v.
1091 2853 1184 2918 78.
1231 2851 1313 2901 Sic
1354 2852 1554 2919 χρύσεαι
1594 2854 1764 2921 ἔθειραι

754 2934 975 3002 ἄστρων,
1043 2929 1111 2982 de
1174 2943 1473 2981 coruscante
1538 2930 1766 2982 siderum

757 3008 1101 3083 splendorem
1124 3008 1292 3077 Orph.
1318 3009 1524 3078 Fragm.
1540 3011 1651 3073 VI,
1678 3028 1763 3069 ιι,

757 3111 809 3163 p.
848 3092 990 3151 366,
1019 3087 1144 3140 edit.
1175 3087 1388 3139 Gesner.
1417 3091 1615 3156 χρύσεον
1649 3091 1766 3156 φάος

761 3174 935 3241 ἐρατᾶς
975 3160 1288 3236 Αφρογενιίας
1318 3180 1536 3218 vocatur
1572 3168 1767 3236 Hespe-

761 3269 849 3301 rus
880 3246 1020 3317 apud
1048 3247 1195 3297 Bion.
1233 3244 1329 3313 Id,
1335 3246 1387 3296 ll
1414 3248 1580 3309 VIII,
1614 3264 1661 3299 1.
1690 3278 1770 3286 —-

768 3328 947 3379 Viden'
970 3337 1022 3374 ue
1036 3327 1126 3388 sac
1126 3344 1175 3373 es
1194 3324 1374 3374 vitiose
1401 3325 1454 3375 in
1482 3325 1691 3395 Gryph.
1721 3338 1772 3375 et

766 3402 1079 3475 quibusdam
1117 3402 1231 3452 aliis
1261 3403 1430 3453 invito
1472 3417 1655 3455 metro.
1694 3436 1756 3443 —

765 3485 892 3535 Vide
914 3496 968 3534 ut
985 3484 1121 3547 faces
1143 3481 1330 3532 rectius
1350 3483 1461 3532 vult
1484 3483 1691 3535 Statius.

850 3581 977 3615 101.
1022 3562 1079 3611 In
1111 3561 1236 3610 mala
1267 3560 1482 3611 adultera
1513 3562 1568 3613 h.
1606 3581 1650 3612 e.
1696 3562 1772 3613 la-

764 3643 899 3695 sciva
932 3655 982 3693 et
1018 3652 1289 3709 proterva3
1327 3653 1384 3690 ut
1413 3653 1592 3691 contra
1619 3659 1772 3710 supra

763 3742 815 3773 v.
869 3740 957 3789 19.
991 3719 1115 3769 bona
1147 3725 1320 3785 w'rgo,
1351 3718 1566 3770 honesta
1594 3733 1643 3770 et
1673 3738 1772 3790 pu-

765 3802 902 3854 dica.
945 3798 1148 3851 Deditus
1187 3800 1237 3847 in
1267 3798 1428 3869 aliqua
1463 3798 1772 3850 Lucretiana

761 3881 985 3940 locutio,
1018 3876 1125 3929 vid.
1165 3875 1335 3942 Gesan.
1373 3878 1426 3928 in
1462 3875 1628 3928 Indic.
1669 3878 1772 3929 Lu-

752 3974 876 4013 eret.

845 4058 862 4091 ι
877 4038 966 4091 03.
996 4037 1181 4088 Probra
1206 4038 1380 4104 turpia,
1403 4048 1608 4105 turpem
1628 4053 1767 4086 amo-

751 4136 881 4171 rem.

1925 2159 1945 2191 1
1959 2144 2052 2195 06.
2070 2143 2223 2193 Lenta
2247 2146 2332 2215 qui
2355 2143 2491 2193 velut
2513 2163 2606 2194 ass.
2630 2141 2852 2194 Nobilis-

1839 2221 1965 2271 sima
1981 2239 2009 2271 a
2027 2221 2131 2272 vite
2145 2223 2320 2274 arbori
2330 2219 2662 2291 implicitaad
2676 2220 2851 2273 adnm-

1841 2298 2103 2351 brandum
2132 2301 2419 2372 conjugalis
2450 2302 2645 2353 amoris
2672 2302 2850 2353 vincu-

1844 2379 1954 2429 lum
1986 2379 2330 2432 arctissimum
2362 2381 2606 2432 translata
2642 2398 2851 2451 compa-

1845 2458 1977 2510 ratio
1996 2497 2011 2523 ,
2067 2479 2169 2530 qua
2215 2460 2449 2513 certatim
2500 2459 2581 2512 usi
2614 2473 2738 2512 sunt
2784 2478 2853 2511 se·

1847 2538 2047 2606 quioris
2091 2540 2249 2591 aetatis
2290 2551 2473 2611 poetae.
2518 2534 2604 2591 Sic
2648 2538 2851 2591 Lotich.

1849 2617 1990 2685 Eleg.
2020 2619 2119 2682 lv,
2147 2617 2205 2682 3,
2235 2624 2339 2687 ¹47
2363 2636 2376 2669 ε
2398 2618 2574 2688 «Ergo
2601 2618 2749 2670 velut
2769 2636 2852 2688 pn·

1850 2696 1958 2746 tula
1984 2696 2102 2747 vitis
2126 2715 2179 2748 se
2207 2696 2341 2749 tollit
2361 2698 2418 2749 in
2445 2697 2593 2748 ulmo
2609 2736 2625 2761 ‚
2644 2698 2789 2749 Vitis
2812 2708 2856 2746 et

1851 2774 2153 2843 impositum
2203 2776 2416 2827 sustinet
2466 2776 2645 2827 ulmus
2704 2795 2854 2837 onus,

1853 2851 1938 2903 Sic
1974 2853 2092 2922 pius
2125 2855 2279 2905 uxori
2314 2854 2403 2905 vir.
2422 2853 2705 2907 adhereat.
2742 2881 2763 2900 ο
2788 2886 2857 2894 -

1854 2931 2024 2992 Lenta,
2043 2932 2247 3000 elegans
2263 2933 2529 3002 epitheton
2546 2973 2561 2997 ,
2579 2933 2854 2986 flexibilem

1854 3010 1974 3061 vitis
2000 3011 2324 3062 tenacitatem
2344 3025 2531 3063 notans
2546 3051 2561 3075 ,
2583 3031 2690 3084 qua
2712 3014 2856 3065 arbo·

1855 3108 1965 3139 rem
1984 3127 1998 3152 ,
2014 3089 2097 3139 cui
2128 3108 2327 3142 annexa
2352 3103 2458 3152 est,
2484 3092 2856 3161 complectitur.

1857 3166 2288 3238 Adjungebantur
2321 3171 2494 3221 autem
2530 3171 2662 3221 vitoe
2686 3171 2859 3242 praeci-

1859 3265 1961 3316 pue
1981 3248 2135 3299 ulmis.
2161 3247 2452 3299 Columella
2472 3247 2541 3300 de
2560 3250 2640 3301 Re
2673 3249 2857 3305 Rustic.

1860 3325 1968 3389 XI,
2010 3347 2071 3384 a,
2103 3343 2209 3395 79:
2244 3327 2434 3378 -Ulmi
2478 3346 2693 3399 quoque
2732 3340 2858 3379 recte

1859 3405 2050 3455 vitibus
2066 3405 2390 3469 maritantur,
2408 3432 2429 3452 ι
2444 3419 2603 3477 atque
2625 3407 2739 3460 hoc
2761 3407 2857 3477 ipsa

1859 3483 1979 3534 vitis
2002 3502 2121 3535 cum
2151 3485 2295 3535 ulmo
2316 3486 2618 3554 conjunctio
2648 3487 2860 3538 vocaba-

1859 3574 1945 3612 tur
1972 3565 2259 3632 conjugium,
2290 3563 2443 3615 ulmus
2476 3583 2588 3617 mas
2604 3605 2619 3625 ,
2644 3570 2766 3618 vitis
2793 3567 2857 3616 fe·

1860 3640 2151 3694 mina.Vid.
2171 3642 2432 3712 imprimis
2450 3642 2610 3695 Cer-da
2630 3644 2702 3697 ad
2724 3645 2859 3712 Virg.

1861 3718 2053 3791 Georg.
2076 3722 2103 3771 1
2122 3760 2136 3784 ,
2157 3741 2184 3773 π
2206 3759 2221 3785 ,
2248 3733 2299 3773 et
2322 3722 2462 3773 conf.
2489 3724 2665 3775 Carm.
2693 3722 2859 3784 LXII,

1867 3798 2230 3862 54.—Assitas
2253 3800 2307 3851 h.
2334 3819 2381 3852 e.
2401 3802 2549 3870 juxta
2576 3815 2732 3868 satas3
2752 3819 2860 3853 nam

1861 3890 1999 3929 reete
2025 3892 2076 3930 et
2102 3897 2234 3951 saepe
2256 3883 2349 3929 seri
2375 3878 2630 3933 dicuntur
2644 3884 2859 3935 arbom

1853 3956 2015 4008 Multa
2059 3959 2291 4028 exempla
2340 3959 2549 4029 collegit
2587 3960 2766 4013 Heius.
2817 3972 2859 4011 et

1854 4036 2281 4165 pssckenborch.
2312 4037 2378 4089 ad
2414 4039 2607 4092 Silium
2640 4041 2754 4093 Ital.
2780 4040 2821 4090 X
2845 4074 2859 4095 ς

1861 4130 1887 4165 z>
1975 4154 1985 4165 .
