2986 4935
665 381 813 468 364

1198 388 1273 455 C.
1317 388 1755 455 VALERII
1815 387 2288 454 CATULLI

1123 627 1685 715 CARMEN
1768 625 2343 711 LXXXIV.

1486 867 1588 910 DE
1647 864 1932 910 ARRIO.

770 1059 1203 1124 (111οΜΜοοΑ
1238 1054 1539 1139 dicebat,
1572 1056 1622 1122 si
1657 1052 1924 1147 quando
1961 1051 2313 1120 commoda
2347 1051 2553 1121 vellet

877 1163 1159 1245 Dicere,
1196 1174 1261 1227 et
1298 1108 1610 1229 hinsidias
1643 1162 1874 1227 Arrius
1907 1161 2213 1245 insidias;

772 1270 857 1335 Et
890 1282 1029 1334 tum
1061 1214 1339 1334 mirifice
1371 1268 1681 1360 sperabat
1717 1292 1784 1333 se
1818 1292 1959 1335 esse
1993 1265 2329 1352 locutum,

877 1376 1146 1461 Quum,
1190 1387 1513 1466 quantum
1557 1387 1851 1467 poterat,
1894 1372 2147 1441 dixerat
2194 1372 2531 1441 hinsidias.

770 1480 992 1548 Credo
1032 1482 1125 1548 sic
1172 1494 1416 1565 mater,
1455 1483 1547 1548 sic
1594 1480 1796 1548 Liber
1839 1478 2206 1547 avunculus
2241 1479 2419 1570 eju5‚

878 1588 985 1654 Sic
1024 1602 1361 1654 maternus
1405 1610 1570 1654 avus
1609 1586 1874 1671 dixerit,
1919 1600 2116 1680 atque
2160 1587 2329 1652 avia.

743 1816 880 1866 Aac.
912 1815 1125 1866 Arrium
1150 1812 1463 1884 quemdam,
1480 1813 1573 1884 qui
1597 1813 1693 1863 mi-

662 1894 806 1947 rifice
834 1894 931 1946 sibi
957 1895 1197 1965 placebat
1222 1913 1359 1946 vano
1388 1907 1440 1945 et
1466 1892 1692 1945 ridiculo

663 1976 823 2027 verba
870 1975 1124 2026 nonnulla
1171 1993 1290 2026 cum
1338 1971 1693 2043 adspiratione

661 2053 1042 2126 pronuntiandi
1068 2052 1243 2106 studio
1260 2093 1274 2116 ,
1299 2052 1479 2105 festive
1504 2052 1557 2103 in
1588 2053 1692 2104 hoc

659 2135 1035 2204 epigrammate
1093 2133 1361 2203 depictum
1386 2170 1401 2195 ‚
1462 2134 1690 2184 aliorum

664 2215 789 2265 risui
813 2214 1048 2284 exponit.
1071 2247 1135 2255 —
1158 2214 1341 2276 Quum
1379 2212 1581 2263 idoneis
1609 2231 1691 2262 ar·

664 2294 955 2361 gumentis,
995 2294 1112 2362 quis
1154 2294 1311 2343 suo-rit
1343 2292 1431 2341 hic.
1474 2294 1689 2353 Arrius,

665 2372 833 2424 evinci
866 2385 1123 2439 nequeat,
1157 2372 1290 2421 alius
1325 2372 1479 2421 aliam
1512 2375 1690 2439 conje-

662 2465 865 2504 cturam
918 2453 1165 2519 sequitur.
1222 2450 1453 2502 Achilles
1503 2451 1693 2504 Statius

662 2529 877 2602 quidem
918 2530 1159 2597 intelligit
1193 2533 1260 2597 ().
1290 2533 1517 2592 Arrium,
1557 2551 1690 2601 prae·

660 2628 829 2664 torem
866 2608 1057 2660 Siciliae
1085 2607 1413 2678 designatum
1434 2651 1448 2676 ‚
1479 2613 1570 2680 qui
1610 2633 1692 2663 ex·

660 2705 777 2742 orto
810 2689 947 2740 bello
980 2689 1157 2740 servili
1188 2690 1373 2739 missus
1406 2705 1479 2742 cst
1512 2704 1691 2743 contra

660 2771 882 2823 Crixum
912 2783 961 2819 ct
990 2768 1298 2838 Spartacum
1322 2808 1337 2832 ‚
1365 2788 1593 2838 quorum
1635 2772 1694 2823 il·

659 2852 771 2901 lum
806 2848 1139 2917 profligavit,
1167 2851 1233 2900 ab
1268 2850 1370 2900 hoc
1404 2849 1572 2901 victus
1602 2866 1690 2902 est.

663 2930 790 2981 Vid.
822 2928 940 2981 Liv.
974 2928 1119 2997 Epit.
1152 2933 1245 2997 96.
1280 2930 1362 2982 Cf.
1398 2931 1510 2982 Cic.
1538 2931 1691 2980 Verr.

662 3012 747 3073 II,
786 3009 884 3068 15,
920 3023 970 3060 et
1004 3010 1103 3074 IV,
1134 3029 1221 3060 20.
1259 3042 1335 3050 —-
1364 3011 1433 3059 At
1462 3009 1698 3077 Vulpius

661 3091 854 3159 cogitat
885 3087 951 3140 de
989 3088 1048 3139 C.
1076 3092 1253 3151 Arrio,
1289 3091 1438 3157 cujus
1467 3090 1694 3140 mentio·

663 3189 783 3220 nem
826 3169 997 3238 injicit
1039 3169 1150 3221 Cic.
1180 3169 1233 3219 in
1264 3170 1419 3220 Attic.
1449 3170 1507 3231 I,
1551 3176 1611 3230 14
1643 3183 1695 3220 et

666 3251 758 3302 15.
814 3277 893 3288 —-
948 3247 1148 3311 Quidni
1200 3249 1429 3318 cogitare
1481 3267 1694 3319 quoque

659 3347 936 3398 possumus
955 3325 1022 3377 de
1045 3328 1137 3377 illo
1165 3329 1231 3393 Ο.
1254 3331 1432 3389 Arrio,
1459 3330 1528 3392 Q.
1552 3330 1693 3379 Arrii

663 3406 906 3479 praetoris
930 3406 1123 3460 Sicilire
1140 3405 1421 3476 designati,
1452 3405 1532 3466 (ut
1553 3407 1695 3460 vide-

662 3502 749 3539 tur
781 3489 1009 3538 Ernestio
1043 3486 1100 3536 in
1138 3486 1297 3538 Clave
1331 3487 1441 3539 Cic,
1480 3487 1595 3537 sub.
1637 3489 1688 3539 h.

662 3559 755 3634 n.)
795 3566 904 3617 silio
931 3607 944 3627 ,
992 3567 1082 3636 qui
1130 3565 1182 3614 in
1229 3567 1487 3618 honorem
1532 3568 1696 3636 patris

658 3646 1001 3718 magnificum
1027 3643 1192 3708 illud,
1220 3659 1276 3697 ut
1303 3665 1482 3697 auram
1508 3648 1694 3717 populi

659 3738 930 3798 captaret,
975 3724 1123 3776 dedit
1170 3725 1424 3796 epulum,
1474 3725 1542 3777 de
1587 3745 1693 3796 quo

664 3807 848 3860 Horat.
882 3805 1039 3858 Satir.
1071 3807 1154 3869 11,
1192 3805 1259 3867 3,
1295 3825 1344 3874 7.
1377 3806 1533 3858 Conf.
1580 3807 1693 3859 Cic.

665 3887 813 3939 Orat.
855 3887 907 3937 in
937 3887 1115 3937 vatin.
1170 3905 1253 3938 12.
1295 3916 1375 3927 --·
1420 3884 1524 3938 Sed
1564 3886 1694 3957 quid

665 3966 912 4033 interest,
959 3967 1182 4028 sciatur,
1231 3965 1349 4037 quis
1398 3967 1555 4019 fucrit
1602 3968 1692 4020 hic

662 4047 877 4108 Arrius,
908 4066 1002 4097 nec
1034 4047 1137 4097 ne?

1864 1833 1913 1865 2.
1956 1812 2104 1864 Libri
2143 1824 2342 1863 veteres
2380 1809 2531 1882 apud
2569 1812 2805 1863 vossium

1777 1911 1884 1943 nou
1901 1893 2080 1944 Arrius
2095 1933 2107 1953 ,
2131 1890 2223 1944 sed
2243 1893 2444 1942 Aretias
2461 1891 2670 1944 habent
2684 1931 2700 1954 ,
2723 1912 2806 1943 un·

1777 1970 1845 2023 de
1882 1975 2054 2023 Aetius
2095 1973 2229 2023 forte
2266 1968 2618 2023 scribendum
2652 1984 2805 2042 putat.

1861 2051 1890 2101 3
1909 2092 1923 2113 ,
1959 2060 2010 2114 4.
2037 2053 2152 2103 Hoc
2177 2049 2477 2114 distichon,
2502 2052 2690 2102 nescio
2714 2070 2807 2121 quo

1776 2150 1986 2194 errore,
2024 2132 2074 2182 in
2116 2130 2351 2183 editione
2388 2129 2668 2182 Parthenii
2703 2144 2808 2201 post

1775 2230 1983 2262 versum
2000 2209 2287 2273 decimum,
2306 2211 2468 2279 (haurn
2482 2210 2647 2261 subito
2668 2214 2809 2274 qssw-

1778 2303 1856 2340 tm·
1883 2304 1980 2343 etc.
2009 2291 2384 2360 transpositum
2411 2304 2506 2341 est.
2533 2320 2618 2329 —
2646 2293 2808 2359 Quan-

1778 2383 1874 2421 tum
1897 2383 2088 2440 poterat
2108 2412 2122 2433 ,
2155 2382 2352 2441 quanto
2376 2382 2592 2440 poterat
2629 2371 2806 2440 spiritu

1777 2452 1859 2504 vel
1893 2452 2001 2503 oris
2030 2451 2195 2503 hiatu.

1861 2532 1910 2584 5.
1935 2533 2018 2585 Sic
2044 2532 2235 2583 Cimber
2257 2531 2520 2581 aoemculus
2536 2534 2644 2599 ejus
2661 2530 2811 2581 Hein-

1776 2612 1881 2662 sius
1909 2612 1959 2663 in
1989 2613 2128 2662 notis
2153 2610 2220 2663 ad
2247 2611 2363 2662 Cat.
2387 2642 2471 2651 —
2497 2611 2650 2662 Liber
2673 2610 2808 2662 hand

1779 2691 1943 2742 dubie
1975 2711 2171 2743 nomen
2204 2691 2303 2742 viri
2336 2690 2651 2760 proprium.
2679 2691 2808 2742 Nam

1778 2769 1922 2841 quod
1954 2771 2268 2824 Passeratius
2295 2770 2559 2821 existimat
2578 2811 2595 2833 ‚
2621 2771 2810 2820 libem

1777 2870 1878 2920 pro
1917 2850 2120 2920 adjecto
2163 2848 2482 2903 sumendum
2524 2869 2669 2915 esse,
2710 2870 2811 2920 quo

1781 2933 1934 2983 tacite
1988 2932 2225 2983 Catullus
2275 2932 2502 2982 innuere
2549 2930 2814 2990 voluerit,

1781 3012 1996 3062 Arrium
2029 3031 2135 3062 non
2167 3030 2232 3062 ex
2259 3011 2412 3080 justis
2445 3011 2659 3080 nuptiis
2692 3030 2811 3081 pros

1781 3101 2012 3140 creatum
2039 3091 2196 3143 fuisse
2213 3128 2229 3152 ,
2257 3101 2439 3160 utpote
2467 3089 2564 3160 qui
2599 3110 2699 3144 nec
2727 3109 2812 3161 pa·

1781 3183 1914 3221 trem
1935 3188 2031 3220 nec
2054 3184 2301 3239 patruum
2326 3170 2579 3221 habuerit
2598 3171 2809 3230 liber-un,

1780 3247 1870 3300 sed
1906 3261 2125 3301 matrem
2155 3261 2205 3300 et
2230 3250 2558 3301 avunculum
2584 3263 2813 3312 tantum,

1780 3348 2070 3399 eorumque
2093 3340 2365 3398 parentam
2392 3326 2449 3381 id
2477 3330 2639 3381 anxie
2658 3330 2813 3400 magis

1779 3409 2055 3479 quaesitum
2092 3427 2250 3478 quam
2281 3408 2566 3477 probabile
2589 3408 2809 3462 videtur.

1862 3492 1915 3541 6.
1957 3489 2167 3539 Dixerat
2211 3489 2266 3538 in
2308 3485 2462 3539 editt.
2508 3488 2815 3548 Parthenii,

1781 3569 1989 3640 Gryph.
2031 3569 2230 3620 Muret.
2268 3565 2373 3619 Sed
2407 3580 2557 3620 recte
2592 3568 2814 3637 Scaliger

1779 3649 2018 3718 reposuit
2046 3667 2109 3699 ex
2139 3647 2302 3699 veteri
2327 3647 2598 3718 scriptura
2622 3649 2810 3707 dimit,

1785 3740 1837 3779 et
1868 3727 2083 3779 videtur
2114 3725 2249 3778 illud
2281 3728 2365 3779 vel
2392 3728 2537 3780 male
2567 3747 2636 3780 ex
2668 3746 2814 3780 versu

1781 3820 1969 3878 quarto
2000 3807 2316 3877 repetitum,
2346 3808 2430 3859 vel
2462 3807 2572 3859 hoc
2604 3809 2680 3860 ob
2711 3807 2813 3856 vim

1785 3886 1933 3938 modi
1963 3886 2268 3958 potentialis
2304 3906 2414 3938 non
2455 3888 2583 3940 satis
2617 3886 2815 3941 intelle-

1785 3980 1930 4020 ctum
1950 3965 2212 4020 esse.Vid.
2222 3979 2334 4018 not.
2346 3967 2698 4020 infe—lanus
2711 3967 2816 4017 Me-

1784 4048 1957 4116 leager
1980 4047 2115 4098 male
2139 4047 2193 4100 in
2218 4045 2321 4100 hoc
2350 4064 2570 4118 quoque
2594 4044 2815 4099 disticho
