2986 4935
797 486 1240 553 CARMEN
1300 488 1482 552 LXl
1511 489 1582 549 V.

2108 486 2241 556 231

251 623 548 688 Pfimaco
588 619 918 712 quondam
967 632 1303 712 prognatae
1350 620 1595 686 vertice
1644 620 1832 712 pinus

253 727 571 794 Dicuntur
612 724 886 818 liquidas
927 724 1220 818 Neptuni
1258 748 1448 791 nasse
1492 749 1611 817 per
1657 724 1867 792 undas

251 831 554 900 Phasidos
596 830 679 898 ad
722 831 992 917 fluctus,
1028 843 1093 897 et
1130 830 1292 897 fines
1331 831 1647 911 AEetaeos3

251 937 464 1025 Quum
499 936 647 1006 lecti
677 938 987 1029 juvenes,
1025 936 1284 1029 Argivae
1323 935 1564 1003 robora
1607 935 1832 1028 pubis,

249 1047 549 1111 Auratam
595 1056 897 1137 optantes
931 1040 1200 1110 Colchis
1232 1056 1529 1108 avertere
1563 1040 1833 1134 pellem,
2237 1075 2258 1113 s

236 1296 279 1329 t.
304 1279 494 1331 Peliaco
516 1291 641 1331 vere.
668 1279 722 1329 in
746 1297 952 1329 summo
982 1278 1148 1330 Thes-

163 1357 277 1409 salio
318 1358 503 1410 montis
540 1361 697 1428 jugo,
748 1357 838 1408 ubi
880 1356 1009 1408 silva
1039 1368 1151 1407 erat

165 1437 382 1504 pinifera.
412 1438 631 1489 Dor-ville
678 1434 786 1496 (ad
832 1433 1148 1496 Chariton.)

162 1529 403 1587 comparat
417 1517 654 1569 Maneth.
680 1516 763 1580 11,
790 1523 893 1577 104
912 1534 923 1567 :
945 1511 1151 1569 «Umid-

163 1596 243 1646 λιόν
287 1615 336 1647 τε
384 1597 532 1660 νεὼς,
565 1598 652 1652 τὴν
691 1597 999 1664 ἀκροτάτοισι
1038 1586 1146 1660 (ex

164 1673 398 1727 emendat.
448 1678 613 1729 Dorv.
635 1672 655 1736 )
701 1682 922 1744 τεμοῦσα
966 1675 1145 1728 Πηλίου

166 1753 204 1802 3⁶0
236 1761 396 1824 κορυφῇ
424 1755 623 1815 Παλλὰς
669 1759 770 1806 θέτ’
801 1755 876 1806 ἀν’
911 1755 1144 1821 &erpeium

164 1824 403 1900 ins-..Et
414 1835 646 1906 Aponon
669 1832 840 1886 Rhod.
867 1834 921 1884 11
937 1873 951 1897 ,
979 1851 999 1884 ι
1019 1853 1036 1884 1
1053 1851 1084 1899 9
1100 1851 1144 1885 1:

170 1913 336 1965 ·-ιια“ι
358 1916 484 1983 τάμε
511 1920 681 1982 χαλκῷ
710 1916 932 1983 Δοὺρατα
961 1913 1147 1967 Πηλιά-

164 1985 233 2050 δῡς
265 2000 452 2062 πωρυφῆς
485 1995 617 2062 πέρι.
639 2019 660 2039 ι
685 1994 1038 2062 —Progmztae
1060 1991 1147 2042 hic

166 2070 396 2140 eleganter
434 2070 501 2125 de
544 2072 862 2133 arboribus,
909 2090 1052 2141 quae,
1086 2085 1145 2123 ut

162 2149 419 2204 animantes
444 2189 458 2209 ,
505 2151 726 2222 stirpem
761 2169 906 2202 suam
949 2170 1144 2220 propa-

161 2244 264 2294 gare
307 2229 580 2292 dicuntur;
623 2230 747 2282 hinc
783 2231 969 2300 passim
1004 2229 1145 2299 apud

162 2321 316 2375 poetas
353 2311 434 2362 vel
481 2322 687 2361 matrum
705 2307 1014 2380 filiarumque
1049 2328 1144 2360 no·

164 2384 283 2438 mine
301 2389 652 2460 insigniuntur
673 2381 919 2459 (cf.Virg.
947 2390 1142 2458 Georg.

165 2464 234 2529 Π,
270 2488 356 2537 ι9,
388 2471 479 2522 ubi
507 2473 664 2543 plura
692 2470 747 2519 in
779 2470 911 2521 lianc
941 2487 1052 2520 rem
1083 2488 1145 2519 ex

163 2544 332 2600 Grecis
354 2551 660 2620 Latinisque
691 2550 1036 2619 scriptoribus
1064 2546 1145 2598 ‹li-

162 2624 355 2692 ligeuter
404 2628 617 2700 collegit
669 2629 904 2697 exempla
952 2629 1108 2679 Cer-da
1128 2669 1141 2687 ,

161 2701 266 2757 add.
288 2710 398 2761 AEn.
423 2709 534 2759 ΧΠ
557 2747 574 2773 ,
607 2703 768 2775 209),
798 2709 880 2759 vel
908 2726 1068 2777 genus
1095 2719 1147 2758 et

163 2784 313 2855 stirpis
347 2787 677 2841 nobilitatem
713 2789 912 2857 jactant
960 2786 1146 2837 Horat.

162 2861 252 2929 Od,
284 2868 335 2926 1,
374 2874 476 2930 14,
537 2885 626 2920 tx.
653 2866 834 2918 --Cs.
881 2883 1037 2935 supra
1080 2865 1145 2915 ad

162 2942 313 2997 Canu.
337 2947 437 3011 IV,
463 2965 535 2999 10
566 2958 620 2998 et
660 2945 746 2998 15.

231 3042 274 3075 ².
292 3025 440 3076 Nosse
450 3025 522 3078 de
543 3025 697 3078 celeri
718 3024 826 3076 fere
845 3037 898 3076 et
918 3022 1147 3075 secundo

161 3104 348 3156 navium
370 3123 544 3158 cursu.
569 3104 769 3156 Tibull.
797 3105 851 3167 Ι,
885 3106 912 3155 5
933 3142 946 3166 ,
973 3108 1064 3172 76.

229 3181 275 3233 3.
303 3185 540 3236 Phasidos
575 3184 796 3254 adfluce.
825 3196 873 3233 ee
879 3181 974 3250 fin.
1007 3184 1143 3233 AEee.

161 3258 358 3330 eleganti
376 3264 868 3333 circumscriptione
898 3281 1024 3332 pro·
1040 3261 1148 3312 Col·

161 3340 335 3404 cludet,
357 3344 447 3396 ubi
465 3344 776 3394 volvebatur
800 3341 990 3392 fluvius
1012 3342 1144 3391 Pha-

163 3422 236 3475 sis,
253 3434 301 3472 et
323 3423 605 3494 imperium
626 3423 905 3473 exercebat
919 3420 1103 3472 JEetes.
1120 3450 1139 3465 ··

161 3499 385 3564 —Quod
408 3504 614 3553 Lentim
639 3496 727 3561 (in
751 3501 888 3552 notis
904 3499 966 3550 ad
994 3500 1048 3551 h.
1075 3499 1149 3560 v.)

163 3590 320 3644 putat,
347 3600 443 3649 per
471 3581 691 3634 AEetoeos
705 3579 834 3648 fines
863 3593 1148 3631 extremam

163 3666 332 3710 terram
351 3660 565 3713 fortasse
588 3672 797 3729 poetam
824 3661 1043 3709 innuere
1065 3677 1151 3709 vo·

164 3736 295 3790 luisse
313 3777 328 3802 ,
356 3752 408 3791 et
437 3739 506 3791 ad
538 3740 674 3790 hanc
698 3739 1003 3790 sententiam
1033 3757 1152 3788 con·

162 3814 452 3870 flrnnndam
487 3820 541 3870 in
578 3818 742 3870 literis
781 3816 848 3868 ad
885 3834 970 3867 me
1019 3814 1154 3868 datis

162 3893 316 3950 laudat
341 3899 587 3966 Apollon.
610 3895 785 3948 Rhod.
816 3898 870 3947 11
888 3935 902 3959 ‚
936 3901 965 3956 4
983 3914 1045 3963 ¹9
1076 3914 1149 3965 sq.

163 3984 204 4023 εἰ
229 3980 329 4039 264
347 4015 363 4040 ‚
392 3976 449 4028 id
478 3997 538 4028 ex
562 3995 622 4027 ea
643 3974 857 4046 quidem
883 3975 1154 4044 opinione,

163 4070 248 4121 qua
286 4070 484 4109 veteres
513 4074 607 4127 per
631 4056 856 4109 Pontum
890 4055 1154 4106 Euxinum

165 4145 207 4182 et
241 4134 546 4189 Colchidem
597 4147 854 4187 extremos
897 4146 1154 4185 terrarum

1243 1278 1574 1346 mariumque
1620 1279 1716 1329 sibi
1748 1280 2045 1348 cogitarunt
2074 1282 2257 1332 termi-

1241 1373 1365 1417 nos,
1395 1355 1512 1407 fieri
1554 1358 1783 1426 potuisse
1808 1377 1992 1411 verum
2028 1373 2135 1423 est;
2168 1360 2257 1413 sed

1239 1434 1479 1503 profecto
1533 1437 1638 1505 jam
1691 1437 1961 1508 obliquam
2013 1452 2257 1491 extremae

1239 1526 1388 1565 terrae
1449 1513 1855 1584 descriptionem
1922 1531 2074 1587 poeta
2133 1517 2258 1570 dare

1235 1593 1424 1644 noluit.

1318 1679 1370 1736 4.
1406 1675 1531 1724 Laeti
1562 1678 1758 1743 juvenes
1794 1678 1846 1726 in
1890 1676 2084 1728 MSSC.
2139 1678 2256 1747 qui·

1235 1749 1484 1815 busdam,
1508 1765 1636 1805 teste
1662 1753 1855 1818 Statio;
1879 1755 1932 1806 in
1957 1756 2071 1807 aliis
2088 1795 2101 1820 ,
2124 1776 2256 1829 qnos

1236 1830 1383 1883 trivit
1410 1832 1475 1883 N.
1506 1831 1685 1885 Heius.
1706 1835 1823 1885 loesi.
1854 1866 1933 1876 -—
1964 1836 2123 1902 Quum
2148 1838 2256 1887 lecti

1229 1912 1433 1974 juvenes.
1469 1911 1695 1965 Theocr.
1739 1912 1896 1983 Idyll.
1938 1916 2103 1980 XIII,
2152 1915 2253 1978 16,

1243 2005 1262 2037 x
1278 1990 1340 2040 8:
1365 1983 1513 2042 ιᾸλλ’
1540 1993 1630 2043 ὅκοι
1652 1995 1707 2043 τὸ
1735 1996 1948 2061 χρύσειον
1971 1997 2102 2046 ἔπλει
2125 1995 2255 2064 μετὰ

1233 2073 1364 2128 κῶας
1416 2061 1572 2121 Ῐάσων
1609 2068 1896 2136 Αίσονίδας,
1939 2075 1978 2123 οἱ
2023 2068 2077 2123 δ’
2119 2077 2251 2146 αὑτῷ

1235 2148 1458 2216 ἀριστῆες
1488 2153 1633 2201 συνέπ
1645 2171 1772 2210 ιντο,
1800 2154 1979 2203 Πασᾶν
2005 2155 2059 2204 ἐκ
2076 2156 2250 2205 πολίων

1233 2232 1599 2297 προλελεγμένοι
1631 2267 1644 2285 ,
1692 2225 1753 2281 ὧν
1807 2233 1965 2299 ὄφελός
2026 2251 2090 2283 τι.
2128 2259 2148 2278 1·
2188 2234 2253 2284 Et

1235 2306 1411 2374 paullo
1468 2322 1585 2378 post
1641 2321 1891 2360 vocantur
1942 2313 2253 2380 Argonautae

1233 2388 1352 2444 otio:
1375 2386 1531 2447 ἄωτος
1560 2381 1756 2458 Ῑῖἶρώων.
1781 2390 2024 2441 -λεκτοὶ
2050 2381 2249 2460 ἡρώων,

1235 2483 1295 2515 ex
1324 2467 1568 2537 Apollon.
1598 2469 1767 2522 Rhod.
1795 2470 1890 2529 lv,
1921 2471 2053 2534 831,
2078 2472 2253 2525 laudat

1235 2545 1498 2598 Mitscherl.
1519 2582 1597 2589 --
1613 2550 1796 2619 Puppis
1824 2569 1923 2619 pro
1940 2551 2080 2619 pubis
2103 2552 2248 2604 MSS.

1235 2624 1384 2676 Statii
1427 2639 1476 2678 et
1520 2629 1707 2680 Venet.
1744 2660 1820 2670 -
1854 2630 2031 2699 ,At-giu.
2080 2632 2251 2683 robora

1228 2704 1367 2770 pubis
1395 2745 1408 2766 ,
1475 2707 1820 2759 robustissimi
1878 2709 2250 2782 fortissimique

1235 2772 1356 2845 (der
1381 2785 1529 2836 Kern
1555 2786 1649 2838 der
1679 2789 2035 2854 griechischen
2065 2791 2251 2842 Mann-

1236 2861 1452 2923 schast).
1483 2864 1567 2916 Sic
1595 2885 1729 2935 saepe
1759 2866 1903 2935 apud
1936 2869 2054 2918 Liv.
2080 2871 2251 2920 robora

1244 2945 1461 2993 virorum.
1535 2976 1611 2985 —
1670 2946 1920 3015 Exempla
1998 2948 2249 3000 conduxit

1237 3022 1618 3076 Drackenborcle.
1655 3022 1721 3074 ad
1759 3025 1872 3075 Liv.
1918 3027 2105 3091 XXII,
2144 3035 2211 3089 40
2235 3068 2247 3090 ‚

1240 3102 1304 3162 5,
1366 3114 1493 3152 tom.
1546 3102 1663 3161 111,
1719 3123 1771 3174 p.
1821 3105 1953 3156 635.
1991 3137 2067 3145 —
2115 3107 2253 3160 Huic

1235 3181 1435 3249 equites
1477 3182 1557 3233 bis
1587 3195 1826 3244 centum,
1869 3185 2059 3235 robora
2101 3188 2252 3254 pubis

1235 3262 1390 3312 Lecta
1406 3260 1721 3331 dabo.Virg.
1739 3263 2009 3323 AEn.V111‚
2037 3265 2063 3316 5
2081 3282 2100 3315 ῐ
2115 3268 2166 3316 8.
2181 3267 2249 3317 Ν.

1320 3343 1367 3392 5.
1394 3341 1571 3393 Aut-at.
1591 3343 1705 3410 pell.
1731 3354 1953 3392 avertere.
1985 3346 2064 3394 De
2091 3364 2251 3397 aureo

1239 3419 1464 3490 Phryxei
1506 3421 1681 3472 arietis
1728 3422 1920 3473 vellere
1966 3424 2018 3474 in
2070 3425 2255 3496 vulgus

1240 3501 1413 3550 omnia
1451 3514 1590 3551 nota.
1634 3499 1791 3552 Unde
1829 3515 2005 3553 ortum
2041 3506 2251 3556 traxerit

1242 3580 1412 3630 fabula
1435 3618 1449 3640 ‚
1481 3581 1649 3630 varias
1678 3595 1729 3631 et
1753 3581 2000 3633 ridiculas
2023 3582 2089 3634 ad
2110 3585 2253 3637 huuc

1241 3659 1414 3709 locum
1452 3678 1627 3710 causas
1660 3661 1891 3713 afferunt
1926 3662 2250 3731 interpretes.

1242 3737 1432 3788 Totam
1454 3738 1591 3789 hanc
1619 3758 1756 3802 rem,
1793 3741 2116 3792 nobilitatam
2153 3762 2255 3797 tnu-

1243 3818 1384 3868 xime
1413 3817 1649 3868 instituto
1683 3817 1870 3870 ordine
1897 3820 2134 3890 equitum
2168 3841 2256 3873 au·

1243 3896 1317 3947 rei
1351 3896 1591 3958 velleris,
1626 3898 1758 3949 bene
1789 3900 2007 3950 excussit
2041 3900 2254 3952 Rabene-

1244 3995 1322 4024 rus
1356 3977 1410 4026 in
1451 3977 1780 4027 Amoenieatib.
1817 3979 2101 4047 Pha’lologic.
2140 4002 2255 4053 pag.

1254 4055 1356 4122 ¹93
1384 4074 1526 4125 seqq.
1544 4058 1863 4107 ——Avertere
1885 4059 2104 4110 verbum
2136 4082 2259 4132 pro-

1247 4135 1418 4203 prium
1457 4134 1524 4186 de
1558 4135 1741 4198 rebus,
1775 4154 1900 4206 quas
1932 4159 1991 4189 ex
2016 4139 2181 4196 aliena
2207 4144 2258 4197 in

1817 4234 1949 4315 15⁴
