2986 4935
913 458 1358 530 CARMEN
1416 466 1651 532 CXV.

2195 468 2343 562 395
2439 468 2446 481 ’

423 592 882 686 Nequicquam
915 619 928 658 ε
964 594 1216 662 fructus
1249 595 1621 689 sumptibus
1656 614 2025 692 exsuperat.

315 704 544 787 Quare
577 699 871 767 concedo
910 700 992 766 sit
1025 699 1244 786 dives,
1281 700 1440 769 dum
1477 704 1699 770 omnia
1742 702 1974 772 desint.
2322 738 2343 775 ε

422 803 675 872 Saltum
722 803 1097 888 laudemus,
1142 805 1300 874 dum
1347 808 1548 876 modo
1583 813 1723 903 ipse
1765 824 1975 903 egeat.

291 1046 341 1100 4.
364 1040 443 1091 Ne
458 1042 715 1112 quidquam
720 1045 913 1108 smcms
931 1041 1081 1094 MSS.
1102 1048 1228 1100 Stat.

204 1151 285 1159 —
312 1120 416 1171 Nec
444 1123 693 1192 quicquam
706 1124 898 1188 fructus
921 1123 1128 1193 Gryph.
1154 1160 1231 1170 —

205 1201 458 1268 Exciperet
479 1201 630 1254 Voss.
654 1233 734 1243 —-
755 1203 1079 1276 Nequit-quam
1095 1248 1109 1270 ,
1140 1206 1230 1259 sed

205 1279 316 1332 haec
348 1280 529 1331 omnia
571 1283 789 1334 minime
823 1283 872 1334 ei
910 1285 1179 1339 sufficiunt
1215 1306 1228 1339 τ

194 1361 389 1421 ‚facetus
424 1362 684 1429 sumptibus
712 1376 990 1433 exsuperat,
1028 1366 1234 1420 excedit

205 1437 428 1491 modum
461 1440 517 1490 in
537 1440 791 1493 faciendis
810 1445 1106 1515 sumptibus
1129 1447 1229 1507 ita,

203 1530 263 1569 ut
289 1518 375 1570 isti
402 1520 560 1589 longe
583 1533 833 1592 superent
863 1522 1081 1578 reditus.

1399 1049 1449 1095 6.
1477 1047 1608 1097 Dum
1637 1058 1791 1098 tamen
1814 1051 1913 1116 ipse
1933 1048 1988 1099 in
2008 1045 2156 1100 editt.
2175 1048 2347 1118 pluri-

1321 1127 1438 1188 mis,
1450 1124 1594 1179 haud
1604 1124 1770 1179 dubie
1777 1125 1951 1178 hiatus
1963 1125 2165 1179 vitandi
2173 1144 2342 1178 causa.

1320 1203 1422 1257 Sed
1466 1208 1521 1258 in
1570 1204 1723 1259 MSS.
1764 1206 1915 1258 Statii
1954 1207 2197 1259 omnihus
2230 1205 2342 1256 dam

1322 1287 1459 1337 modo
1478 1328 1491 1349 ,
1528 1300 1580 1340 et
1610 1287 1685 1339 nic
1712 1298 1789 1338 est
1814 1286 1871 1338 in
1902 1284 2028 1339 edit.
2054 1285 2342 1339 Parthenii.

1321 1366 1548 1418 Minime
1603 1367 1831 1419 insolens
1880 1365 2023 1435 apud
2072 1365 2341 1418 Catullum

1322 1445 1433 1497 haec
1467 1446 1699 1498 elisionis
1735 1445 1978 1509 omimiO,
2015 1462 2163 1497 more
2194 1444 2344 1496 Grae-

1323 1544 1510 1578 corum
1527 1565 1543 1587 ,
1565 1544 1795 1597 quorum
1824 1525 2036 1578 habitus
2060 1524 2258 1577 retulit·

847 1782 1402 1871 CARMEN
1467 1783 1762 1871 CXV.

948 2040 1032 2083 IN
1092 2038 1599 2086 MENTULAM.

206 2226 567 2292 Mssa-um
606 2224 807 2292 habet
849 2227 1056 2293 instar
1095 2227 1364 2319 triginta
1399 2224 1636 2317 jugera
1681 2226 1896 2316 prati,

309 2329 771 2422 Quadraginta
803 2334 981 2398 arvi:
1009 2347 1246 2400 caetera
1282 2346 1435 2398 sunt
1471 2330 1700 2398 maria.

203 2440 347 2504 Cur
381 2461 515 2504 non
547 2436 787 2506 divitiis
823 2440 1126 2507 Croesum
1165 2462 1477 2531 superare
1510 2438 1681 2530 potis
1714 2436 1840 2505 sit?

314 2544 468 2611 Uno
509 2544 621 2636 qui
670 2546 737 2610 in
783 2543 951 2611 saltu
997 2559 1097 2613 tot
1140 2545 1314 2613 bona
1361 2542 1732 2638 possideat3

282 2770 420 2819 Ano.
461 2767 746 2831 Similiter,
788 2780 847 2818 ut
881 2768 934 2817 in
967 2768 1224 2837 epigram-

202 2861 341 2900 mate
366 2846 698 2898 antecedenti
715 2885 731 2910 ,
748 2846 998 2899 Mentulae
1013 2884 1029 2908 ‚
1054 2847 1226 2899 homi·

201 2928 285 2978 nis
308 2924 519 2997 prodigi
545 2939 598 2977 et
623 2926 850 2995 impuri,
874 2926 1129 2995 speciosas
1152 2929 1227 2978 ri·

199 3006 291 3059 det
319 3019 371 3058 et
393 3007 598 3076 sugillat
627 3004 852 3057 divitias.

282 3086 620 3156 Conjunctim
637 3085 740 3136 hoc
755 3086 1077 3155 epigramma
1103 3104 1225 3137 cum

197 3164 531 3218 antecedenti
601 3165 882 3216 exhibetur
947 3166 1001 3216 in
1073 3164 1224 3218 editt.

199 3246 382 3298 Parth.
408 3257 460 3298 et
486 3246 694 3315 Gryph.
761 3311 764 3313 Ὗ

290 3344 337 3377 1.
375 3325 481 3377 Pro
513 3328 684 3386 instar,
719 3323 865 3395 quod
896 3324 950 3375 in
977 3324 1224 3375 omnibus

195 3406 348 3456 libris
369 3405 668 3468 veteribus,
694 3417 822 3456 teste
847 3403 1044 3465 Statim
1071 3422 1225 3472 repe-

195 3485 359 3547 ritur,
380 3484 513 3536 alius
529 3484 686 3536 aliam
707 3503 886 3535 vocem
907 3484 1225 3536 substituen-

196 3564 321 3616 dam
355 3564 589 3634 putavit3
616 3564 810 3615 Statius
829 3561 1050 3633 quidem
1068 3564 1218 3631 justi,

196 3644 333 3696 Scal.
353 3646 524 3712 juxta,
551 3644 795 3696 Passerat.
820 3654 983 3694 nostra
998 3663 1018 3703 ,·
1052 3643 1106 3693 in
1134 3641 1218 3695 ed.

196 3724 252 3774 M
262 3724 398 3776 ureti
418 3737 496 3775 est
511 3736 685 3774 noster.
699 3754 776 3765 --
792 3724 891 3775 Hic
913 3726 1065 3773 instar
1080 3723 1222 3774 ahso-

196 3804 308 3854 lute
338 3803 582 3855 sumitur.
613 3802 815 3855 Gallice
854 3806 1062 3853 crevimn.
1105 3803 1171 3853 N.

282 3904 331 3935 ².
380 3884 570 3933 Extera
612 3896 724 3934 sunt
758 3886 911 3934 mat-ia
924 3922 938 3944 ,
982 3883 1036 3932 in
1082 3882 1221 3932 libro

192 3963 411 4015 Zanchi.
434 3991 517 4003 -—
542 3962 731 4014 Caetem
754 3976 864 4015 sunt
890 3965 1038 4012 maria
1055 4002 1066 4021 ,
1094 3962 1150 4013 h.
1174 3977 1218 4013 c.

190 4043 429 4104 infinitam
453 4058 574 4093 nam
595 4062 741 4105 mare,
773 4044 1011 4102 Oceanus,
1015 4043 1216 4110 flumen,

192 4127 371 4181 πόντος
389 4160 407 4184 ,
456 4123 648 4191 passim
701 4122 766 4176 de
818 4120 1091 4190 cujusdam
1145 4120 1221 4173 rei

1317 2761 1681 2836 magnitudine
1733 2778 1784 2817 et
1830 2765 2168 2819 abundantia.
2215 2769 2348 2820 vid.

1315 2847 1547 2915 Scaliger
1568 2845 1638 2897 ad
1665 2845 1720 2896 h.
1743 2846 1779 2897 l.
1802 2859 1856 2897 et
1881 2846 2101 2897 Dur-ville
2120 2847 2189 2899 ad
2211 2849 2346 2900 Cha·

1315 2928 1399 2978 rit.
1435 2945 1489 2994 p.
1528 2927 1640 2978 636
1681 2920 1787 2984 (ed.
1817 2924 2018 2995 Lips.),
2051 2928 2248 2977 Ernesti
2277 2927 2343 2979 ad

1316 3005 1624 3057 Callimach.
1669 3004 1865 3074 Hymn.
1908 3004 1963 3056 in
2007 3006 2242 3074 Apollin.
2296 3026 2342 3056 v.

1324 3088 1427 3138 106
1473 3096 1528 3135 et
1575 3084 1768 3136 Cottius
1808 3081 1875 3133 ad
1928 3083 2139 3137 Sallust.
2187 3084 2342 3138 Catil.

1315 3165 1543 3226 XXIII,
1577 3158 1607 3223 S
1655 3164 1706 3216 3.
1748 3192 1829 3205 -·
1871 3163 1985 3215 Nisi
2032 3166 2152 3233 quis
2195 3170 2346 3216 maria

1314 3244 1626 3314 simpliciter
1656 3241 1724 3294 de
1755 3243 2057 3313 ingentibus
2083 3249 2268 3312 stagnis
2295 3258 2348 3296 et

1309 3324 1568 3394 paludibus
1600 3341 1806 3375 sumere
1838 3324 2000 3376 malit.

1398 3410 1449 3465 4.
1488 3405 1584 3454 Tot
1604 3403 1744 3454 modo
1770 3402 1824 3453 in
1849 3401 1974 3455 edit.
2000 3403 2272 3455 Parthenii
2291 3417 2345 3455 et

1314 3483 1581 3535 nonnullis
1604 3483 1756 3535 MSS.
1781 3482 1947 3535 Statii.
1969 3514 2045 3523 —
2078 3484 2128 3534 T
2123 3496 2175 3534 ot
2200 3484 2342 3533 moth

1313 3563 1366 3615 in
1397 3564 1513 3615 aliis
1537 3562 1691 3616 MSS.
1713 3560 1856 3634 apud
1882 3563 2104 3614 Statium
2133 3576 2188 3614 et
2218 3563 2345 3616 Sca·-

1308 3643 1533 3711 ligerum
1548 3681 1564 3707 ,
1587 3657 1638 3695 et
1661 3644 1716 3695 in
1737 3641 1871 3696 cod.
1894 3642 2172 3705 Patavina,
2192 3642 2341 3712 quod

1309 3724 1501 3792 probat
1543 3722 1802 3792 Scaliger,
1851 3733 1904 3773 et
1944 3721 2173 3791 Vulpiua
2218 3733 2335 3773 tan·

1309 3821 1467 3872 quam
1482 3801 1799 3871 compendio
1817 3803 1883 3853 ab
1898 3800 2340 3870 antiquisLatinis

1313 3883 1720 3951 pronunciatum
1747 3881 1971 3950 explicat
1990 3897 2091 3950 pro
2117 3892 2188 3930 tot
2209 3902 2340 3932 com-

1312 3961 1466 4012 mod«.
1495 3962 1603 4012 Nos
1619 3959 1864 4012 dedimus
1888 3960 2162 4011 lectionem
2184 3959 2332 4012 editt.

1311 4042 1519 4110 Gryph.
1550 4041 1742 4095 Muret.
1775 4040 2111 4110 Henricpetr.
2141 4041 2336 4093 Cama·

1311 4120 1444 4189 hrig.
1476 4120 1651 4172 Groev.
