2986 4935
646 534 743 599 00

1178 514 1253 578 C.
1292 512 1727 579 VALERII
1788 513 2258 580 CATULLI

1241 738 1799 825 CARMEN
1867 737 2207 823 XXII.

1456 966 1556 1008 AD
1616 962 1987 1008 VARRUM.

757 1145 1125 1209 Sum-’mus
1168 1144 1324 1222 iste,
1355 1143 1605 1224 Vni-re,
1650 1163 1845 1231 quem
1887 1139 2095 1232 probe
2141 1144 2353 1227 nosti,

759 1251 974 1314 Homo
1018 1261 1117 1315 est
1155 1260 1509 1330 x·enustu5‚
1543 1259 1605 1313 et
1647 1245 1835 1312 dicax
1876 1259 1942 1313 et
1976 1247 2311 1332 urbanuS,

754 1354 1070 1446 Idemque
1114 1352 1308 1447 longe
1354 1352 1673 1447 plurimos
1719 1350 1875 1419 facit
1913 1376 2157 1420 versus

727 1542 864 1590 Aac.
881 1539 1176 1603 Suffenum,
1187 1538 1459 1589 hominem
1474 1555 1670 1588 vanum

1761 1535 1941 1587 milem
1960 1555 2065 1588 csse
2079 1537 2415 1607 pronunciat.
2433 1540 2555 1603 Qua
2573 1539 2797 1610 quidem

651 1634 699 1671 et
725 1620 960 1689 ineptum
984 1618 1144 1677 ridet,
1164 1619 1255 1690 qui
1279 1658 1293 1682 ‚
1311 1637 1478 1688 quum
1507 1618 1674 1669 bellus
1759 1617 2082 1668 nobilissima
2111 1630 2160 1669 et
2187 1618 2549 1670 honestissima
2571 1640 2800 1673 conver-

653 1713 703 1751 et
728 1700 958 1749 urbanus
983 1698 1149 1749 videri
1176 1698 1354 1761 vellet,
1375 1716 1482 1747 non
1503 1698 1671 1747 solum

653 1778 707 1829 in
756 1780 972 1829 verbosa
1013 1777 1241 1848 quadam
1281 1778 1579 1846 garrulitate
1625 1789 1673 1826 et

649 1860 762 1910 aliis
791 1858 991 1909 frivolis
1019 1872 1068 1910 et
1096 1858 1320 1908 ventosis
1342 1857 1543 1907 artibus
1570 1856 1673 1908 ele·

651 1940 836 2007 gantiae
859 1938 1134 2006 gloriolam
1154 1937 1542 2005 aucupabatur,
1558 1934 1670 1999 sed,

654 2031 708 2069 ut
733 2037 839 2069 esse
863 2017 990 2068 solet
1016 2016 1273 2086 ejusmodi
1299 2016 1574 2068 hominum
1602 2017 1678 2067 su-

654 2117 774 2160 ror,
826 2117 887 2148 ex
932 2099 1088 2149 sacris
1140 2115 1354 2167 quoque
1402 2097 1674 2147 Musarum

654 2178 853 2247 campis
906 2178 1261 2229 calamistratae
1306 2189 1355 2227 et
1403 2175 1679 2245 unguentis

656 2255 917 2309 diffluenti
958 2258 1117 2308 ltonti
1156 2258 1349 2308 olivam
1395 2254 1679 2325 decerpere

658 2337 940 2407 quaerebat.
980 2336 1093 2387 Hoc
1123 2337 1281 2405 igitur
1313 2337 1491 2386 surore
1527 2336 1677 2386 abre·

659 2432 811 2486 ptuS,
846 2415 987 2469 facili
1032 2416 1272 2486 negotio,
1303 2428 1387 2479 et,
1427 2427 1481 2465 ut
1499 2415 1679 2465 Venu-

658 2498 803 2547 sinus
834 2495 1004 2557 cauit,
1045 2508 1180 2546 stans
1207 2494 1341 2565 pede
1375 2496 1426 2545 in
1458 2514 1566 2544 uno
1597 2497 1678 2546 in-

657 2595 906 2627 numeros
950 2573 1204 2626 fundebat
1251 2593 1458 2638 versus;
1493 2586 1544 2624 et
1587 2575 1681 2625 hos

656 2653 863 2726 lepidos
895 2655 1090 2722 ingenii
1127 2668 1335 2725 partuf,
1371 2653 1520 2704 sicuti
1554 2655 1681 2705 boni

660 2749 898 2805 parentes
914 2733 1129 2785 tenellos
1144 2735 1333 2785 filiolos
1346 2770 1360 2795 ‚
1378 2746 1522 2784 tanto
1543 2752 1685 2784 amo·

659 2833 715 2866 re
738 2814 1138 2865 deosculabatur
1157 2826 1205 2865 et
1229 2827 1333 2865 tam
1358 2812 1578 2863 sollicite
1600 2833 1685 2882 pa-

661 2910 803 2946 terna
841 2894 984 2965 quasi
1020 2912 1142 2944 cura
1182 2893 1419 2955 fovebat,
1455 2906 1509 2943 ut
1551 2893 1680 2943 nulli

663 2975 891 3044 sumptui
923 2992 1140 3042 parcens
1159 2974 1347 3044 quovis
1373 2986 1682 3023 ornamento

662 3069 934 3105 externum
983 3052 1315 3122 splendorem
1362 3052 1463 3104 illis
1504 3053 1683 3103 couci-

661 3135 788 3185 liare
842 3131 1086 3185 studeret.
1132 3166 1211 3176 —
1253 3131 1351 3185 Sed
1400 3133 1451 3183 in
1500 3131 1682 3182 iisdem

662 3214 867 3282 egregie
913 3214 1198 3263 stultissimi
1242 3212 1468 3263 auctoris
1515 3211 1685 3279 imago

662 3312 898 3362 expressa
929 3291 1027 3342 fuit
1047 3332 1059 3347 ,
1091 3291 1222 3343 adeo
1255 3311 1342 3342 rus
1382 3305 1430 3343 et
1468 3305 1688 3360 agrestes

665 3392 837 3422 mores
877 3370 1185 3422 redolebant
1225 3389 1402 3422 versus
1438 3371 1506 3421 ab
1542 3371 1687 3421 omni

662 3464 928 3503 venustate
956 3463 1006 3501 et
1039 3452 1333 3502 urbanitate
1367 3450 1685 3501 alienissimi.

663 3561 743 3571 -—
767 3533 908 3582 Dum
947 3529 1105 3598 igitur
1139 3532 1374 3582 Catullus
1402 3530 1454 3580 in
1482 3530 1580 3580 hac
1615 3529 1687 3580 ri·

664 3609 839 3663 dicula
861 3610 1062 3660 Suffeni
1094 3612 1322 3678 φιλαυτίᾳ
1346 3608 1689 3660 describenda

664 3703 982 3761 occupatur,
1011 3703 1224 3760 repente
1254 3690 1308 3739 in
1335 3707 1487 3739 versu
1523 3690 1589 3739 18
1623 3690 1690 3739 ab

661 3772 890 3823 aliorum
944 3768 1195 3820 vitiorum
1246 3767 1691 3838 contemplatione

664 3850 728 3902 ad
770 3870 822 3902 se
867 3847 1033 3911 redit,
1061 3861 1143 3912 et,
1175 3867 1268 3898 suo
1311 3848 1471 3917 ipsius
1513 3847 1690 3897 animo

665 3929 969 4000 diligentius
1013 3947 1254 3989 excusse,
1292 3927 1564 3979 neminem
1613 3927 1691 3977 vi-

663 4012 857 4061 tiorum
878 4020 1146 4077 expertem
1163 4046 1177 4069 ‚
1195 4007 1362 4058 immo
1377 4006 1690 4075 quemlibet,

662 4091 715 4141 iu
742 4107 1062 4159 quocunque
1089 4086 1304 4138 demum
1331 4089 1586 4153 φιλαυτίας
1609 4106 1693 4154 ge-

666 4189 790 4221 nere
820 4170 912 4230 sit,
939 4167 1160 4219 Suffeno
1189 4164 1420 4236 quodam
1448 4164 1607 4217 modo
1633 4168 1693 4216 si·

1762 1696 1908 1747 sione
1960 1709 2218 1766 quantum
2263 1696 2530 1767 dignitatis
2582 1700 2803 1753 accedat

1762 1775 1887 1827 huic
1911 1776 2162 1840 carmini,
2189 1795 2309 1828 suus
2328 1797 2595 1848 quemque
2621 1799 2804 1832 sensus

1763 1853 1992 1908 docebit.

1852 1953 1873 1985 1
1888 1975 1898 1986 .
1920 1937 1970 1987 F
1969 1938 2156 2001 usserius
2181 1938 2377 1988 mavult
2402 1937 2665 1990 Muretus.
2682 1939 2802 1991 Pari

1766 2013 1927 2066 modo
1963 2014 2105 2085 apud
2136 2017 2349 2067 Livium
2382 2019 2435 2079 1,
2485 2018 2574 2068 23.
2615 2019 2803 2071 Mettus

1766 2095 1818 2145 F
1816 2098 2009 2160 usserius
2064 2115 2169 2146 non
2228 2095 2464 2162 Suffetius
2510 2097 2803 2167 legendum

1766 2193 1872 2226 esse
1895 2173 2164 2226 contendit
2187 2176 2623 2228 Drackenborch.
2641 2198 2804 2248 quem

1765 2253 1886 2306 vide
1919 2268 1967 2307 et
2010 2275 2142 2324 quos
2177 2255 2251 2305 ibi
2295 2255 2362 2307 de
2395 2256 2493 2308 hac
2531 2257 2804 2310 scribendi

1767 2336 1968 2385 ratione
2001 2333 2178 2385 laudat
2202 2348 2242 2387 t.
2277 2337 2301 2386 1
2321 2375 2335 2397 ‚
2370 2354 2423 2406 p.
2450 2339 2543 2404 98.
2561 2370 2643 2379 —
2671 2339 2808 2388 Vare

1771 2414 1822 2463 in
1848 2415 2091 2484 plurimis
2118 2412 2263 2466 editt.

1836 2515 1885 2546 2.
1904 2497 2063 2545 Homo
2082 2508 2335 2555 venustum
2355 2493 2602 2557 (Stutzer.
2625 2498 2804 2566 galam

1767 2573 2163 2633 homme.)cs.ad
2174 2578 2351 2628 Carm.
2370 2577 2469 2639 111,
2484 2578 2810 2639 2.—Dica.r‚

1771 2654 1863 2723 qui
1890 2655 2086 2706 multus
2110 2668 2159 2706 et
2187 2656 2431 2724 copiosus
2454 2669 2527 2707 est
2553 2656 2608 2707 in
2632 2676 2810 2709 seren·

1771 2733 1851 2784 dis
1888 2735 2250 2797 sermonibus,
2286 2733 2427 2786 idem
2464 2736 2650 2805 paullo
2689 2751 2811 2807 post

1774 2812 1971 2864 dicitur
2021 2834 2186 2864 scurra
2224 2834 2275 2865 v.
2319 2833 2411 2867 12.
2455 2816 2683 2866 Urbanus
2717 2819 2812 2887 qui

1776 2893 2020 2943 comitate
2035 2933 2047 2951 ,
2068 2895 2315 2944 suavitate
2334 2933 2347 2955 ‚
2372 2894 2475 2946 sale
2500 2909 2552 2946 et
2569 2893 2815 2947 dicteriis

1774 2991 1955 3022 auram
2001 2974 2184 3043 populi
2232 2987 2437 3043 captat,
2478 2987 2529 3024 et
2567 2975 2817 3027 cultioris

1776 3053 1893 3102 vitae
1915 3052 2318 3103 concinnitatem
2344 3071 2452 3122 prae
2468 3071 2519 3103 se
2541 3053 2682 3105 ferre
2703 3070 2817 3106 stu·

1776 3130 1879 3182 det.
1908 3131 2099 3182 Passim
2124 3145 2297 3183 autem
2325 3130 2468 3202 apud
2491 3134 2717 3186 Veteres
2732 3155 2815 3185 ur·

1776 3212 1925 3260 haum
1965 3229 2084 3262 cum
2120 3232 2284 3261 scurra
2313 3212 2605 3264 consociari
2646 3214 2816 3275 solet,

1777 3290 1902 3361 quia
1930 3290 2205 3341 ambitiosa
2230 3291 2515 3341 urbanitatis
2540 3293 2818 3345 affectatio

1780 3372 2091 3440 plerumque
2142 3390 2265 3422 cum
2320 3372 2526 3422 scurrili
2577 3371 2818 3443 quadam

1778 3449 2047 3502 dicacitate
2074 3453 2354 3520 conjuncta
2384 3464 2474 3503 est.
2497 3451 2670 3505 Plaut.
2692 3453 2821 3505 Μο-

1778 3530 1907 3581 stell.
1942 3530 1991 3593 1,
2029 3546 2048 3579 ι
2073 3569 2087 3593 ,
2121 3529 2216 3580 15:
2253 3532 2372 3582 «Tu
2410 3531 2647 3583 urbanus
2684 3552 2821 3584 vero

1779 3626 1983 3662 scurra,
2013 3606 2216 3661 deliciae
2241 3610 2424 3680 popli,
2453 3611 2561 3661 Rus
2590 3612 2734 3664 mihi
2764 3626 2821 3664 tu

1778 3688 2043 3758 objectas?
2069 3714 2089 3732 n
2135 3689 2218 3741 Cf.
2255 3690 2385 3741 Hor.
2419 3690 2589 3760 Epist.
2622 3692 2682 3755 1,
2727 3694 2823 3753 15,

1785 3788 1854 3839 ²7
1874 3806 1888 3830 ,
1920 3770 1991 3819 28
2012 3807 2026 3831 ,
2050 3782 2099 3820 et
2123 3767 2362 3821 Gronov.
2390 3767 2458 3822 ad
2489 3770 2662 3824 Plaut.
2690 3773 2824 3824 Tri-

1781 3866 1928 3900 num.
1958 3848 2011 3910 Ι,
2049 3867 2108 3911 2,
2145 3852 2271 3901 165.

1866 3928 1918 3979 3.
1948 3928 2026 3978 Id.
2053 3928 2186 3996 long.
2209 3930 2343 3998 plur.
2361 3931 2470 3997 sac.
2493 3949 2623 3981 νει-3.
2654 3944 2718 3983 ut
2737 3950 2826 3984 so-

1781 4008 1890 4060 lent
1923 4007 2130 4076 pessimi
2157 4007 2358 4078 quique
2390 4023 2596 4079 poetoe,
2625 4030 2826 4081 quem-

1781 4088 1906 4138 libet
1925 4106 2047 4137 cum
2072 4086 2319 4158 Crispino
2338 4087 2484 4159 apud
2504 4090 2694 4142 Horat.
2713 4092 2827 4143 Sat.

1784 4169 1805 4217 1
1825 4206 1840 4229 ,
1864 4174 1892 4229 4
1916 4206 1931 4229 ,
1961 4185 1980 4216 ι
1995 4171 2027 4219 6
2043 4205 2057 4230 ,
2075 4165 2141 4218 ad
2159 4181 2422 4221 certamen
2440 4184 2827 4239 provocantes:
