2986 4935
867 415 1306 483 CARMEN
1364 418 1561 484 LXI.

2064 430 2075 452 ⁷
2134 443 2259 513 ¹9¹

794 548 1018 641 Usque
1063 545 1220 614 dum
1268 547 1622 616 tremulum
1664 572 1938 617 movens

582 655 764 720 Cana
803 667 1062 746 tempus
1097 653 1353 720 anilitas

580 760 822 826 Omnia
855 758 1160 826 omnibus
1188 757 1441 826 annuit.

585 865 657 931 Io
690 867 950 957 Hymen
982 867 1335 956 Hymenaee
1374 865 1470 944 ἰο,

580 971 656 1036 10
697 954 953 1063 Hymen
994 973 1362 1062 Hymenaee.
2204 1005 2271 1042 ,65

788 1074 1099 1143 Transfer
1134 1077 1357 1144 omine
1393 1100 1544 1145 cum
1585 1077 1761 1146 bono

582 1181 814 1248 Limen
854 1180 1160 1250 aureolos
1191 1180 1423 1274 pedm,

582 1285 998 1381 Rasilemque
1029 1286 1172 1355 subi
1213 1286 1440 1354 forem.

579 1393 655 1458 lo
694 1395 954 1485 Hymen
990 1396 1341 1485 Hymenaee
1379 1393 1478 1475 io,

578 1498 654 1566 Io
701 1501 958 1591 Hymen
1002 1493 1377 1591 Hymenaee.
1595 1545 1601 1558 .
2203 1546 2275 1583 17..

793 1604 1108 1697 Adspice,
1148 1606 1322 1670 intus
1362 1618 1432 1671 ut
1474 1603 1805 1673 accubans

173 1785 240 1836 tui
279 1799 349 1837 est
383 1799 503 1850 tua,
546 1805 665 1857 quae
704 1788 801 1840 tibi
842 1807 972 1839 serv.
1015 1787 1174 1840 modo

174 1864 299 1917 velis.
326 1865 395 1918 N.

247 1947 361 1997 161.
396 1947 556 2015 Usque
576 1946 686 1998 dum
712 1947 895 1998 eremal.
925 1965 1043 1997 mov.
1070 1959 1165 1998 etc.

171 2021 349 2075 Versus
376 2025 690 2078 ornatissimi
718 2023 1169 2096 splendissimique

171 2119 257 2170 pro
280 2105 512 2174 vulgari,
541 2130 563 2150 ι
582 2103 875 2176 usquedum
914 2105 967 2155 in
1001 2116 1170 2155 extre-

167 2198 242 2233 ma
272 2182 560 2255 aliquando
603 2197 859 2237 senectute
895 2182 1171 2235 constituta

167 2271 212 2310 et
230 2273 369 2314 aetate
385 2264 521 2315 fessa
538 2263 713 2315 omnia
736 2264 875 2314 bona
895 2262 1165 2322 omnihus,

164 2340 323 2408 quiea
341 2355 629 2414 appetunt,
648 2343 887 2394 lubenter
904 2359 1172 2392 concessu-

163 2434 216 2470 ra
239 2439 305 2473 es.
329 2448 350 2467 ο
378 2424 532 2477 Anus
545 2435 716 2474 autem
735 2439 927 2477 annosa
947 2418 1170 2473 subinde

165 2503 420 2554 minentis
461 2501 648 2572 eapitis
695 2514 839 2553 motu
886 2513 1069 2553 nutare
1119 2511 1172 2552 et

157 2577 261 2630 aliis
283 2581 392 2634 fere
421 2598 659 2634 annuere
682 2580 826 2632 solet.

236 2663 359 2712 16².
403 2662 611 2730 Tempus
646 2679 745 2730 pro
774 2671 919 2730 parte
956 2657 1169 2727 capitis,

152 2732 216 2787 de
239 2758 341 2809 qua
369 2740 637 2811 plnmlem
665 2736 825 2790 modo
851 2735 958 2789 dici
981 2736 1170 2789 Gram-

155 2818 323 2871 matici
345 2818 699 2889 precipiunt,
720 2815 860 2888 apud
889 2818 1060 2886 ipsum
1087 2814 1171 2866 Ci-

153 2911 389 2952 ceronem
433 2900 493 2951 in
540 2897 789 2968 singulari
830 2896 1061 2949 occurrit
1100 2893 1168 2946 ad

154 2974 377 3032 Herenn.
395 2979 504 3040 lv,
525 2982 624 3046 693
644 2974 711 3030 cf.
737 2976 910 3043 Gisan.
929 2976 984 3026 in
1003 2973 1170 3027 Indic-

150 3051 352 3109 Laetet.

227 3139 357 3189 166.
409 3137 651 3202 Transfer
675 3139 816 3187 οηιὶιι.
846 3154 888 3186 c.
927 3134 1035 3184 hon.
1069 3132 1167 3183 lim.

146 3233 247 3268 aar.
269 3217 420 3285 podes
440 3236 463 3269 .-
485 3216 655 3267 Plaut.
684 3215 857 3267 Casin.
887 3214 988 3273 IV,
1024 3219 1087 3275 4,
1122 3230 1168 3264 1:

149 3293 385 3348 «Sensim
416 3313 581 3365 super
606 3294 783 3346 attolle
801 3293 962 3344 limen
978 3289 1170 3360 pedes,

143 3392 274 3427 nova
295 3388 492 3446 nupta.
514 3399 536 3418 ι·
565 3373 876 3425 ominosum
902 3371 1044 3422 enim
1068 3389 1169 3440 pu·

144 3454 345 3511 iah-mr
375 3456 464 3507 vel
499 3449 844 3521 ingrediendo
869 3450 1029 3501 limen
1057 3462 1168 3500 tan-

138 3551 256 3601 gere
270 3554 286 3587 :
300 3532 422 3589 vid.
441 3534 710 3587 Burmann.
722 3529 791 3583 ad
810 3527 969 3581 ovid.
986 3530 1167 3580 Amor.

142 3611 196 3675 Ι,
242 3630 308 3666 1²
329 3652 348 3677 ‚
391 3621 449 3676 4.
471 3609 714 3665 Tradunt
745 3622 946 3670 autem,
971 3608 1065 3677 qui
1099 3605 1167 3659 de

137 3690 516 3749 Romanorum
589 3690 776 3742 ritibus
844 3685 1170 3757 nuptialibus

135 3772 394 3842 scripsere
412 3809 434 3833 ‚
461 3788 655 3822 novam
669 3780 886 3838 nuptam
899 3804 915 3830 ‚
931 3778 988 3816 ut
1005 3766 1166 3818 invita

133 3851 337 3904 nubere
387 3864 446 3903 et
494 3848 845 3919 virginitatem
903 3844 1168 3915 deponere

132 3929 416 3985 videretur
437 3962 458 3985 ‹-
478 3948 509 3980 a
538 3925 912 3999 paranymphis
937 3937 1078 3976 trans
1103 3922 1167 3975 li-

134 4025 249 4062 men
304 4021 582 4080 portatam
629 4024 752 4059 esse·
787 4036 866 4048 --
896 4003 1127 4055 Aureolos
1152 4043 1165 4063 ,

128 4090 427 4155 pulchro-3
466 4106 554 4139 res
581 4098 722 4138 nota.

1353 1790 1478 1840 168.
1528 1790 1701 1841 Forem
1753 1791 1938 1840 rasilem
1958 1830 1973 1852 ‚
2027 1792 2282 1862 eleganter

1261 1866 1474 1936 politam
1509 1880 1559 1919 et
1584 1868 1870 1938 laevigatam
1885 1908 1898 1929 ‚
1920 1869 1987 1920 cf.
2012 1871 2160 1923 Voss.

1348 1965 1474 2015 171.
1505 1948 1714 2016 Adspice
1740 1952 1866 1998 intus
1889 1969 1907 2000 .·
1945 1949 2077 2000 Unus
2112 1963 2166 2000 ut
2189 1972 2272 2001 ac-

1260 2024 1435 2076 cubans
1473 2038 1710 2077 constans
1746 2027 1898 2078 lectio
1934 2027 1986 2078 in
2029 2029 2273 2082 omnibus

1260 2103 1411 2155 MSS.
1445 2117 1496 2156 et
1519 2104 1668 2156 editt.
1693 2118 1814 2158 vett.
1844 2107 1992 2175 cujus
2011 2106 2275 2177 integritas

1259 2180 1402 2234 haud
1440 2182 1601 2234 dubie
1638 2182 1938 2254 impugnata
1969 2198 2042 2236 est
2074 2188 2141 2238 ab
2178 2188 2269 2252 iis,

1259 2262 1352 2331 qui
1380 2262 1433 2313 in
1464 2261 1810 2332 explicatione
1839 2269 1921 2314 τοῦ
1957 2283 2076 2315 anus
2106 2266 2269 2317 baere-

1258 2353 1390 2408 rent.
1413 2341 1501 2392 Est
1529 2353 1702 2393 autem
1723 2344 1807 2392 vir
1825 2361 1943 2393 anus
1960 2383 1976 2405 ‚
2003 2344 2093 2413 qui
2118 2345 2270 2413 plane

1259 2420 1303 2471 is
1328 2432 1405 2473 est
1418 2460 1431 2483 ,
1453 2422 1545 2491 qui
1568 2439 1675 2473 esse
1692 2419 1873 2485 debet,
1888 2422 2043 2475 unice
2061 2425 2269 2496 conjugi

1259 2498 1468 2553 deditus
1501 2513 1553 2552 et
1600 2500 1655 2552 in
1699 2500 1969 2572 explendis
2008 2503 2130 2555 boni
2172 2505 2269 2556 viri

1257 2579 1493 2650 partibus
1540 2579 1694 2632 unice
1733 2594 2028 2651 occupatus.
2065 2582 2269 2636 Eodem

1259 2660 1413 2729 plane
1436 2677 1585 2711 sensu
1615 2678 1773 2730 supra
1798 2658 2070 2713 dicebatur
2092 2662 2267 2715 Carm.

1260 2737 1442 2802 XXII,
1487 2755 1584 2804 10,
1619 2759 1737 2790 anus
1777 2741 2094 2809 caprimulgus
2110 2781 2125 2803 ,
2174 2742 2268 2793 ubi

1259 2817 1324 2868 cf.
1363 2829 1537 2882 notas,
1579 2831 1629 2870 et
1679 2819 1751 2870 sic
1796 2808 2000 2889 egregie
2039 2826 2108 2889 τῷ
2151 2840 2269 2872 ames

1259 2895 1539 2965 respondet
1586 2897 1641 2948 in
1694 2898 1797 2965 173
1820 2936 1834 2961 ,
1887 2910 2026 2949 totus.
2072 2898 2271 2951 Mutata

1258 2988 1432 3026 autem
1455 2987 1528 3026 est
1549 2995 1646 3026 vox
1668 2995 1785 3025 anas
1811 2975 1878 3027 ab
1901 2977 2270 3043 interpretibus

1261 3055 1340 3104 vel
1382 3055 1437 3104 in
1476 3058 1594 3105 imm
1628 3055 1699 3105 ob
1735 3055 2018 3106 solemnem
2058 3054 2267 3108 fortasse

1260 3133 1445 3185 harum
1498 3132 1724 3185 duorum
1782 3150 1970 3185 vocum
2016 3133 2069 3184 in
2120 3134 2269 3186 libris

1258 3212 1520 3263 veteribus
1561 3212 1917 3263 confusionem
1939 3250 1953 3276 ,
1989 3210 2095 3263 vid.
2132 3214 2266 3264 Dra·

1259 3291 1533 3343 ekenborch.
1558 3289 1626 3342 ad
1651 3291 1744 3343 Sil.
1775 3291 2021 3355 Italic.V,
2052 3308 2111 3342 11
2127 3312 2154 3344 a
2176 3331 2191 3354 ‚
2215 3308 2264 3345 et

1259 3371 1383 3432 XV,
1413 3370 1520 3439 590
1537 3406 1553 3431 ‚
1572 3372 1652 3421 vel
1674 3371 1726 3421 in
1750 3382 1935 3433 unctus,
1965 3371 2133 3422 Barth.
2156 3370 2265 3423 Ad-

1258 3468 1446 3500 versar.
1496 3468 1517 3501 1
1537 3449 1753 3517 159-1
1771 3453 1908 3512 160,
1935 3450 2016 3500 vel
2064 3450 2115 3500 in
2150 3451 2266 3503 udus

1260 3530 1370 3580 Nic.
1401 3529 1572 3582 Heius.
1592 3528 1865 3581 Adversar.
1888 3546 1931 3577 c.
1959 3528 2006 3578 X
2022 3566 2036 3590 ,
2054 3548 2107 3598 p.
2142 3547 2270 3595 102,

1259 3620 1309 3659 et
1331 3607 1383 3659 in
1411 3622 1522 3659 not.
1541 3606 1606 3660 ad
1628 3609 1819 3660 Catull.
1836 3647 1850 3670 ‚
1869 3607 1950 3658 vel
1966 3606 2194 3678 denique
2215 3612 2267 3662 iu

1259 3690 1385 3737 intus
1400 3727 1413 3747 ‚
1437 3685 1584 3756 quod
1607 3689 1656 3738 in
1674 3687 1936 3758 plerisque
1955 3685 2273 3740 editionibus

1252 3783 1394 3818 nunc
1407 3778 1640 3835 apparet.
1654 3798 1731 3808 ——
1742 3766 2004 3817 Salmasius
2019 3764 2085 3816 ad
2102 3766 2267 3818 Solin.

1253 3864 1310 3915 p.
1363 3845 1503 3897 1256
1523 3883 1539 3906 ‚
1584 3862 1769 3914 parum
1813 3845 2034 3895 feliciter
2078 3855 2268 3911 tentat,

1263 3950 1284 3969 ι
1297 3923 1525 3993 Adspice
1541 3924 1680 3976 intus
1699 3937 1747 3975 et
1765 3926 2021 3975 accubans
2032 3924 2131 3973 Vir
2150 3936 2270 3977 tuus

1256 4003 1424 4071 Tyrio
1436 4016 1493 4055 ut
1508 4016 1622 4055 toro
1639 4003 1805 4054 Totus
1829 4001 2094 4054 immineat
2113 4003 2223 4056 tibi.
2238 4032 2258 4048 ι

1258 4114 1338 4125 --
1370 4084 1520 4151 Ίζγνίο
1552 4084 1601 4132 in
1629 4093 1762 4143 toro,
1803 4081 1937 4132 lecto
1969 4081 2265 4145 tricliniari,
