2986 4935
725 435 864 478 1¹0

1239 415 1312 479 C.
1353 415 1470 479 vA
1493 415 1784 480 LERII
1843 414 2304 480 CATULLI

1269 670 1822 756 CARMEN
1906 668 2284 755 XXXI.

1124 906 1229 950 AD
1285 904 1791 950 SIRMIONEM
1848 903 2432 949 PENlNSULAM.

924 1093 1495 1158 PmmsuLARUM
1513 1139 1531 1170 ,
1569 1089 1807 1156 Sirmio
1825 1139 1842 1169 ,
1874 1086 2363 1182 insularumque

924 1196 1183 1277 Ocelle,
1223 1218 1645 1289 quascunque
1691 1195 1755 1260 in
1800 1192 2193 1286 liquentibus
2228 1195 2509 1288 stagniS‚

924 1303 1225 1395 Marique
1269 1315 1455 1368 vasto
1500 1299 1626 1367 fert
1660 1314 1935 1392 uterque
1969 1302 2353 1393 Neptunus;

795 1535 935 1583 Aac.
957 1529 1190 1582 Exsultat
1210 1547 1318 1599 prae
1339 1527 1513 1579 laetitia
1539 1527 1697 1577 Poeta
1713 1565 1727 1591 ,

715 1630 877 1682 quum
894 1629 954 1662 ex
967 1609 1213 1678 Bithynia
1227 1625 1476 1666 reversus,
1492 1605 1728 1657 villulam

714 1710 860 1742 suam
907 1702 1024 1740 ante
1076 1689 1255 1739 oculos
1287 1685 1460 1748 videt,
1497 1685 1550 1736 in
1585 1687 1732 1753 cujus

715 1771 832 1821 sinu
851 1809 863 1833 ,
887 1769 1026 1821 curis
1065 1767 1276 1838 abjectis
1307 1765 1584 1830 omnibus,
1614 1782 1728 1814 sua-

718 1851 849 1900 viter
875 1862 923 1899 et
960 1848 1238 1917 tranquille
1265 1863 1406 1896 nunc
1430 1842 1730 1895 delitescere

715 1942 764 1980 et
802 1927 1035 1979 animum
1083 1945 1242 1977 onere
1277 1938 1326 1976 et
1366 1923 1634 1975 laboribus
1668 1942 1730 1972 ex

716 2009 901 2060 itinere
944 2007 1133 2058 fessum
1176 2021 1410 2056 recreare
1447 2003 1625 2066 possit.
1655 2033 1731 2042 —

715 2087 1053 2139 Dulcissimos
1103 2105 1222 2136 sane
1263 2084 1366 2135 hoc
1416 2100 1625 2133 carmen
1669 2100 1731 2131 ex

717 2168 844 2219 vitae
861 2166 1064 2218 rusticae
1095 2165 1335 2215 felicitate
1362 2158 1734 2230 concipiendos

716 2266 892 2297 sensus
909 2245 1157 2316 propinat
1179 2258 1227 2294 et
1256 2242 1472 2303 excitat,
1501 2253 1550 2290 et
1581 2239 1737 2309 liqui-

720 2325 983 2377 dissimam
1014 2325 1185 2386 illam,
1216 2340 1349 2392 qua,
1376 2320 1465 2389 qui
1493 2338 1555 2370 ex
1578 2319 1735 2369 nimis

714 2406 866 2476 longa
907 2403 1269 2472 laboriosaque
1316 2398 1735 2469 peregrinatione

713 2483 932 2536 domum
966 2483 1155 2534 reversi
1182 2480 1359 2531 omnia
1385 2480 1457 2530 ibi
1485 2478 1657 2547 quieta
1685 2490 1734 2529 et

715 2563 1001 2633 composita
1031 2560 1329 2630 reperiunt,
1368 2557 1733 2609 demulcentur

714 2644 998 2712 voluptate,
1016 2640 1216 2709 egregie
1239 2651 1290 2689 et
1313 2638 1443 2688 vivis
1470 2637 1735 2689 coloribus

717 2722 980 2793 exprimit.

802 2822 821 2853 1
837 2843 848 2854 .
871 2802 1046 2852 Sirmio
1065 2799 1207 2849 mira:
1227 2796 1535 2847 amoenitatis
1554 2794 1734 2864 penin-

715 2882 824 2933 sula
860 2881 911 2932 in
957 2898 1082 2948 agro
1120 2875 1413 2928 Veronensi
1453 2873 1521 2926 ad
1558 2875 1730 2925 lacum

719 2961 942 3024 Benaci,
987 2959 1078 3030 qui
1119 2975 1261 3008 nunc
1299 2957 1436 3020 Lago
1471 2955 1527 3004 di
1559 2954 1731 3006 Gar-da

718 3054 953 3103 vocatur,
982 3040 1106 3101 sita,
1136 3035 1225 3087 ubi
1261 3032 1518 3106 praedium
1549 3032 1732 3085 habuit

716 3120 960 3173 Catullus.
977 3116 1102 3168 vid.
1128 3116 1319 3169 Cellar.
1336 3115 1389 3165 in
1411 3114 1534 3165 Not.
1556 3111 1729 3181 Antiq.

719 3200 850 3251 Orb.
878 3211 912 3249 t.
937 3200 990 3261 1,
1019 3197 1110 3248 lib.
1147 3215 1206 3258 2,
1234 3213 1278 3245 c.
1314 3213 1345 3263 9
1368 3232 1382 3256 ,
1406 3212 1456 3261 p.
1479 3194 1609 3259 639.

802 3297 850 3329 2.
888 3278 1083 3337 Ocelle,
1117 3274 1313 3343 optima
1346 3285 1396 3322 et
1430 3270 1732 3341 praestantis-

723 3360 878 3418 sima;
909 3357 1167 3425 eleganter
1193 3352 1331 3404 enim
1349 3389 1364 3415 ‚
1394 3351 1540 3401 oculis
1558 3391 1571 3412 ,
1596 3369 1728 3420 prae·

715 3436 1020 3490 stantissima
1060 3430 1295 3502 corporis
1339 3430 1501 3480 nostri
1548 3443 1729 3498 parte,

715 3537 797 3568 res
832 3514 1042 3585 optimae
1079 3526 1127 3564 et
1159 3511 1311 3562 nobis
1341 3508 1616 3560 carissimae
1638 3507 1729 3559 de-

715 3607 978 3648 notantur.
1014 3591 1263 3644 Similiter
1302 3588 1488 3640 Cicero
1527 3587 1732 3639 villulas

715 3695 829 3726 suas
844 3674 1009 3724 ocellos
1033 3684 1180 3722 vocat
1197 3667 1262 3720 ad
1282 3671 1386 3719 Att.
1413 3667 1653 3730 XV1,6,
1682 3680 1730 3717 et

716 3756 788 3806 sic
821 3772 953 3822 saepe
982 3749 1123 3822 apud
1160 3749 1371 3800 Graecos
1402 3748 1541 3816 ὄμμα
1570 3760 1619 3797 et
1646 3747 1728 3814 65.-

713 3841 801 3886 θοι).
805 3836 891 3904 μὲς
916 3830 983 3883 de
1005 3831 1160 3881 rebus
1187 3846 1248 3898 p1
1252 3825 1628 3877 instantioribus
1654 3824 1733 3875 di-

713 3916 866 3965 citur.
886 3909 1133 3962 Adrastus
1151 3904 1290 3977 apud
1310 3903 1594 3956 Pindarum
1611 3908 1730 3954 Am·

716 3994 989 4059 pliiaraum
1039 3989 1108 4039 ob
1142 3986 1432 4057 praecipuas
1469 3986 1581 4051 ejus
1625 3986 1727 4034 vir-

713 4086 844 4123 tutes
895 4081 1043 4121 vocat
1090 4068 1325 4134 ὀφθαλμὸν
1368 4067 1451 4122 τῆς
1496 4066 1725 4131 στρατιᾶς

1819 1526 2036 1596 Olymp.
2062 1528 2168 1590 v1,
2198 1545 2263 1596 ²7
2286 1563 2301 1588 ‚
2336 1540 2386 1578 et
2416 1528 2567 1579 ἀνθῶν
2599 1529 2826 1599 ὀφθαλμὸς

1819 1619 1892 1656 est
1937 1625 2044 1657 rosa
2091 1604 2233 1676 apud
2270 1606 2461 1659 Achill.
2500 1607 2629 1660 Stat.
2658 1609 2745 1672 11,
2782 1627 2825 1660 1.

1821 1683 1945 1736 Vid.
1986 1704 2102 1756 quae
2141 1698 2328 1755 praeter
2371 1687 2672 1752 Victorium
2710 1688 2827 1739 Var.

1820 1764 1961 1816 Lect.
1986 1767 2064 1816 lx
2081 1803 2096 1828 ‚
2122 1785 2153 1833 9
2174 1804 2188 1828 ‚
2207 1765 2258 1815 in
2287 1765 2422 1817 hanc
2449 1785 2563 1818 rem
2591 1779 2829 1818 notarunt

1820 1844 2064 1896 Barthius
2090 1846 2144 1894 in
2173 1842 2307 1895 Adv.
2351 1865 2404 1915 p.
2445 1847 2556 1898 516
2578 1884 2593 1913 ,
2619 1859 2671 1898 et
2704 1846 2830 1897 Bur·

1819 1942 2040 1974 mannus
2091 1922 2158 1974 ad
2208 1924 2432 1988 Quintil.
2460 1926 2577 1987 VI,
2617 1944 2825 1995 prooem.

1821 2021 1874 2071 p.
1915 2009 2058 2070 4943
2086 2004 2153 2054 es.
2174 2022 2287 2073 sup.
2313 2001 2379 2054 ad
2404 2005 2583 2056 Carm.
2615 2005 2726 2068 111,
2754 2005 2801 2057 5.

1904 2083 1954 2134 3.
1996 2082 2201 2152 Uterque
2233 2083 2479 2152 Neptunus
2502 2124 2517 2146 ‚
2556 2073 2829 2136 ἐπιθαλάσ-

1820 2181 1919 2220 oto<
1941 2161 2022 2212 καὶ
2051 2164 2313 2231 έπιλίμνιος
2334 2176 2676 2233 ‚stagnorum
2695 2181 2830 2233 aeque

1820 2260 1879 2291 ac
1909 2241 2066 2292 maris
2098 2241 2224 2293 vasti
2257 2259 2475 2312 praesa,
2504 2255 2561 2294 ut
2584 2255 2722 2294 recte
2751 2244 2826 2293 in·

1822 2331 2132 2390 terpretatur
2160 2320 2406 2390 VulpiuS.
2449 2320 2535 2373 Cf.
2575 2321 2828 2391 Aristoph.

1821 2398 2020 2451 Plut.v.
2047 2400 2175 2469 396,
2203 2400 2334 2470 397,
2363 2411 2414 2450 et
2437 2401 2516 2451 ibi
2536 2400 2828 2472 Spanheim.

1821 2478 1955 2530 Nam
1982 2480 2071 2549 qui
2098 2481 2295 2531 factum
2321 2479 2414 2543 sit,
2434 2481 2569 2532 utin
2596 2482 2713 2533 loco
2735 2495 2827 2533 tam

1822 2559 1965 2609 claro
1984 2592 1998 2617 ,
2019 2577 2081 2610 cu
2083 2560 2166 2628 jus
2187 2560 2668 2628 interpretationem
2692 2579 2832 2631 spon-

1822 2651 1869 2687 te
1906 2638 2137 2689 offerunt
2178 2636 2357 2690 addita
2383 2640 2547 2691 verba
2580 2643 2829 2708 in·stagnis

1821 2721 2029 2787 marique
2046 2758 2059 2778 ‚
2096 2730 2199 2767 tam
2224 2717 2427 2787 egregie
2454 2718 2830 2771 hallucinaren-

1821 2808 1904 2846 tur
1956 2810 2004 2847 et
2050 2815 2212 2865 nugas
2262 2794 2550 2849 venderent
2595 2799 2829 2869 Scaliger,

1821 2875 2036 2927 Vossius
2058 2889 2106 2926 et
2128 2877 2248 2939 alii,
2273 2877 2359 2928 vix
2382 2877 2586 2948 assequi
2610 2896 2828 2948 possum.

1818 2986 1897 2994 —
1920 2955 2094 3023 Ipsum
2114 2954 2327 3023 quidem
2355 2956 2707 3027 Doeringium
2728 2956 2831 3009 hal·

1819 3032 2038 3083 lucinari
2064 3034 2317 3086 existimo,
2356 3034 2565 3106 Uterque
2593 3037 2831 3106 Neptunus

1818 3112 1904 3164 hic
1927 3126 2001 3164 est
2025 3127 2305 3183 utrumque
2330 3132 2493 3177 mare,
2512 3114 2829 3168 Adriaticum

1819 3205 1866 3242 et
1886 3190 2349 3245 Mediterraneum.
2372 3196 2489 3245 «An
2518 3212 2668 3249 mare
2695 3193 2828 3266 quod

1818 3290 1999 3341 supra,
2038 3289 2324 3323 memorem
2356 3309 2371 3335 ,
2404 3273 2659 3348 quodque
2699 3275 2832 3326 alluit

1818 3350 2166 3419 infra.-Virg.
2192 3350 2385 3420 Georg-
2414 3353 2468 3402 11
2488 3390 2505 3415 ‚
2537 3373 2558 3405 1
2576 3356 2668 3407 58.
2692 3354 2832 3406 N.—

1820 3429 2096 3499 Neptunus
2115 3430 2303 3481 insulas
2318 3432 2450 3495 sert,
2474 3431 2531 3484 h.
2556 3451 2605 3485 e.
2632 3433 2833 3485 sustinet

1819 3509 1963 3578 quasi
1996 3509 2225 3560 humeris
2267 3510 2563 3579 impositas,
2596 3512 2654 3563 in
2694 3524 2830 3583 pote·

1819 3599 1943 3639 state
1968 3606 2057 3638 sua
2084 3587 2239 3639 habet
2260 3606 2319 3640 ac
2346 3587 2545 3658 dirigit.
2567 3591 2658 3643 Sic
2692 3594 2828 3660 φέρειν

1818 3666 1961 3734 apud
1987 3666 2229 3729 Graecos,
2256 3667 2321 3718 cf.
2353 3668 2582 3738 Interpr.
2612 3669 2684 3722 ad
2705 3662 2828 3721 Nov.

1818 3745 2045 3796 Testam.
2086 3746 2140 3796 in
2181 3746 2344 3816 Epist.
2387 3745 2454 3797 ad
2502 3748 2831 3809 Rebi-20⁵1,

1825 3822 1893 3885 3,
1932 3824 2023 3875 ubi
2073 3824 2310 3877 Christus
2344 3823 2542 3880 dicitur
2587 3831 2737 3899 φέρων
2774 3826 2832 3878 τὰ

1820 3903 2072 3974 πάντας-ᾧ
2088 3905 2267 3973 ῥήματι
2282 3909 2370 3965 τῆς
2386 3901 2649 3974 δυνάμεως
2668 3910 2831 3966 αὐτοῦ,

1818 3982 1873 4033 h.
1899 4001 1945 4035 e.
1965 3983 2344 4053 omnipotentia
2370 4004 2458 4036 sua
2488 3988 2674 4040 omnia
2698 3986 2834 4058 quasi

1819 4061 1919 4112 sibi
1948 4063 2189 4132 imposita
2216 4082 2398 4132 regens
2427 4066 2805 4135 etgubernans.
