2986 4935
594 377 686 449 62

1123 380 1199 446 C.
1246 378 1687 445 VALERII
1743 379 2207 448 CATULLI

1659 512 1956 604 AEquora
2000 511 2225 597 Nilus;

913 617 1066 685 Sive
1107 631 1289 685 trans
1327 615 1491 686 altas
1534 616 1869 712 gradietur
1907 616 2141 710 Alpes,

916 725 1195 792 Caesaris
1239 725 1461 792 visens
1498 738 1932 792 monumenta
1963 726 2227 817 magni,

917 827 1250 900 Gallicum
1291 830 1643 916 Rhenum,
1677 829 2156 923 horribilesque
2194 829 2353 899 ulti-

1654 960 1929 1030 mosque
1969 939 2318 1006 Britannos
2349 965 2368 1024 3

919 1042 1163 1110 Omnia
1202 1043 1378 1129 haee,
1416 1067 1849 1136 quaecumque
1888 1042 2055 1112 feret
2083 1042 2391 1112 voluntas

924 1146 1266 1235 Caelitum,
1310 1163 1567 1217 tentare
1602 1147 1792 1216 simul
1838 1152 2085 1244 parati,

924 1257 1143 1323 Pauca
1180 1256 1488 1323 nunciate
1523 1279 1686 1323 meae
1721 1253 1954 1348 puellae
2705 1283 2753 1328 ’.5

1668 1362 1823 1429 Non
1862 1361 2038 1430 bona
2073 1361 2250 1430 dicta
2278 1389 2292 1429 ε

930 1468 1106 1536 Cum
1150 1470 1283 1536 suis
1328 1470 1514 1536 vivat
1556 1467 1904 1561 valeatque
1945 1469 2259 1556 moechss,

614 1673 721 1725 qua»
738 1693 753 1715 ,
785 1649 929 1721 quod
952 1668 1075 1702 cum
1096 1650 1257 1702 Statio
1282 1651 1477 1702 malim.
1501 1651 1638 1702 Nam

614 1752 750 1803 saepe
772 1731 978 1782 librarii
1004 1751 1092 1800 que
1118 1749 1217 1801 pro
1239 1751 1345 1801 quoe
1369 1731 1638 1800 scripsere.

620 1815 685 1866 N.
698 1812 1176 1881 —Septemgeminus
1197 1811 1366 1870 Nilus,
1398 1810 1453 1862 h.
1487 1830 1533 1861 e.
1564 1828 1642 1860 se-

622 1906 839 1963 ptenus,
861 1909 956 1960 per
973 1902 1183 1958 septena
1209 1892 1337 1941 ostia
1361 1891 1414 1941 in
1436 1908 1579 1940 mare
1598 1907 1650 1940 se

626 1989 930 2022 exonerans.
950 1967 1111 2020 Ovid.
1128 1973 1311 2021 Amor.
1330 1969 1428 2033 ΙΙΙ,
1444 1987 1504 2019 'vt
1519 2008 1534 2034 ,
1560 1969 1646 2035 39.

633 2080 653 2098 «
677 2053 773 2103 Ille
803 2049 973 2100 fluens
992 2048 1138 2101 dives
1165 2062 1378 2119 septena
1406 2066 1504 2116 per
1526 2050 1654 2099 ostia

630 2133 793 2184 Nilus.
831 2157 851 2175 ι
900 2130 1037 2181 Hinc
1096 2142 1309 2180 vocatur
1374 2128 1653 2196 ἑπτάπορος

630 2210 771 2281 apud
810 2211 1028 2278 Dionys.
1072 2209 1269 2276 Perieg.
1322 2211 1449 2269 264.
1498 2208 1653 2258 Conf.

630 2290 867 2341 Eustath.
883 2287 946 2338 ad
966 2290 1182 2358 Dionys,
1200 2288 1394 2355 Perieg.
1422 2307 1446 2337 2
1463 2307 1486 2337 2
1501 2292 1555 2349 6,
1576 2287 1654 2337 vel

629 2370 914 2439 ἐπτοίρῥους.
946 2366 1070 2417 Vid.
1102 2368 1379 2417 Salmasius
1398 2366 1465 2417 ad
1491 2367 1653 2418 Solin.

630 2471 676 2502 c.
704 2450 773 2501 32
791 2489 805 2511 ,
826 2467 879 2517 p.
903 2447 1031 2513 295.
1051 2446 1128 2498 Cf.
1153 2445 1368 2497 Maillet.
1400 2445 1655 2516 Descript.

634 2528 872 2599 AEgypfi‚
894 2546 946 2596 p.
975 2532 1065 2593 49.
1092 2527 1294 2577 Color-at
1314 2546 1506 2595 :equora
1530 2525 1584 2577 h.
1610 2547 1653 2576 e.

635 2628 769 2679 aqua
805 2608 998 2668 lutosa,
1019 2606 1226 2675 qualem
1260 2605 1367 2654 fere
1399 2605 1542 2656 vehit
1567 2605 1660 2656 Ni-

640 2690 719 2739 lus
751 2707 812 2737 ex
837 2686 970 2755 agris
994 2683 1256 2737 inundatis
1276 2685 1512 2734 relabens
1531 2723 1546 2748 ,
1572 2703 1658 2735 co-

641 2770 802 2818 lorem
824 2763 1026 2817 inducit
1048 2766 1177 2817 mari
1207 2764 1274 2816 ab
1307 2783 1441 2834 aqua
1462 2764 1662 2815 marina

641 2847 923 2899 diversum.

726 2947 747 2978 ῐ
761 2947 811 2978 ο.
838 2926 1045 2977 Caesaris
1065 2929 1221 2975 visens
1243 2935 1540 2975 monumenta
1561 2941 1660 2972 ma-

639 3011 729 3076 gni
745 3024 756 3058 ε
780 3025 839 3057 ex
856 3006 958 3057 hoc
982 3024 1135 3056 versu
1153 3004 1397 3073 conjicias
1411 3002 1664 3070 scriptum

642 3107 749 3139 esse
780 3087 881 3136 hoc
915 3104 1124 3136 carmen
1143 3123 1158 3148 ,
1183 3096 1458 3153 antequam
1496 3083 1669 3134 Caesar

641 3184 784 3217 arma
806 3177 984 3215 contra
1006 3164 1226 3232 patriam
1251 3164 1495 3232 cepisset3
1519 3180 1667 3212 nam-

644 3265 747 3315 que
788 3244 1023 3294 Catullus
1050 3243 1237 3294 Caesari
1266 3242 1364 3292 fuit
1392 3243 1633 3293 inimicus
1654 3280 1668 3304 ,

645 3324 879 3376 simulac
904 3323 991 3373 ille
1011 3323 1193 3373 Romae
1213 3321 1391 3372 hostis.
1409 3321 1670 3372 N.--Mo-

647 3415 866 3455 numerata
894 3404 1101 3454 Causam·
1135 3401 1360 3470 intellige
1392 3415 1588 3470 tropaea
1622 3413 1671 3450 et

647 3481 908 3555 quidquid
958 3480 1025 3532 ad
1077 3483 1188 3549 ejus
1242 3482 1497 3532 sactorum
1546 3499 1671 3531 con·

647 3561 953 3614 servandam
996 3560 1303 3611 memoriam
1338 3560 1551 3629 publice
1591 3578 1673 3609 ex·

647 3644 826 3695 stabat.

736 3742 824 3774 11.
859 3721 1044 3772 Hiatus
1075 3719 1301 3770 evitandi
1333 3739 1484 3770 causa
1521 3717 1675 3769 dede·

650 3817 771 3853 runt
811 3801 898 3852 alii
936 3800 1268 3868 horribilesque
1306 3811 1353 3848 et
1397 3800 1675 3868 ultirnosque

650 3896 829 3932 contra
846 3883 1035 3949 linguae
1052 3878 1281 3929 indolem
1302 3897 1314 3928 :
1339 3897 1404 3928 nc·
1420 3876 1548 3947 quid
1566 3897 1679 3928 mu-

646 3978 721 4012 tes
737 4000 749 4016 ,
772 3962 939 4031 cogita
959 3974 1009 4010 et
1028 3960 1151 4010 alibi
1171 3958 1435 4011 Catullum
1457 3977 1563 4008 non
1586 3976 1668 4007 re-

646 4038 883 4111 pudiasse
923 4036 1181 4108 ejusmodi
1217 4037 1388 4088 hiatus
1423 4034 1502 4096 [ut
1533 4056 1668 4106 saepe

1728 1650 1981 1721 Virgilius
2013 1664 2063 1704 et
2087 1652 2191 1704 alii.
2221 1653 2479 1724 Exempla
2506 1652 2755 1724 quaedam

1729 1731 2074 1800 collegitclar.
2105 1732 2347 1783 Barthius
2364 1772 2377 1797 ,
2396 1752 2556 1802 quem
2586 1736 2763 1785 onmis

1730 1812 1985 1862 felicitatis
2003 1829 2131 1863 meae
2161 1825 2428 1864 auctorem
2457 1826 2508 1863 et
2533 1814 2758 1866 unicum

1728 1889 2020 1941 studiorum
2075 1910 2314 1942 meorum
2368 1890 2756 1944 moderatorem

1730 1990 1983 2032 veneror,
2015 1969 2082 2021 ad
2113 1971 2350 2042 Propert.
2382 1973 2465 2036 ΙΙ,
2497 1991 2581 2035 tx,
2617 1974 2690 2033 45
2710 1971 2759 2035 ]‚

1733 2062 1784 2099 et
1818 2051 2028 2100 fortasse
2062 2050 2232 2119 ipsum
2262 2051 2539 2103 horrorem
2571 2070 2762 2122 aspero

1732 2127 1956 2179 duarum
1991 2130 2250 2180 vocalium
2287 2150 2548 2183 concursu
2585 2134 2761 2202 expri-

1735 2227 1877 2259 mere
1915 2208 2152 2260 voluisse.
2197 2210 2473 2261 Britannos
2511 2211 2763 2262 horribiles

1734 2287 1871 2337 refer
1900 2286 1966 2338 ad
2005 2301 2279 2339 externum
2307 2290 2766 2361 cultum.Vulpius

1735 2368 1787 2417 in
1815 2366 1952 2417 hanc
1980 2387 2090 2418 rein
2115 2366 2290 2419 laudat
2328 2375 2511 2421 Caesar.
2544 2368 2612 2421 de
2635 2371 2762 2423 bell.

1737 2447 1875 2500 Gall.
1908 2447 2001 2499 lib.
2025 2447 2094 2504 V,
2128 2466 2242 2518 cap.
2281 2467 2369 2501 11.

1824 2544 1845 2576 1
1862 2546 2006 2579 2—-1
2020 2530 2070 2579 6.
2088 2528 2277 2579 Sensus
2300 2547 2312 2580 :
2337 2531 2448 2581 Vos
2465 2528 2652 2599 igitur,
2671 2531 2766 2602 qui

1736 2604 1804 2656 ad
1839 2608 2014 2657 onmia
2031 2645 2046 2669 ,
2069 2626 2415 2679 quaecumque
2444 2610 2544 2660 sata
2567 2609 2770 2675 ἰεῖσαι,

1741 2705 1946 2736 mecum
1997 2686 2268 2738 subeunda
2315 2688 2545 2758 pericula
2600 2692 2771 2759 parati

1741 2765 1875 2827 estiS,
1890 2767 1996 2834 jam
2015 2803 2030 2827 ,
2051 2786 2225 2835 quaeso
2241 2804 2257 2831 ,
2285 2770 2503 2837 probate
2523 2769 2656 2820 mihi
2684 2789 2772 2820 ve·

1742 2857 1896 2894 stram
1919 2843 2109 2908 fidem,
2131 2859 2182 2897 et
2210 2848 2394 2915 puellae
2420 2848 2533 2899 haec
2564 2868 2733 2919 pauca
2756 2889 2772 2912 ,

1743 2921 1833 2973 sed
1871 2923 2016 2975 haud
2047 2926 2283 2995 jucunda
2311 2928 2472 2979 verba
2502 2929 2772 2982 nunciate.

1744 3035 1822 3043 —
1833 3005 2038 3054 Tentare
2048 3007 2299 3073 exquisite
2314 3005 2777 3078 diciturdeexplo·

1747 3082 1921 3133 randis
1947 3085 2102 3135 rebus
2124 3102 2245 3136 cum
2260 3087 2504 3155 *periculo
2531 3100 2583 3138 et
2604 3086 2778 3140 auda·

1746 3162 1821 3212 cia
1834 3163 2338 3231 conjunctiS.—Non
2351 3167 2474 3217 hona
2487 3167 2638 3217 verba
2653 3188 2782 3239 pro-

1747 3241 1860 3310 prie
1890 3244 2009 3292 mul<-
2028 3246 2239 3294 ominata
2258 3286 2272 3307 ,
2306 3248 2388 3296 οὐκ
2416 3247 2609 3315 εὔφημοι
2629 3285 2645 3310 ,
2663 3247 2780 3301 vid.

1750 3321 2038 3373 Brissonius
2070 3321 2137 3373 de
2173 3324 2464 3389 Formulis,
2494 3345 2547 3395 p.
2592 3346 2613 3377 1
2633 3344 2655 3378 1
2695 3347 2780 3399 sq.

1750 3400 1889 3452 Edit.
1914 3403 2072 3453 Paris.
2102 3402 2293 3454 deinde
2325 3403 2391 3455 de
2424 3406 2663 3475 quolibet
2692 3407 2784 3458 in-

1752 3494 1897 3549 grato
1934 3481 2148 3546 nuntio,
2177 3483 2267 3552 qui
2298 3485 2534 3535 animum
2568 3487 2750 3539 turbat
2770 3528 2787 3552 ‚

1752 3561 1937 3629 pungit
1965 3574 2013 3611 et
2041 3563 2156 3613 urit.

1844 3659 1863 3690 1
1880 3660 1910 3708 7
1931 3678 1944 3702 ,
1965 3658 2043 3709 sq.
2068 3641 2259 3691 Sensus
2282 3663 2291 3690 :
2317 3642 2417 3692 Res
2439 3661 2553 3693 suas
2570 3644 2669 3695 sibi
2690 3645 2795 3698 ha-

1757 3720 1874 3768 beat
1894 3732 1939 3768 et
1959 3721 2139 3788 procul
2161 3741 2188 3770 a
2212 3739 2295 3770 me
2309 3719 2542 3773 discedat
2560 3741 2684 3774 cum
2708 3727 2797 3777 iu-

1757 3798 1901 3848 linita
1945 3800 2095 3868 copia
2147 3801 2470 3852 moechorum
2496 3841 2510 3868 ,
2548 3820 2793 3872 quorum

1754 3877 1962 3929 nullum
1999 3897 2124 3928 vero
2166 3898 2343 3931 amore
2381 3882 2820 3952 complectitur,-

1757 3956 1848 4008 sed
1869 3957 2128 4027 frequenti
2156 3957 2388 4010 lihidinis.
2420 3980 2516 4011 usu
2544 3979 2798 4026 enervat,

1759 4036 1968 4087 conficit
1983 4050 2034 4087 et
2047 4038 2252 4106 frangit.
2265 4039 2542 4090 —Valcan
2568 4040 2688 4093 Hoc
2714 4060 2800 4096 est
