2986 4935
684 486 719 526 τι
733 458 832 554 96

1213 459 1287 525 c.
1325 458 1762 529 VALERu
1824 458 2292 556 CATULLi

892 592 1239 661 Effluxisse
1284 616 1433 658 meo
1476 589 1645 657 forte
1686 604 1880 684 putes
1924 592 2184 673 animo;

790 702 884 767 Ut
923 701 1190 775 missum
1235 700 1455 792 sponsi
1499 696 1747 775 furtivo
1790 720 2065 765 munere
2109 695 2354 764 malum

895 806 1232 878 Procurrit
1274 818 1453 871 casto
1501 803 1768 896 virginis
1804 827 1840 871 e
1877 803 2166 896 gremi0‚

788 911 991 1002 Quod
1030 912 1279 980 miserae
1316 908 1535 977 oblitae
1573 907 1754 979 molli
1787 908 1908 976 sub
1944 923 2125 977 veste
2157 906 2477 993 locatum,

896 1020 1076 1084 Dum
1111 1007 1397 1082 adventu
1439 1017 1667 1082 matris
1705 1014 1996 1108 prosilit,
2033 1017 2400 1100 excutitur,

796 1130 1006 1216 Atque
1053 1120 1208 1189 illud
1251 1145 1465 1215 prono
1513 1146 1806 1214 praeceps
1850 1120 2066 1213 agitur
2104 1118 2426 1202 decursu3

896 1230 1064 1296 Huic
1104 1240 1326 1295 manat
1370 1227 1540 1294 tristi
1589 1227 1888 1312 conscius
1931 1250 2046 1294 ore
2089 1225 2313 1293 rubor.

684 1433 859 1482 Carm.
902 1430 1099 1492 LXIV,
1135 1434 1270 1492 164,
1308 1455 1328 1475 ι
1358 1429 1710 1498 nequicquam

682 1526 983 1579 conqueror
1029 1508 1171 1561 auris
1187 1535 1207 1553 ·
1248 1508 1489 1560 Catullus
1536 1506 1673 1559 dixit
1701 1526 1718 1572 3

684 1589 879 1659 quaevis
922 1588 1020 1639 alia
1066 1588 1351 1639 verborum
1394 1588 1711 1655 compositio

685 1686 896 1719 sensum
920 1687 1027 1718 non
1048 1666 1298 1718 idoneum
1323 1666 1461 1717 facit.
1498 1667 1564 1717 N.

775 1765 840 1813 ¹9
862 1764 974 1816 sqq.
1001 1746 1145 1797 Finit
1164 1764 1372 1797 carmen
1396 1745 1554 1797 Poeta
1572 1762 1714 1795 com-

688 1826 983 1896 paratione,
1014 1845 1116 1896 qua
1147 1825 1212 1877 ad
1248 1822 1593 1886 excusandam
1636 1824 1712 1875 rei

687 1903 958 1973 cujusdam
1018 1924 1152 1957 caroe
1203 1904 1523 1956 oblivionem
1578 1902 1711 1954 nihii

688 1983 923 2048 suavius»,
941 1983 1149 2036 dulcius
1166 1997 1214 2036 et
1237 1984 1472 2035 ornatius
1490 1983 1711 2051 cogitari

686 2075 879 2133 potest.
905 2062 1009 2117 Sed
1032 2083 1221 2134 parum
1252 2063 1409 2133 hujus
1435 2080 1711 2132 compara·

688 2143 847 2195 tionis
874 2144 1185 2198 suavitatem
1215 2156 1268 2195 et
1291 2142 1598 2212 elegantiam
1626 2160 1711 2192 ce·

689 2224 824 2292 pisse
851 2222 1098 2276 videntur
1128 2222 1457 2292 interpretes.
1490 2220 1712 2290 Subjicit

689 2321 753 2353 en
760 2302 831 2353 im
844 2322 872 2353 v
882 2341 893 2354 .
907 2322 954 2355 c„
967 2299 1213 2355 Muretus
1224 2301 1710 2371 interpretationem

691 2382 827 2433 hanc
857 2399 870 2433 :
897 2408 919 2429 ιι
942 2402 1009 2434 ne
1037 2394 1191 2453 putes
1226 2393 1316 2433 tua
1352 2379 1493 2432 dicta
1533 2380 1603 2431 ita
1649 2398 1713 2430 ex

694 2480 811 2513 meo
840 2462 1016 2514 animo
1047 2460 1334 2523 effluxisse,
1368 2473 1429 2512 ut
1461 2459 1656 2511 malum
1682 2478 1712 2511 e

692 2541 894 2609 gremio
914 2540 1130 2609 virginis
1149 2540 1309 2591 solet:
1330 2565 1350 2584 ι
1374 2540 1448 2591 sic
1468 2551 1575 2592 tota
1592 2558 1712 2609 pro·

692 2621 831 2672 fecto
880 2619 1033 2688 friget
1073 2619 1411 2690 comparatio.
1455 2620 1572 2669 Imo
1613 2618 1713 2669 Ca-

693 2699 853 2749 tullus
875 2698 1171 2768 exprimere
1188 2698 1354 2749 voluit
1370 2698 1506 2750 hoc:
1533 2697 1716 2749 .Ohli‚

694 2792 777 2829 tus
812 2776 1028 2847 quidem
1058 2796 1171 2829 sum
1203 2778 1497 2847 paullulum
1517 2817 1531 2842 ‚
1563 2776 1708 2848 quod

694 2856 795 2910 tihi
853 2857 1192 2927 promiseram
1209 2896 1224 2918 ,
1270 2856 1360 2909 sed
1400 2858 1469 2908 ita
1519 2857 1714 2908 oblitus

694 2955 831 2997 sum,
846 2950 904 2988 ut
920 2937 1068 3006 virgo
1092 2955 1469 3007 nonnunquam
1490 2935 1547 2987 id
1562 2934 1713 3006 quod

696 3018 750 3069 in
774 3016 1013 3069 maximis
1035 3016 1193 3068 habet
1212 3015 1439 3078 deliciis,
1459 3014 1714 3079 oblivisci,

695 3110 744 3149 et
767 3097 926 3167 hujus
947 3096 1229 3148 oblivionin
1254 3115 1433 3159 causa,
1459 3115 1517 3146 re
1541 3095 1713 3146 subito

693 3177 859 3228 oculis
878 3178 988 3247 ejus
1004 3177 1235 3244 subjecta
1248 3209 1264 3235 ,
1290 3172 1611 3244 pudibundo
1629 3193 1716 3224 ru-

693 3256 824 3309 bore
840 3253 1081 3307 suffundi
1102 3254 1247 3306 solet.
1262 3280 1370 3300 ---
1386 3253 1511 3306 Noli
1533 3266 1713 3304 vatum

694 3336 976 3404 excogitata
1045 3332 1405 3403 disquisitoria
1467 3331 1714 3402 indagine

694 3431 952 3484 premere.
980 3413 1045 3463 N.
1072 3444 1150 3453 -—-
1172 3412 1251 3463 En
1292 3412 1493 3482 egregie
1529 3411 1714 3463 adum-

692 3493 895 3545 bratam
926 3491 1135 3543 levioris
1160 3491 1443 3542 oblivionis
1467 3509 1590 3542 cum
1614 3510 1713 3561 pu-

694 3570 825 3624 dore
850 3572 1141 3640 conjuncta
1168 3570 1477 3640 imaginem!
1505 3572 1712 3622 malum:

696 3651 827 3704 mala
879 3651 1020 3702 enim
1064 3652 1132 3702 ab
1174 3650 1496 3703 amatoribus
1540 3650 1713 3702 oblata

691 3745 837 3801 grata
861 3731 1106 3800 inprimis
1137 3730 1350 3781 fuerunt
1375 3730 1564 3799 puellis
1596 3749 1713 3781 mu·

695 3812 911 3866 nuscula
933 3829 950 3874 ;
997 3809 1104 3861 vid.
1152 3828 1270 3879 quic
1315 3809 1369 3860 in
1421 3809 1556 3860 hanc
1601 3827 1710 3861 rem

694 3889 947 3959 congessit
982 3890 1284 3949 Burmannus
1307 3887 1412 3940 Sec.
1449 3886 1514 3939 nd
1549 3889 1708 3958 Prop.

1800 1430 1862 1491 1,
1895 1429 1963 1491 3,
1996 1429 2394 1490 24.-—-Me‘ssmn
2415 1431 2608 1495 sar-tivo
2637 1448 2817 1480 mr

1799 1525 1897 1579 pro
1910 1507 2111 1577 vulgari
2129 1533 2150 1554 ι
2161 1508 2295 1559 clam
2314 1508 2524 1559 muneri
2543 1509 2775 1561 mineum.
2788 1536 2807 1556 .

1800 1585 2083 1656 —Sponsi,
2112 1605 2333 1657 sponsus
2359 1605 2458 1656 pro
2483 1600 2717 1640 amatore
2736 1590 2812 1639 vel

1798 1684 1963 1735 proco
1990 1666 2229 1736 quolibet
2246 1704 2261 1729 ,
2293 1679 2354 1717 ut
2378 1667 2591 1737 passim.
2621 1697 2700 1708 -—
2717 1668 2815 1719 Mi·

1798 1765 1916 1797 serae
1935 1785 1948 1807 ‚
1967 1745 2197 1807 amanti,
2212 1745 2281 1797 cf.
2301 1744 2368 1798 ad
2387 1747 2568 1799 Germ.
2588 1746 2815 1811 XXXV,

1812 1844 1833 1877 1
1851 1831 1900 1887 4.
1934 1856 2014 1867 --
2039 1825 2188 1877 Hanc
2218 1825 2380 1877 Poeta
2420 1830 2640 1877 misem
2661 1826 2815 1896 virgi·

1797 1922 1919 1955 nem
1943 1916 2098 1955 vocat
2116 1943 2131 1967 ,
2153 1921 2271 1974 qun
2292 1904 2440 1974 quod
2466 1917 2635 1958 semet
2656 1906 2813 1977 ipsam

1796 1982 2114 2053 prodiderit,
2123 1982 2285 2035 dolet.
2297 1984 2501 2037 Gallice
2510 1983 2818 2038 diceremus:

1792 2083 1973 2132 pauore
1989 2067 2139 2133 petite
2151 2104 2166 2125 ,
2190 2077 2455 2131 patcvrette.
2469 2063 2539 2116 N.
2553 2065 2817 2116 -Oblitoe

1799 2143 1991 2196 mollis.
2013 2155 2144 2193 veste
2171 2143 2262 2193 loc.
2277 2144 2384 2212 jam
2402 2163 2510 2196 non
2539 2144 2818 2215 cogitanti,

1802 2222 1934 2273 illud
1964 2224 2059 2274 sub
2088 2234 2225 2273 veste
2248 2223 2344 2273 sibi
2380 2224 2612 2275 locatum
2646 2242 2772 2275 esse.

1884 2304 1973 2355 23.
2001 2303 2162 2373 Atque
2187 2301 2319 2353 illinc
2346 2302 2400 2354 in
2428 2303 2584 2355 libris
2608 2304 2820 2374 quibus-

1799 2379 1919 2432 dam
1946 2381 2136 2433 Vossii.
2165 2412 2247 2423 -—
2264 2382 2430 2455 Atque
2469 2383 2632 2454 vulgo
2658 2383 2818 2454 expli-

1799 2475 1919 2516 cant
1968 2481 2066 2532 pro
2109 2465 2302 2521 statim3
2338 2460 2406 2515 de
2456 2482 2565 2535 qua
2607 2461 2818 2534 quidem

1800 2541 1962 2612 hujus
1987 2541 2132 2594 vocis
2161 2542 2547 2611 significatione
2576 2561 2688 2595 non
2722 2542 2819 2595 du-

1801 2620 1947 2685 bito;
1994 2620 2103 2673 vid.
2160 2622 2544 2674 Drackmbomk.
2591 2620 2660 2674 ad
2702 2623 2814 2674 ur.

1801 2701 2017 2763 xxvl,
2061 2702 2160 2768 39,
2193 2696 2224 2760 S
2265 2705 2361 2765 16,
2393 2715 2526 2754 tom.
2554 2702 2673 2766 111,
2703 2720 2818 2773 pag.

1810 2798 1830 2831 ι
1850 2780 1988 2849 ι37;
2019 2778 2110 2831 sed
2146 2779 2221 2832 sic
2255 2777 2502 2833 desidero
2544 2782 2787 2852 copulam
2807 2821 2823 2845 ‚

1801 2876 1917 2928 quae
1944 2860 2032 2911 vix
2063 2860 2238 2912 abesse
2277 2872 2448 2929 potest
2472 2860 2527 2911 in
2556 2860 2660 2912 hoc
2687 2862 2820 2912 loco.

1801 2940 1873 2990 At
1899 2939 1940 2989 si
1966 2951 2108 3011 atque
2130 2957 2230 3009 pro
2251 2940 2443 3009 copula
2464 2940 2658 3010 accipis
2674 2977 2692 3002 ‚
2709 2953 2818 2991 tum

1800 3017 1955 3087 plane
1991 3019 2222 3071 otiosum
2264 3036 2373 3077 esee
2414 3017 2631 3071 videtur
2671 3019 2819 3081 illud,

1799 3095 1947 3149 adest
1979 3099 2121 3149 enim
2146 3098 2202 3149 in
2225 3114 2381 3150 versu
2408 3118 2435 3151 ι
2452 3116 2500 3163 ι,
2523 3099 2678 3169 qued,
2711 3116 2822 3167 quo

1800 3177 1988 3229 referri
2030 3176 2188 3229 debet
2215 3182 2391 3245 agitur.
2425 3178 2611 3249 Itaque
2647 3196 2677 3229 e
2709 3193 2822 3228 mea

1802 3256 2057 3308 sententia
2079 3257 2162 3307 vel
2187 3254 2557 3325 explicandum
2584 3269 2663 3308 est
2684 3268 2823 3327 atque

1802 3335 1927 3386 illud
1948 3355 2048 3407 pro
2075 3335 2201 3387 illud
2221 3355 2341 3387 vet-0
2360 3377 2376 3400 ,
2407 3337 2492 3388 vel
2522 3337 2671 3389 locus
2698 3354 2821 3387 cor·

1801 3413 2051 3484 rigendus
2077 3416 2291 3467 fortasse
2316 3426 2392 3468 e'st
2422 3417 2529 3468 sic:
2566 3444 2586 3462 ·
2611 3417 2780 3485 Atque
2805 3454 2822 3477 ,

1802 3492 1934 3545 illud
1984 3512 2154 3564 prono
2201 3511 2433 3566 princepe
2484 3513 2612 3549 mm
2651 3493 2824 3564 agitur

1801 3570 2057 3636 decursu3
2088 3600 2110 3618 υ
2137 3575 2215 3626 εἰσ
2262 3574 2468 3644 egregie
2511 3574 2685 3627 omnia
2715 3572 2820 3625 sibi

1803 3651 2122 3721 respondere
2150 3650 2415 3704 videntur.

1887 3737 1974 3792 24.
2001 3735 2264 3793 obn-eciem
2289 3731 2445 3784 index
2473 3733 2654 3786 furtivi
2682 3746 2822 3783 amo-

1800 3809 1898 3869 ris,
1927 3813 2077 3879 cujus
2119 3812 2293 3881 puella
2328 3812 2428 3864 sibi
2456 3813 2664 3867 conscia
2692 3822 2765 3863 est
2798 3830 2813 3861 :

1800 3890 2055 3958 exquisite
2077 3890 2090 3940 i
