2986 4935
775 469 1222 538 CARMEN
1280 468 1645 535 LXXIX.

2128 467 2279 565 359

672 696 1209 785 CARMEN
1278 657 1731 783 LXXIX.

947 935 1027 977 IN
1088 933 1473 978 LESBIUM.

122 1124 428 1189 Lrsmns
462 1134 561 1188 est
597 1118 876 1214 pulcher
909 1146 922 1187 ε
958 1121 1233 1213 quidni?
1269 1147 1463 1215 quem
1507 1122 1743 1191 Lesbia
1785 1123 2004 1208 malit,

230 1230 459 1315 Quam
495 1241 558 1295 te
591 1251 743 1295 cum
780 1242 918 1296 tota
950 1242 1180 1321 gente,
1215 1227 1509 1315 Catulle,
1543 1244 1675 1298 tua.

121 1334 253 1402 Sed
297 1349 518 1401 tamen
554 1334 664 1402 hic
696 1333 975 1426 pulcher
1008 1335 1254 1404 vendat
1287 1362 1438 1405 cum
1483 1352 1680 1430 gente
1711 1335 2048 1405 Catullum
2068 1392 2086 1424 ‚

229 1443 299 1509 Si
338 1443 460 1507 tria
499 1455 808 1509 notorum
849 1444 1076 1511 suavia
1112 1445 1500 1538 reppererit.

202 1657 351 1706 Aac.
383 1654 631 1706 Lesbium
663 1653 948 1725 quemdam
989 1675 1153 1727 quum

122 1736 252 1788 tanti
274 1736 471 1787 faceret
490 1734 695 1798 Lesbia,
719 1747 775 1786 ut
798 1754 920 1787 eum
946 1736 1155 1788 Catullo

118 1814 520 1885 praeferendum
572 1827 781 1884 putaret
805 1854 820 1878 ‚
868 1817 1154 1884 pulchrum

118 1895 275 1946 illum
335 1893 553 1966 quidem
599 1893 723 1945 inde
769 1895 955 1949 haberi
1006 1916 1155 1967 posse

120 1972 393 2038 concedit,
410 1972 501 2026 sed
522 1974 790 2038 eumdem,
805 1990 862 2027 ut
881 1976 1154 2028 hominem

120 2071 382 2124 spurcum
408 2066 458 2105 et
479 2054 750 2124 impurum
771 2054 915 2108 haud
933 2058 1155 2108 obscure

121 2132 399 2185 describit.
420 2166 501 2176 —
524 2134 789 2199 Muretus,
808 2137 898 2206 qui
924 2139 1021 2187 sub
1044 2139 1157 2187 Les·

121 2213 215 2265 be'ae
235 2214 457 2265 nomine
476 2212 700 2265 Clodiam
723 2215 939 2286 intelligi
961 2216 1157 2269 debere

116 2296 226 2363 jam
280 2312 443 2365 supra
488 2292 557 2347 ad
592 2296 770 2347 Carm.
808 2297 991 2348 LVIII
1031 2317 1155 2366 pro·

118 2375 252 2427 bare
307 2372 541 2437 studuit,
589 2393 687 2446 per
742 2375 888 2427 hune
943 2395 1155 2448 quoque

123 2455 353 2507 Lesbium
396 2453 798 2527 intelligendum
840 2477 946 2509 esse
983 2470 1158 2509 censet

120 2538 185 2589 P.
213 2535 446 2588 Clodium
466 2576 480 2598 ,
508 2537 667 2607 hujus
697 2536 887 2588 Clodiae
911 2540 1125 2589 fratrem
1142 2576 1155 2601 ,

121 2617 217 2687 qui
240 2630 296 2668 et
326 2617 465 2668 hanc
494 2628 545 2666 et
573 2630 783 2669 caeteras
810 2636 1016 2669 sorores
1035 2636 1158 2668 con·

117 2709 392 2766 stuprasse
434 2693 644 2748 dicitur.
689 2699 753 2748 In
796 2716 899 2767 qua
938 2695 1153 2767 quidem

117 2777 430 2847 suspicione
464 2775 553 2827 ille
595 2795 657 2828 eo
687 2778 848 2847 magis
874 2778 1156 2829 confirma·

118 2869 239 2921 tur,
271 2873 445 2927 quum
473 2853 710 2907 additum
741 2858 806 2908 sit
832 2876 1026 2908 nomen
1043 2857 1156 2926 pu!-

118 2935 255 2999 clm’,
284 2933 436 3006 quod
460 2935 631 3006 ipsum
658 2934 835 2989 Clodii
862 2956 1152 3006 cognomen

122 3017 328 3079 fuerit,
376 3015 443 3066 ita
465 3054 480 3079 ,
522 3029 579 3068 ut
612 3017 771 3069 Poeta
817 3018 1157 3087 ambiguitate

119 3097 271 3148 vocis
308 3094 476 3164 jocari
516 3096 743 3147 voluisse
783 3095 1043 3149 videatur.
1078 3129 1156 3137 —

117 3176 367 3228 Multum
386 3172 601 3245 quidem
622 3174 765 3245 apud
787 3195 870 3227 me
890 3176 1025 3228 valet
1040 3177 1157 3227 Mu-

119 3257 218 3307 reti
265 3257 327 3306 in
366 3254 691 3324 explicandis
723 3256 858 3307 locis
884 3257 1157 3308 obscurio·

118 3336 275 3387 ribus
310 3334 571 3386 subtilitas
602 3347 653 3387 et
684 3337 957 3407 sagacita8‚
987 3334 1074 3388 sed
1105 3337 1155 3387 in

118 3416 221 3469 hac
263 3435 331 3467 re
368 3414 536 3466 nolim
577 3434 699 3466 cum
734 3436 798 3467 eo
838 3417 893 3468 in
931 3417 1160 3468 tenebris

118 3498 347 3549 micare.

210 3596 233 3629 1
252 3615 265 3628 .
293 3576 468 3639 Sunt,
491 3575 582 3645 qui
605 3594 704 3646 pro
732 3576 927 3628 Lesbius
949 3577 1002 3628 in
1026 3595 1159 3627 non·

118 3657 289 3709 nullis
338 3655 489 3707 libris
534 3655 722 3708 Gellius
763 3657 987 3726 reperiri
1034 3657 1160 3708 scri-

120 3737 290 3799 bant;
320 3748 379 3788 at
403 3734 633 3806 Scaliger
662 3735 716 3786 in
752 3755 859 3788 uno
890 3756 941 3787 se
969 3735 1160 3806 depre-

118 3815 383 3868 hendisse
402 3815 581 3867 Coelius
602 3816 845 3867 affirmat.
863 3815 964 3868 Sed
981 3836 1163 3868 omnes

119 3896 248 3949 libri
267 3895 427 3948 statii
443 3909 493 3947 et
507 3896 681 3947 Vossii
699 3908 913 3947 tuentur
928 3909 1165 3948 nostram

1332 1658 1383 1711 3.
1414 1658 1607 1710 Sensus
1635 1677 1647 1709 ε
1676 1683 1697 1703 ι
1717 1656 1806 1709 sed
1837 1670 2009 1711 tamen
2038 1659 2125 1711 hic
2155 1662 2272 1730 pul-

1247 1736 1374 1789 cher
1402 1757 1486 1789 me
1515 1756 1638 1790 cum
1664 1750 1770 1790 tota
1800 1738 1998 1790 familia
2023 1758 2135 1792 mea
2164 1753 2273 1792 tan-

1246 1836 1402 1887 quam
1426 1818 1619 1888 pignus
1639 1817 1873 1887 positum
1893 1817 2080 1870 habeat
2098 1832 2151 1871 et
2174 1840 2273 1889 pro

1245 1897 1418 1949 lubitu
1441 1896 1657 1953 vendat,
1687 1898 1726 1946 si
1752 1898 2029 1967 quisquam
2055 1918 2271 1962 eorum,

1247 1977 1336 2047 qui
1383 1995 1504 2029 eum
1549 1990 1780 2038 norunt,
1829 1978 1910 2027 vel
1954 1978 2051 2029 tria
2095 1981 2270 2031 oscula

1245 2057 1460 2127 impuro
1480 2059 1592 2126 ejus
1604 2054 1858 2124 ori(quod
1877 2056 2095 2109 innuere
2111 2059 2268 2111 Poeta

1247 2126 1482 2199 videtur)
1519 2136 1856 2206 impresserit.
1883 2161 1903 2182 o
1937 2168 2014 2177 —-
2045 2138 2267 2199 Vendat,

1248 2218 1506 2287 respicere
1527 2217 1744 2268 Poetam
1771 2228 1918 2285 putat
1943 2216 2182 2269 Muretus
2203 2218 2269 2270 ad

1246 2310 1474 2348 veterem
1501 2294 1938 2347 consuetudinem
1955 2333 1971 2357 ,
1993 2314 2097 2365 qua
2114 2298 2274 2350 inter-

1246 2374 1380 2428 dum
1414 2377 1483 2427 ob
1518 2389 1659 2428 certa
1693 2373 1880 2429 delicta
1911 2388 2033 2427 totae
2057 2377 2269 2429 familiae

1246 2457 1458 2526 publice
1475 2454 2154 2510 vendebantur.-—Vendat
2174 2479 2269 2530 per

1248 2556 1334 2590 me
1358 2537 1478 2589 licet
1498 2577 1513 2602 ,
1542 2537 1689 2608 quasi
1717 2535 1993 2589 addictum
2023 2555 2090 2589 ex
2115 2558 2272 2607 spon-

1247 2618 1393 2669 sione
1425 2635 1528 2686 qua
1557 2618 1707 2668 illum
1741 2636 1883 2668 nunc
1913 2635 2163 2685 provoco,
2202 2620 2269 2671 N.

1332 2705 1381 2759 4.
1416 2697 1675 2759 Natorum,
1698 2695 1843 2767 quod
1863 2694 2038 2768 lepide
2058 2699 2274 2750 Vossius

1247 2774 1315 2827 de
1347 2777 1502 2829 claris
1536 2791 1586 2829 et
1613 2777 1882 2829 nobilibus
1913 2779 2164 2829 Romanis
2189 2798 2275 2829 ex·

1248 2857 1442 2926 plicat,
1485 2858 1622 2908 male
1665 2857 1718 2907 in
1750 2857 1901 2908 libris
1941 2869 2067 2908 vett.
2115 2859 2271 2910 Recte

1248 2936 1405 3006 igitur
1429 2939 1538 3006 jam
1578 2937 1805 3005 Scaliger
1838 2937 2102 2988 revocavit
2135 2950 2271 2987 noto-

1247 3036 1350 3067 rum
1377 3051 1459 3059 —
1483 3017 1548 3067 Iu
1579 3016 1877 3079 nonnullis,
1905 3035 1954 3067 v.
1984 3035 2034 3085 g.
2063 3016 2115 3067 in
2146 3015 2270 3069 edit,

1247 3096 1457 3166 Gryph.
1503 3097 1695 3149 Muret.
1745 3096 1935 3166 legitur
1977 3108 2269 3158 amatorum,

1248 3174 1393 3247 quod
1430 3174 1578 3228 haud
1610 3175 1773 3228 dubie
1810 3195 1870 3227 ex
1901 3188 2117 3227 natorum
2144 3194 2270 3228 con-

1248 3258 1430 3308 fictum
1473 3270 1569 3308 est·
1609 3255 1667 3308 Si
1709 3259 1804 3306 tria
1845 3270 2108 3308 amatorum
2142 3261 2276 3307 savia

1248 3343 1485 3404 sutjpmm't
1521 3336 1646 3406 legit
1688 3336 1933 3388 Heinsius
1970 3339 2020 3388 iu
2057 3351 2164 3389 not.
2206 3337 2270 3388 ad

1250 3418 1442 3470 Catull.
1467 3449 1546 3459 —
1571 3417 1838 3479 Natorum,
1868 3422 1970 3470 noti
1989 3431 2110 3469 sunt
2131 3418 2275 3470 sami·

1251 3498 1433 3559 liares,
1459 3497 1651 3568 quibus
1671 3497 1867 3568 aliquis
1889 3511 2046 3550 notus
2064 3512 2164 3562 est,
2182 3517 2278 3549 nos

1252 3579 1519 3628 Bekamite.
1545 3578 1629 3630 Sic
1653 3577 1834 3628 Livius
1854 3578 1933 3629 III
1953 3617 1968 3641 ‚
1989 3577 2058 3639 45
2089 3596 2101 3629 ζ
2135 3579 2275 3629 «Νο-

1255 3671 1325 3708 tos
1347 3657 1512 3728 gratia
1534 3677 1719 3709 eorum
1737 3697 1751 3720 ‚
1773 3659 1980 3710 turbam
1999 3655 2280 3728 indignitas

1254 3739 1329 3790 rei
1352 3737 1542 3807 virgini
1566 3738 1826 3788 conciliat.
1843 3765 1863 3783 ιι
1898 3739 2010 3788 Alia
2035 3737 2273 3805 exempla

1254 3819 1427 3881 posuit
1455 3818 1698 3887 Vulpius.
1719 3847 1799 3856 -
1822 3818 1939 3869 Hoc
1969 3815 2160 3867 addaiu
2182 3818 2280 3867 Ta·

1253 3898 1374 3949 citi:
1417 3924 1437 3942 ιι
1458 3897 1686 3949 Flebunt
1713 3897 2091 3949 Germanicum
2121 3897 2276 3947 etiam

119 3978 421 4029 lectionem
442 4015 457 4038 ,
485 3987 537 4026 et
564 3976 636 4028 sic
661 3989 736 4027 est
765 3976 817 4026 in
843 3975 1168 4029 editionibus
1256 3978 1443 4047 ignoti.
1469 4003 1487 4020 a
1527 3980 1663 4028 Ann.
1697 3978 1749 4027 ΙΙ
1769 4016 1783 4041 ,
1814 3995 1905 4045 71.
1937 3974 2037 4027 Sed
2057 3977 2195 4028 forte
2222 3977 2277 4029 h.

124 4057 383 4110 Parthen.
410 4056 623 4125 Gryph.
646 4057 842 4109 Muret.
866 4057 1115 4110 Cantabr.

1259 4059 1291 4108 Ι.
1317 4063 1419 4108 noti
1440 4070 1565 4109 sunt
1587 4058 1764 4107 nobiles
1795 4057 2047 4124 elegantia
2073 4075 2180 4109 sua.
2208 4058 2272 4108 N.

1824 4231 1959 4312 23³
