2986 4935
939 387 1387 455 CARMEN
1447 391 1626 456 Xll.
2251 393 2349 466 65

525 520 858 605 Quamvis
902 518 1165 586 sordida
1200 545 1303 588 res
1340 536 1405 588 et
1445 523 1793 590 invenusta
1830 540 1946 592 est.
2332 559 2354 595 s

523 625 682 692 Non
719 624 933 692 credis
969 623 1174 693 mihi?
1212 628 1429 695 Crede
1474 627 1752 697 Pollioni

525 732 780 814 Fratri,
825 732 939 824 qui
976 745 1089 799 tua
1127 732 1302 800 furta
1349 732 1450 800 vel
1497 734 1744 802 talento

528 838 778 904 Mutari
812 836 971 904 velit
1008 863 1021 904 :
1067 854 1165 906 est
1209 841 1380 907 enim
1432 840 1731 934 leporum

527 945 835 1011 Disertus
869 968 1068 1036 puer,
1100 969 1178 1013 ac
1222 945 1629 1015 facetiarum.

527 1050 755 1137 Quare
793 1064 910 1117 aut
947 1050 1535 1145 hendecasyllabos
1574 1069 1903 1126 trecentos

523 1158 852 1249 Exspecta
875 1210 895 1241 ‚
928 1172 1041 1224 aut
1079 1159 1240 1226 mihi
1280 1159 1555 1227 linteum
1597 1165 1889 1249 remitte,

517 1261 722 1350 Quod
768 1288 875 1330 me
912 1288 1046 1330 non
1088 1281 1312 1334 movet
1360 1269 1826 1352 aestimatione,

521 1371 773 1436 Verum
811 1385 910 1437 est
954 1395 1433 1465 mnemosynon
1479 1377 1606 1441 mei
1646 1376 1919 1445 sodalis:

197 1579 361 1632 dioris
400 1581 613 1652 spiritus
663 1581 983 1632 carminibus
1031 1583 1232 1634 notissi-

198 1678 330 1712 mus.
369 1661 455 1712 Cf.
494 1661 650 1730 Virg.
688 1660 869 1730 Eclog.
902 1662 1014 1725 ΠΙ,
1046 1664 1146 1724 84,
1182 1677 1231 1713 et

197 1737 326 1792 Hor.
351 1739 461 1793 Od.
483 1741 561 1804 H,
593 1759 639 1792 t.

275 1822 328 1873 8.
353 1820 576 1871 Vossius
602 1839 632 1870 e
657 1819 748 1872 lib.
774 1822 945 1872 Vatic.
977 1823 1226 1884 mulctari,

193 1918 352 1970 quam
373 1899 658 1952 lectionem
679 1913 928 1970 tanquam
956 1902 1227 1953 meliorem

192 1993 240 2030 et
294 1978 674 2050 elegantiorem
731 1980 952 2049 vulgatae
1001 1983 1227 2050 praefert.

193 2060 270 2110 De
307 2079 494 2111 errore
532 2057 749 2128 quidem
789 2060 1130 2112 librariorum
1171 2062 1226 2111 in

190 2139 497 2191 commixtis
532 2137 615 2190 his
654 2137 862 2190 duobus
903 2141 1075 2192 verbis
1116 2160 1223 2191 non

189 2216 417 2270 dubium
443 2232 520 2270 est
537 2238 552 2283 ;
569 2217 678 2270 vid.
708 2214 891 2271 Burm.
918 2217 985 2271 ad
1008 2218 1221 2271 Anthol.

188 2311 222 2349 t.
251 2299 306 2350 H
326 2339 342 2362 ‚
372 2318 427 2369 p.
462 2297 575 2350 528
604 2296 726 2362 ‚sed
751 2299 958 2369 vulgata
986 2299 1066 2349 vel
1089 2299 1223 2351 hane

186 2377 255 2428 ob
279 2397 498 2431 causam
519 2376 726 2430 videtur
739 2377 1085 2448 praeferenda,
1101 2380 1224 2449 quia

188 2458 266 2511 vel
296 2458 536 2510 maxime
568 2455 754 2522 docet,
788 2459 1000 2510 fratrem
1035 2461 1224 2529 quovis

185 2539 354 2609 pretio
372 2538 554 2589 fratris
570 2540 779 2609 culpam
792 2537 1054 2591 redimere
1069 2540 1219 2604 velle3

182 2616 312 2670 illud
336 2637 475 2669 vero
513 2630 693 2669 votum
716 2659 729 2679 ‚
765 2631 822 2668 ut
853 2619 1008 2669 frater
1041 2621 1220 2669 talento

179 2699 458 2760 mulctetur,
482 2695 689 2768 'parum
723 2697 1002 2749 honestum
1039 2700 1117 2750 sit.
1138 2734 1218 2741 -—

181 2778 387 2831 Mutari.
411 2775 611 2829 Sensus
632 2796 644 2828 :
671 2777 711 2828 si
739 2778 870 2829 facta
895 2778 1082 2830 infecta
1101 2779 1215 2830 fieri

179 2871 423 2927 possent,
469 2858 608 2908 furta
651 2869 738 2908 tua
773 2856 1015 2908 lubenter
1059 2859 1218 2910 frater

176 2952 294 2990 tuus
325 2939 414 2991 vel
452 2936 656 2988 talento
693 2934 972 2988 redimeret
1009 2952 1060 2988 et
1091 2957 1213 3007 per-

177 3030 421 3072 mutaret.
460 3017 659 3069 illatore
689 3037 783 3067 rem
821 3037 871 3067 re
911 3017 989 3068 vel
1029 3038 1131 3068 cum
1164 3039 1214 3067 re

175 3116 271 3167 pro
311 3108 605 3169 permutare
643 3115 704 3147 ex
741 3097 958 3166 antiquo
999 3097 1212 3150 emendi

173 3177 561 3247 vendendique
602 3195 747 3227 more
778 3176 1081 3246 saepiuscule
1120 3197 1212 3229 oc-

167 3259 353 3311 currit.
376 3258 474 3310 Sic
510 3254 697 3307 Medea
722 3254 865 3325 apud
893 3254 1051 3307 Ovid.
1083 3257 1209 3311 Met.

169 3338 308 3404 VII,
333 3337 410 3407 59
430 3377 450 3403 ‚
486 3340 591 3387 60:
622 3335 934 3406 «Quemque
963 3356 1060 3405 ego
1089 3356 1210 3388 cum

166 3419 324 3471 rebus
347 3457 365 3483 ,
417 3434 560 3489 quas
604 3427 740 3467 totus
779 3414 1008 3484 possidet
1037 3418 1210 3479 orbis»,

167 3496 493 3551 AEsonidem
535 3509 763 3547 mutasse
786 3496 942 3546 velim
977 3522 1021 3546 ι.
1048 3497 1211 3548 Verte

165 3579 349 3631 invoc.
376 3575 583 3632 thlic.
609 3594 891 3644 corrompm.
908 3574 1050 3625 Vide
1080 3594 1212 3646 quos

162 3658 340 3711 laudat
350 3656 428 3710 de
449 3674 557 3706 usu
572 3654 731 3726 hujus
748 3655 894 3706 verbi
912 3656 1208 3707 Drackenb.

159 3736 225 3791 ad
243 3740 371 3792 Liv.
401 3750 546 3789 tom.
579 3736 660 3799 11,
689 3754 741 3804 p.
780 3733 907 3785 130.

236 3840 289 3889 9.
314 3815 658 3870 Passeratius
683 3827 734 3864 et
754 3814 970 3865 Vossius
994 3815 1092 3884 legi
1123 3835 1209 3866 vo.

157 3897 268 3952 lnnt
296 3899 519 3961 disertus
555 3914 659 3965 pro
691 3894 947 3962 dissertus,-
979 3893 1065 3945 sed
1097 3895 1208 3964 pri-

158 3997 301 4031 mum
347 3980 477 4031 hac
522 3974 725 4026 locutio
776 3986 924 4043 aeque
966 3975 1208 4046 exemplo

154 4072 290 4112 aret
315 4100 332 4123 ,
370 4076 443 4111 ac
497 4066 680 4109 nostra
719 4052 922 4104 disertus
958 4054 1164 4124 leporum
1189 4077 1207 4115 ,-

1321 1585 1515 1637 deinde
1528 1589 1611 1638 vix
1633 1587 1737 1639 dici
1753 1609 1903 1659 posse
1918 1606 2046 1661 puto
2072 1595 2126 1645 in
2146 1597 2341 1651 bonam

1319 1679 1523 1734 partem
1560 1668 1783 1734 dissertus
1827 1673 2055 1741 leporum.
2084 1676 2344 1732 Nonnulli

1312 1759 1456 1812 pater
1508 1765 1605 1816 pro
1649 1768 1773 1817 puer
1791 1793 1803 1812 ‚
1861 1753 1997 1804 male
2018 1754 2030 1805 Ξ
2078 1754 2345 1826 judicante

1322 1825 1716 1880 Vossi0.-—-Sed
1741 1850 1846 1881 non
1867 1850 1988 1884 cum
2014 1835 2204 1889 vossio
2224 1858 2348 1892 con-

1318 1904 1468 1956 sentit
1488 1905 1726 1958 Handius
1746 1924 1797 1960 et
1820 1914 2183 1982 reponendum
2201 1932 2346 1987 pater

1316 1985 1507 2035 evincit
1555 1990 1807 2058 exemplis
1847 2011 1909 2042 ex
1948 1993 2182 2047 Petronii
2227 2019 2341 2071 cap.

1314 2083 1443 2114 cxxx
1456 2085 1495 2116 ιι
1516 2104 1530 2129 ,
1557 2067 1707 2116 Pater
1724 2073 1846 2130 veri,
1876 2072 2034 2142 Prop.
2053 2075 2107 2125 II
2125 2115 2139 2139 ,
2166 2097 2313 2134 xxxn
2330 2123 2344 2146 ,

1320 2145 1389 2195 38
1409 2184 1422 2206 ,
1457 2146 1607 2194 Pater
1639 2147 1797 2210 eleari,
1823 2163 1869 2199 et
1892 2152 2070 2205 Barth.
2103 2155 2172 2206 ad
2213 2159 2338 2213 Stat.

1312 2223 1483 2274 Theb.
1514 2227 1623 2288 111,
1640 2245 1692 2295 p.
1724 2229 1754 2279 8
1770 2230 1851 2291 15,
1871 2231 2059 2300 petitis.
2082 2235 2168 2286 Sic
2189 2239 2340 2291 Pater

1312 2317 1438 2353 esset
1461 2304 1545 2356 hic
1574 2312 2343 2379 autors›r‹1e‹·ipum.N.-Diser-

1312 2395 1385 2432 ms
1404 2388 1663 2454 novejam
1688 2386 1886 2439 (lictum
1920 2390 2128 2446 videtur
2146 2395 2213 2448 dc
2237 2419 2300 2452 eo
2324 2442 2338 2465 ,

1311 2464 1402 2532 qui
1439 2464 1660 2535 alicujus
1695 2469 1767 2518 rvi
1789 2507 1803 2532 ,
1841 2471 1929 2521 ubi
1976 2473 2221 2530 facundia
2252 2482 2335 2532 in-

1307 2543 1493 2611 primis
1519 2566 1653 2615 opus
1680 2561 1750 2597 est
1766 2589 1780 2611 ,
1804 2551 1939 2602 bene
1964 2556 2162 2622 peritus
2188 2559 2335 2613 inve-

1307 2622 1468 2673 nitur.
1493 2625 1663 2677 Pollio
1699 2629 1886 2696 igitur,
1918 2633 2124 2703 elegans
2160 2653 2209 2690 et
2247 2661 2335 2694 ur·

1308 2702 1473 2752 banus
1485 2706 1693 2774 juvenis
1708 2705 2010 2767 [sexcenties
2027 2717 2165 2768 enim
2187 2722 2333 2790 apud

1307 2782 1524 2834 Veteres
1540 2798 1644 2835 tam
1668 2789 1885 2855 juvenes
1900 2828 1914 2853 ,
1938 2811 2094 2861 quam
2115 2797 2212 2867 ipsi
2232 2802 2328 2854 viri

1303 2860 1498 2914 blande
1540 2880 1792 2917 vocantur
1817 2870 2015 2937 μων-Π,
2050 2894 2154 2927 non
2196 2882 2332 2934 ferre

1305 2955 1507 3010 poterat
1537 2942 1779 3014 illepidos
1806 2962 1856 2999 et
1889 2949 2124 3005 inficetos
2156 2959 2327 3015 fratris

1300 3023 1377 3070 sui
1410 3023 1575 3090 jocos.
1621 3054 1699 3063 -—-
1728 3028 1942 3081 Terent.
1980 3031 2036 3083 in
2078 3035 2324 3093 Eunuch.

1304 3102 1370 3163 V,
1397 3120 1474 3152 vu
1492 3142 1508 3166 ,
1542 3121 1639 3155 10:
1667 3131 1688 3151 α
1713 3108 1781 3158 At
1807 3108 1962 3161 etiam
1984 3113 2158 3182 primo
2186 3121 2329 3173 calli-

1300 3179 1428 3231 dum
1470 3194 1520 3233 et
1560 3181 1813 3237 disertum
1841 3187 2113 3245 hominem
2144 3221 2162 3239 ›-
2185 3238 2199 3261 ,
2230 3203 2323 3254 ubi

1300 3262 1498 3310 disertus
1513 3281 1611 3331 pro
1618 3269 1802 3331 peritus
1816 3309 1828 3329 ,
1854 3285 2069 3323 >versutus
2082 3279 2323 3346 sumitur,

1301 3352 1358 3391 ut
1385 3340 1471 3391 hic
1493 3340 1635 3411 apud
1662 3343 1944 3401 Catullum.
1974 3351 2040 3404 N.

1389 3438 1472 3471 ιο.
1509 3423 1967 3498 Hendecaasyllahi,
1997 3446 2055 3483 ut
2086 3435 2322 3508 iambus,

1299 3513 1445 3550 erant
1489 3503 1702 3572 propria
1738 3520 1915 3559 vatum
1952 3509 2185 3568 dicteriis
2225 3522 2320 3573 ali·

1300 3597 1456 3647 quem
1489 3583 1813 3651 carpentium
1850 3590 1965 3641 tela.
1994 3592 2059 3644 N.

1385 3676 1470 3711 12.
1499 3661 1648 3729 Quod
1663 3684 1732 3713 me
1754 3684 1804 3716 n.
1826 3686 1885 3717 m.
1915 3685 2019 3723 cest.
2045 3675 2187 3744 quod
2213 3699 2319 3733 non

1297 3739 1451 3806 pretii
1477 3740 1569 3792 sed
1596 3744 1885 3797 amicorum
1911 3769 2066 3804 causa
2090 3758 2286 3812 aestimo
2304 3799 2316 3816 ‚

1298 3817 1351 3866 iu
1376 3836 1604 3887 quorum
1633 3827 1939 3878 memoriam
1968 3831 2099 3884 illud
2124 3841 2319 3909 accepi.

1388 3899 1471 3950 13.
1507 3901 1867 3975 Mnemosynon,
1899 3928 2062 3978 graece
2090 3912 2288 3970 dictum
2305 3961 2319 3983 ,

1299 3989 1354 4026 ut
1380 3992 1519 4030 amat
1538 3980 1789 4036 Catullus.
1805 3987 1952 4057 Virg.
1980 3995 2172 4058 AE11.V‚
2192 3997 2324 4065 538,

1304 4057 1410 4125 572
1451 4077 1463 4109 :
1516 4087 1535 4106 ι
1569 4062 1973 4119 Monumentum
2033 4085 2082 4122 et
2134 4076 2322 4147 pignus

1853 4170 1891 4242 5
