2986 4935
625 422 726 493 60

1149 428 1225 494 C.
1261 428 1699 495 VALERII
1759 428 2223 496 CATULLI

943 559 1115 626 Utor
1151 574 1286 628 tam
1328 561 1532 646 hene,
1578 586 1777 656 quam
1816 562 1978 630 mihi
2015 562 2329 656 pararim.

943 664 1071 733 Sed
1110 680 1182 734 tu
1221 666 1468 736 insulsa
1507 666 1713 756 male,
1751 683 1817 738 et
1849 668 2128 739 molesta
2162 669 2365 751 vivi5‚

943 775 1071 840 Per
1105 797 1305 867 quam
1351 800 1488 843 non
1533 775 1686 846 licet
1723 801 1865 845 esse
1903 776 2366 871 negligentem.

710 936 801 989 32.
833 936 958 987 Utor·
980 948 1077 987 tam
1097 936 1237 999 bene,
1265 958 1406 1009 quam
1430 941 1652 1011 miliipa-

628 1019 794 1069 rar-im.
849 1016 973 1068 Post
1026 1037 1164 1088 quam
1211 1018 1438 1072 subaudi
1479 1023 1539 1071 si.
1590 1021 1653 1072 In

626 1096 807 1147 animo
845 1095 1030 1148 habuit
1070 1109 1222 1167 poeta
1258 1098 1441 1151 tritum
1481 1099 1652 1153 illud:

626 1175 920 1227 amicorum
949 1180 1126 1228 omnia
1159 1195 1266 1228 esse
1292 1181 1614 1233 communia.

710 1255 808 1307 33.
845 1255 1128 1310 Nonnullae
1162 1258 1486 1329 antiquiores
1526 1259 1652 1312 edit.

633 1335 836 1395 insulsa,
876 1337 1002 1385 mala
1028 1348 1079 1387 ee
1104 1337 1327 1399 molesta,
1364 1341 1447 1390 vel
1472 1342 1594 1392 male
1611 1352 1658 1390 et

630 1418 768 1465 nimis
791 1416 984 1466 molesta
998 1437 1068 1478 es,
1090 1418 1172 1469 vel
1193 1419 1318 1469 mala
1337 1430 1388 1469 et
1402 1423 1542 1471 nimis
1565 1441 1659 1472 mo·

631 1495 751 1545 lesta
773 1515 837 1545 es.
861 1496 1076 1547 Vossius
1096 1515 1109 1549 ε
1130 1497 1233 1548 Sed
1252 1511 1303 1549 tu
1321 1504 1474 1551 invisa
1489 1542 1505 1563 ,
1533 1501 1657 1552 male

631 1587 677 1625 et
710 1576 906 1625 molesta
941 1579 1079 1628 veris.
1120 1577 1296 1630 Heins.
1335 1580 1389 1631 in
1430 1594 1542 1633 not.
1586 1579 1654 1633 ad

633 1656 748 1707 Cat.
774 1655 1017 1725 conjicit:
1043 1656 1146 1708 Sed
1170 1669 1222 1709 tu
1256 1660 1436 1711 insulsa
1465 1663 1581 1711 vale
1607 1673 1656 1710 et

633 1735 827 1785 molesta
871 1735 1048 1799 ubivis,
1097 1738 1179 1789 vel
1208 1742 1355 1790 cuivis
1378 1759 1397 1791 .·
1423 1741 1477 1791 in
1517 1760 1651 1794 vers,

1742 941 1835 992 ult.
1858 937 2000 992 idem
2025 940 2171 993 malit
2198 940 2463 1009 negligenti
2484 957 2585 1010 pro
2614 940 2769 1009 negli-

1738 1033 1946 1091 gentem,
1979 1019 2127 1091 quod
2151 1019 2340 1091 jamin
2362 1032 2593 1071 mentem
2628 1018 2771 1071 venit

1744 1102 1950 1153 Dousae.
1978 1133 2060 1143 —
2091 1100 2300 1152 Molesta
2343 1102 2468 1151 vivis
2503 1098 2772 1169 'eleganter

1744 1200 1842 1252 pro
1863 1201 1929 1232 es.

1829 1260 1922 1323 34.
1944 1261 2043 1311 Per
2063 1279 2203 1330 quam
2230 1278 2326 1310 non
2357 1259 2468 1309 licet
2490 1278 2588 1309 esse
2616 1256 2772 1327 negli-

1742 1353 1964 1411 gentem,
2003 1341 2152 1421 cnjus
2196 1338 2449 1409 rapacitas
2495 1352 2646 1390 caute
2691 1337 2772 1389 vi·

1745 1419 1903 1473 tanda
1935 1433 2009 1473 est
2040 1413 2187 1487 (avec
2221 1419 2427 1491 laquelle
2454 1419 2493 1469 il
2519 1420 2642 1484 saut
2677 1428 2774 1469 etta

1746 1521 1831 1552 sur
1853 1522 1924 1553 ses
1952 1497 2425 1570 gardes).—Immo
2451 1516 2465 1551 :
2491 1517 2588 1569 per
2612 1515 2773 1569 quam

1741 1600 1849 1632 non
1892 1582 2014 1633 licet
2061 1580 2208 1650 loqui
2258 1598 2367 1651 non
2417 1578 2735 1649 cogitantem
2757 1616 2773 1642 ,

1741 1679 1914 1731 neque
1956 1660 2076 1713 satis
2117 1659 2278 1711 verba
2321 1670 2629 1731 pensantem
2652 1696 2668 1720 ‚
2707 1675 2775 1708 ne

1747 1738 2131 1812 deprehendas,
2165 1740 2233 1792 N.

1293 1900 1855 1996 CARMEN
1920 1907 2086 1993 XI.

1101 2110 1207 2154 AD
1264 2110 1605 2156 FURIUM
1667 2111 1763 2156 ET
1820 2108 2309 2156 AURELIUM.

957 2255 1008 2318 F
1016 2276 1132 2321 um
1181 2268 1246 2321 et
1289 2253 1550 2342 Aureli,
1592 2256 1864 2325 comites
1909 2252 2191 2337 Catulli,

715 2426 1191 2480 Ana.Sublin1iori
1227 2428 1410 2499 spiritu
1433 2431 1659 2501 exsurgit

636 2518 805 2574 poeta,
828 2520 875 2557 et
895 2507 1036 2576 ipse,
1055 2525 1161 2576 quo
1181 2527 1324 2560 nunc
1343 2511 1529 2571 utitur,
1549 2529 1664 2580 gra-

636 2584 766 2635 viori
788 2586 1034 2637 carminis
1051 2605 1260 2676 genere,
1281 2588 1333 2638 in
1351 2587 1517 2640 altum
1539 2591 1664 2643 eniti

635 2676 684 2714 et
705 2666 865 2735 paulo
887 2665 1091 2717 serioris
1108 2668 1400 2736 argumenti
1422 2686 1534 2719 rem
1555 2687 1664 2720 mo·

634 2742 717 2795 liri
762 2757 812 2796 et
847 2746 1154 2815 promittere
1195 2744 1417 2799 videtur.
1457 2750 1523 2800 In
1560 2767 1666 2820 qua

633 2822 848 2893 quidem
878 2825 1129 2896 opinione
1160 2839 1300 2879 tenet
1329 2828 1548 2879 lectores
1581 2848 1664 2880 us-

639 2923 744 2973 que
775 2904 843 2956 ad
871 2925 1080 2958 versum
1128 2907 1194 2960 15
1213 2946 1229 2969 ‚
1271 2907 1362 2959 ubi
1400 2908 1666 2978 inopinata

637 2986 978 3037 conversione
1008 2987 1232 3039 suaviter
1267 2986 1431 3039 eludit
1463 2988 1670 3041 lectoris

637 3066 1094 3133 exspectationem.
1117 3068 1251 3119 Nam
1277 3081 1558 3138 postquam
1587 3087 1666 3119 sa·

640 3142 702 3193 tis
718 3143 1020 3197 laudaverat
1040 3159 1322 3216 spectatam
1339 3148 1433 3199 sibi
1452 3148 1598 3200 Furii
1616 3160 1668 3199 et

643 3223 841 3276 Aurelii
881 3226 1189 3290 amicitiam,
1232 3224 1302 3279 ad
1340 3227 1515 3279 officia
1550 3246 1667 3297 gra-

642 3302 845 3355 vissima
879 3323 1100 3376 quaeque
1129 3306 1282 3358 amici
1320 3326 1473 3359 causa
1511 3308 1668 3359 susci·

640 3380 833 3451 pienda
853 3399 1112 3454 paratam,
1136 3387 1329 3456 expetit
1347 3387 1442 3438 sibi
1467 3406 1667 3439 novum

637 3461 706 3513 ab
751 3463 873 3532 ipsis
921 3465 1158 3518 amicitiae
1208 3466 1447 3518 officium
1474 3485 1486 3519 :
1523 3464 1669 3535 quod

638 3542 793 3611 quale
811 3557 1171 3616 quantumque
1186 3546 1363 3611 fuerit,
1375 3547 1487 3618 ipse
1506 3547 1672 3598 lector

640 3636 938 3691 cognoscat.
951 3625 1450 3697 Exsplendescitboc
1460 3645 1670 3679 carmen

640 3703 842 3756 eximiis
860 3706 1035 3774 magni
1055 3721 1224 3776 poetae
1246 3707 1541 3770 virtutibus,
1561 3705 1669 3758 sive

640 3782 924 3836 verborum
944 3782 1205 3838 delectum
1228 3798 1279 3838 et
1296 3799 1540 3839 ornatum
1559 3787 1670 3856 pla·

641 3880 708 3913 ne
721 3863 947 3933 lyricum
963 3866 1220 3937 respicias,
1236 3866 1341 3917 sive
1355 3866 1674 3935 inexspecta-

642 3953 748 3992 tam
769 3945 1163 3998 conversionem
1182 3959 1233 3997 et
1245 3945 1563 4016 ingeniosam
1590 3945 1672 3996 in·

639 4022 939 4077 ventionem
962 4023 1261 4085 admireris,
1286 4045 1390 4097 qua
1408 4042 1667 4078 summam

640 4102 944 4169 gravitatem
989 4119 1204 4176 repente
1248 4106 1444 4177 excipit
1476 4104 1669 4158 lasciva

1746 2428 1941 2482 levitas.
1986 2459 2069 2471 -—
2112 2428 2196 2480 An
2241 2424 2362 2480 satis
2402 2437 2637 2478 mentem
2679 2427 2782 2482 C·-

1747 2511 1863 2561 tulli
1878 2509 2190 2579 Doeringius
2203 2506 2539 2571 intellexerit,
2561 2504 2751 2560 dubito
2766 2524 2781 2559 ε

1747 2606 1977 2660 namque
2015 2602 2156 2640 vates
2186 2606 2314 2638 vero
2341 2585 2540 2638 doloris
2579 2587 2783 2658 impetu

1749 2670 1913 2721 fertur
1929 2707 1945 2732 ‚
1966 2681 2018 2721 et
2035 2687 2200 2739 quum
2221 2665 2441 2718 infidam
2462 2665 2519 2716 in
2541 2667 2784 2719 remotis-

1747 2748 1902 2801 simas
1921 2761 2176 2800 terrarum
2198 2760 2368 2818 partes
2383 2747 2583 2815 fugere,
2606 2746 2648 2798 si
2666 2764 2787 2817 pos·

1750 2828 1832 2892 sit,
1852 2827 2029 2880 animo
2052 2826 2274 2880 destinet
2291 2867 2304 2889 ,
2322 2826 2503 2878 amicis
2516 2853 2537 2890 ,1
2550 2842 2784 2896 quorum

1750 2921 1984 2978 paratam
2042 2906 2111 2960 ad
2158 2904 2485 2977 sequendum
2500 2943 2517 2970 ,
2562 2924 2784 2977 quoquo

1750 2988 1850 3040 iter
1886 2987 1974 3038 ille
2008 2987 2294 3039 intenderit
2310 3023 2327 3048 ‚
2366 2984 2528 3036 fidem
2566 2985 2788 3056 egregiis

1753 3080 1903 3119 ornat
1931 3066 2207 3130 laudibus,
2254 3063 2466 3118 mandat
2502 3077 2561 3116 ut
2591 3065 2787 3136 puello

1752 3147 2032 3200 novissima
2057 3148 2218 3199 verba
2246 3159 2296 3198 et
2317 3145 2562 3215 nequitiae
2588 3164 2787 3215 expro-

1753 3227 2046 3278 brationem
2095 3227 2257 3295 ipsius
2300 3226 2516 3277 nomine
2574 3225 2749 3277 ferant
2769 3262 2788 3291 ,

1754 3305 1968 3377 quando
1989 3319 2040 3359 et
2065 3306 2201 3377 ipse,
2218 3304 2364 3376 quod
2384 3324 2491 3356 non
2511 3302 2639 3357 dicit
2657 3343 2671 3372 ‚
2689 3303 2789 3358 sed

1755 3387 1909 3439 facile
1927 3387 2227 3457 suspiceris,
2250 3404 2366 3438 eam
2381 3383 2528 3437 adire
2545 3385 2791 3437 reformi-

1756 3465 1861 3518 det.
1891 3469 2030 3517 Iram
2059 3466 2216 3537 igitur
2234 3479 2286 3517 et
2307 3466 2485 3517 laesum
2513 3481 2790 3528 amorem,

1753 3547 1808 3599 in
1832 3547 1935 3598 hoc
1963 3546 2220 3610 carmine,
2252 3564 2361 3597 non
2389 3544 2721 3597 cavillantia
2700 3563 2790 3615 Jo-

1756 3645 1877 3680 cum
1902 3623 2076 3678 video.
2099 3628 2178 3678 Ita
2204 3624 2426 3677 Ovidius
2452 3614 2628 3691 (Rem.
2649 3641 2757 3676 am.
2764 3614 2789 3692 )

1757 3719 1934 3758 monet
1979 3705 2214 3776 quisquis
2252 3704 2323 3756 ob
2361 3704 2616 3756 offensam
2656 3720 2789 3756 cum

1756 3787 1929 3857 puella
1943 3783 2219 3837 discidium
2232 3784 2400 3836 facere
2413 3783 2657 3847 voluerit,
2671 3782 2793 3835 abs·

1756 3863 2031 3918 tinendum
2053 3865 2292 3916 convicio
2309 3877 2362 3915 et
2384 3861 2529 3916 omni
2551 3881 2792 3915 conven-

1759 3960 1816 3999 tu
1828 3984 1843 4009 ‚
1852 3963 1920 3997 ne
1933 3943 2262 3997 recrudescat
2272 3962 2442 4010 amor,
2452 3947 2483 3995 6
2493 3945 2524 3994 8
2533 3947 2564 4005 4
2582 3960 2697 4014 sqq.
2712 3941 2789 3996 N.

1845 4043 1866 4077 ι
1879 4064 1892 4076 .
1911 4025 1962 4077 F
1960 4028 2036 4076 uri
2053 4036 2100 4077 et
2115 4024 2308 4077 Aur-eli,
2328 4023 2486 4077 Innui
2502 4034 2691 4092 putant
2708 4023 2793 4075 in·

1755 4117 2005 4177 terpretes
2015 4103 2234 4158 Furium
2246 4102 2796 4173 Bibaculum,elegan·
