2986 4935
912 418 1355 488 CARMEN
1421 422 1593 488 Vll.

838 637 1397 732 CARMEN
1460 646 1678 733 VII.

961 871 1071 916 An
1128 871 1529 920 LESBIAM.

497 1048 824 1134 Quffims,
861 1063 1027 1141 quot
1060 1049 1224 1117 mihi
1258 1049 1652 1123 basiationes

493 1155 689 1238 Tuae,
721 1154 995 1241 Lesbia,
1030 1156 1164 1224 sint
1204 1157 1359 1225 satis
1404 1163 1774 1255 superque?

491 1259 712 1348 Quam
743 1284 1024 1356 magnus
1057 1287 1376 1333 numerus
1406 1266 1696 1360 Libyssae
1729 1296 1943 1342 arenae

491 1366 989 1461 Laserpiciferis
1020 1373 1197 1463 jacet
1231 1373 1511 1464 Cyrenis
1534 1428 1553 1459 ‚

490 1471 810 1542 Oraclum
851 1476 1036 1545 Jovis
1081 1478 1257 1547 inter
1297 1482 1560 1549 aestuosi
2287 1523 2306 1559 s

492 1579 581 1647 Et
613 1581 788 1649 Batti
827 1584 1068 1652 veteris
1104 1607 1364 1653 sacrum
1404 1586 1783 1680 sepulcrum
1822 1619 1841 1679 ;

486 1687 619 1754 Aut
656 1710 858 1780 quam
895 1687 1115 1758 sidera
1155 1688 1397 1778 multa,
1425 1718 1629 1787 quum
1668 1711 1838 1768 tacet
1892 1727 2055 1788 nox,

483 1793 793 1863 Furtivos
830 1794 1177 1865 hominum
1216 1796 1443 1867 vident
1477 1824 1778 1872 amores:

482 1899 650 1968 Tam
686 1914 751 1969 te
778 1900 960 1971 basia
989 1902 1197 1972 multa
1221 1904 1511 1992 basiare,

484 2004 751 2075 Vesano
797 2009 952 2078 satis
994 2024 1060 2078 et
1100 2034 1300 2103 super
1338 2011 1603 2082 Catullo
1647 2033 1776 2099 est,

484 2111 655 2203 Quae
685 2138 808 2183 nec
844 2139 1319 2209 pernumerare
1350 2120 1592 2188 curiosi

479 2220 774 2308 Possint,
806 2246 929 2291 nee
958 2220 1131 2291 mala
1161 2223 1482 2294 fascinare
1517 2224 1756 2320 lingua.

248 2398 379 2451 Aac.
394 2397 671 2470 Ingentem
687 2400 955 2453 basiorum
976 2402 1184 2475 copiam

171 2477 295 2545 petit
321 2479 581 2532 aLesbia.
601 2480 668 2533 cf.
694 2482 875 2536 Carm.
897 2483 966 2535 V.
997 2519 1003 2524 -

246 2564 293 2621 4.
308 2560 670 2630 Laserpiciferis
692 2561 911 2634 Cyrenis.
930 2562 1153 2633 Cyrenae
1167 2603 1182 2626 ,

168 2655 264 2690 una
309 2657 343 2691 e
392 2639 634 2711 quinque
682 2641 905 2694 urbibus
959 2642 1190 2713 regionis

167 2716 465 2789 Cyrenaico
508 2718 566 2771 in
595 2719 774 2773 Africa
816 2739 990 2792 prope
1023 2725 1184 2794 AEgy-

166 2809 307 2866 ptum
328 2835 346 2862 ,
383 2798 664 2870 laser-pinio
697 2796 938 2871 (σιλφίῳ)
973 2802 1182 2854 nobilis

166 2875 282 2929 vid.
304 2876 375 2931 de
396 2879 501 2931 bac
520 2879 844 2934 nobilissima
864 2880 1011 2951 apud
1031 2883 1186 2934 Vete-

162 2974 240 3008 res
266 2957 448 3029 planta
490 2958 774 3013 Salmasius
811 2959 881 3012 ad
919 2959 1084 3014 Solin.
1126 2982 1180 3033 p.

164 3041 290 3105 ²49·
323 3037 595 3107 Cyrenai:
626 3039 783 3092 fuisse
816 3040 1087 3111 propriam
1133 3055 1182 3093 et

159 3117 390 3188 mnspici
406 3135 594 3171 eorum
621 3120 855 3172 nummis
875 3120 1181 3191 impressam

159 3195 361 3268 egregie
415 3195 574 3258 docet
628 3198 1056 3252 Hemsterbusius
1111 3201 1179 3254 ad

156 3274 456 3342 Pollucem,
484 3278 595 3344 IX,
619 3297 759 3343 vm,
793 3283 894 3345 60,
918 3298 972 3350 p.
1009 3288 1181 3335 1026-

165 3358 332 3422 1098,
346 3356 417 3409 cf.
439 3356 698 3411 Trillerus
716 3358 788 3412 ad
808 3359 964 3413 Grot.
984 3361 1177 3415 Christ.

154 3434 372 3504 patient.
392 3456 449 3507 p.
474 3456 503 3489 ι
516 3439 606 3507 57.

234 3515 293 3569 5.
318 3517 548 3569 oraclum
573 3517 707 3571 lovis
743 3522 835 3570 int.
866 3532 970 3572 cest.
999 3521 1182 3574 Innuit

148 3594 343 3648 Iovem
358 3595 708 3650 Hammonem
721 3637 736 3664 ,
753 3617 819 3651 cu
820 3601 905 3669 jus
922 3601 1179 3670 templum

149 3687 197 3728 et
257 3676 542 3729 muculum'
583 3679 721 3731 fama
774 3679 1178 3732 celeberrimum

148 3754 247 3807 fuit
269 3754 327 3806 in
349 3755 537 3829 Libya.
564 3758 833 3811 Describit
873 3757 1009 3811 illud
1040 3760 1179 3813 Cur-

147 3834 286 3898 tius,
308 3835 407 3899 IV,
430 3855 544 3903 vn,
562 3838 592 3892 5
613 3877 629 3903 ,
658 3839 752 3891 ubi
786 3839 952 3891 multa
977 3838 1045 3890 de
1073 3840 1176 3892 hoc

146 3914 350 3987 templo
375 3916 585 3990 collegit
608 3917 883 3990 diligentia
906 3919 1177 3972 Freinshe-

145 3995 261 4048 nii.
301 3996 381 4049 De
413 3997 644 4070 imagine
675 3999 827 4053 Jovis
866 3999 1179 4052 Hammonis

147 4075 196 4125 in
222 4074 630 4134 numismatibus
658 4092 713 4132 et
734 4080 915 4132 statuis
936 4096 1176 4150 expressa

1273 2403 1382 2474 agit
1416 2404 1792 2477 SpanhemiuS,
1823 2409 1892 2462 de
1920 2413 2031 2466 Usu
2058 2429 2108 2469 et
2129 2418 2304 2475 Praest.

1272 2503 1423 2536 num.
1460 2484 1582 2539 diss.
1603 2489 1712 2540 VII
1727 2527 1743 2554 ,
1766 2509 1820 2560 p.
1852 2492 1989 2561 389:
2014 2495 2152 2549 adde
2175 2501 2300 2555 Ant.

1276 2583 1372 2615 van
1395 2566 1556 2618 Dalen
1574 2567 1642 2619 de
1659 2569 1872 2624 Oracul.
1891 2576 2073 2643 gentil.
2103 2597 2215 2649 cap.
2245 2603 2303 2651 9,

1272 2661 1325 2713 p.
1360 2663 1462 2713 209
1487 2664 1593 2718 seq.
1612 2649 1876 2703 AEstuosus
1893 2672 2000 2706 non
2023 2656 2090 2708 ad
2109 2660 2142 2709 J
2145 2678 2300 2713 ovem

1270 2721 1362 2775 sed
1416 2724 1483 2777 ad
1530 2727 1756 2797 Libyam
1801 2732 2135 2789 referendum
2154 2777 2170 2802 ‚
2208 2742 2301 2793 ubi

1273 2821 1430 2856 arena
1459 2809 1730 2873 aestuabat,
1765 2824 1888 2862 aestu
1920 2813 2183 2881 fervebat,
2215 2821 2301 2873 vel

1272 2884 1431 2935 maris
1458 2885 1622 2938 instar
1642 2887 1797 2940 flante
1825 2891 1970 2943 Euro
1988 2895 2298 2965 agitabatur.

1330 2967 1406 3015 16.
1435 2967 1485 3016 E
1490 2979 1512 3015 t
1535 2966 1678 3019 Batti
1702 2974 1875 3021 veteris
1909 2991 2095 3025 sacrum
2134 2982 2295 3047 sepul-

1269 3061 1415 3094 crum.
1461 3045 1622 3098 Sacro
1666 3047 1869 3101 honore
1914 3053 2184 3108 colebatur
2224 3078 2301 3112 se·

1268 3123 1516 3190 pulcrum
1538 3126 1707 3189 Batti,
1734 3129 1858 3198 quia
1891 3131 2097 3201 primus
2127 3136 2293 3208 Cyre-

1266 3221 1453 3255 narum
1484 3204 1730 3259 conditor
1765 3208 1883 3262 fuit.
1921 3212 1999 3264 De
2037 3232 2144 3283 quo
2181 3217 2290 3270 vid.

1267 3281 1550 3353 Spanhem.
1585 3284 1651 3337 ad
1684 3289 1992 3344 Callimach.
2024 3291 2189 3363 Hym.
2237 3299 2291 3350 in

1266 3363 1447 3432 Apoll.
1480 3369 1575 3432 76.

1354 3461 1376 3495 1
1395 3462 1416 3497 1
1429 3483 1442 3495 .
1464 3443 1660 3497 Curiosi
1669 3486 1683 3508 ‚
1706 3445 2210 3507 invidi.Videndum
2222 3455 2295 3509 ad

1266 3522 1443 3575 Carm.
1460 3525 1925 3595 V.--1mp0rtuni
1951 3549 2132 3586 rerum
2164 3536 2294 3589 alie-

1263 3619 1452 3654 narum
1496 3617 1821 3659 scrutatores.
1864 3609 2021 3663 Unde
2056 3615 2289 3684 sequiori

1265 3694 1411 3734 aetate
1441 3681 1512 3735 ita
1555 3686 1812 3738 nominati
1843 3690 2072 3758 publicae
2110 3695 2289 3766 inqui-

1263 3762 2092 3834 sitionisministriAE.Th.V1,tit.
2115 3774 2287 3842 ²9·N·

1353 3860 1374 3893 1
1391 3861 1439 3894 ιι.
1461 3843 1602 3896 Mala
1617 3845 1783 3915 lingua
1802 3847 1854 3897 in
1880 3847 2041 3901 simili
2061 3871 2117 3903 re
2138 3854 2288 3924 apud

1265 3920 1455 3992 Virgil.
1507 3922 1719 3989 dicitur,
1751 3927 1930 3997 Eclog.
1973 3930 2082 3981 VII
2104 3970 2120 3995 ‚
2173 3935 2242 3987 28
2275 3952 2292 3987 2

1270 4026 1292 4047 ι
1309 4001 1528 4055 baccare
1555 4005 1781 4058 frontem
1822 4007 2063 4078 cingite,
2088 4031 2156 4063 ne
2183 4015 2293 4068 vati

1264 4097 1449 4135 noceat
1474 4083 1810 4155 malalingua
1829 4087 2025 4141 futuro.

1924 4199 1969 4280 4
