2986 4935
664 523 810 593 268

1188 530 1262 595 C.
1305 530 1734 596 VALERII
1795 531 2252 596 CATULLI

769 658 1005 748 Orgia,
1040 684 1183 750 quae
1222 658 1464 727 frustra
1502 662 1779 752 cupiunt
1817 658 2042 726 audire
2079 658 2378 752 profani;

770 760 1173 856 plangebant
1216 764 1322 832 alii
1367 767 1657 858 proceris
1696 780 2004 858 tympana
2049 763 2313 858 palmiS‚

774 873 906 936 Aut
948 873 1134 938 tereti
1176 885 1407 939 tenues
1449 872 1724 938 tinnitus
1758 895 1885 938 aere
1921 870 2197 940 ciebant.

771 974 1001 1044 Multis
1040 980 1419 1045 raucisonos
1458 977 1770 1045 efflabant
1805 1001 2056 1045 cornua
2092 976 2410 1059 bomhoe,

669 1159 835 1222 culta,
862 1179 977 1228 qum
1000 1160 1052 1211 in
1083 1166 1202 1211 cista
1227 1160 1456 1231 quadam
1483 1162 1565 1211 vel
1594 1180 1676 1212 ar-

668 1238 784 1288 cula
810 1241 1314 1293 circumferebantur
1338 1261 1364 1292 a
1385 1241 1678 1309 cistophoris.

671 1311 775 1379 (De
794 1320 1086 1387 cistophoris,
1117 1333 1218 1372 tam
1236 1338 1580 1372 ‘nummorum
1595 1358 1610 1384 ,
1626 1320 1678 1371 in

668 1397 858 1465 quibus
876 1399 1145 1467 orgiorum
1165 1401 1417 1451 solemnia
1440 1419 1680 1468 expressa

670 1477 915 1540 fuerunt,
964 1497 1120 1547 quam
1172 1480 1447 1530 hominum
1498 1480 1676 1533 cistam

672 1558 944 1623 mysticam
980 1560 1302 1627 portantium
1337 1578 1556 1627 genere,
1590 1578 1676 1608 ex-

667 1649 763 1687 stat
786 1635 987 1688 erudita
1010 1636 1303 1689 dissertatio
1324 1639 1467 1688 Alex.
1490 1640 1675 1688 Xaver.

672 1716 862 1764 I’unelii
886 1715 1053 1785 Lugd.
1091 1718 1233 1786 1734
1255 1754 1271 1777 ,
1306 1724 1356 1779 4.
1388 1715 1543 1769 Adde
1575 1720 1676 1768 Er-

670 1798 790 1843 nesti
818 1795 872 1844 in
901 1797 1045 1847 Clav.
1077 1796 1187 1848 Cic.
1223 1816 1261 1848 s,
1296 1797 1349 1848 h.
1388 1788 1492 1862 v.)
1532 1798 1678 1848 Inter

665 1874 791 1923 alias
819 1894 900 1926 res
926 1876 1137 1927 frivolas
1158 1877 1210 1926 in
1232 1876 1357 1928 cista
1379 1876 1464 1927 illa
1492 1878 1676 1945 mysti-

666 1973 725 2004 ca
755 1949 849 2012 (de
868 1973 970 2024 qua
990 1956 1232 2007 Clemens
1248 1953 1525 2007 Alexandr.
1549 1957 1674 2008 Pro-

667 2046 824 2102 trept.
854 2054 903 2104 p.
939 2036 1002 2087 13
1032 2048 1082 2087 et
1110 2028 1210 2102 30)
1235 2033 1529 2087 reconditas
1546 2074 1562 2099 ,
1586 2055 1673 2087 ne-

669 2113 797 2162 mini
812 2116 908 2165 nisi
926 2115 1140 2166 initiatis
1154 2114 1481 2185 usurpandas
1491 2116 1672 2170 oculis.

667 2194 932 2263 praecipue
973 2196 1069 2246 fuit
1098 2195 1318 2263 phallus,
1356 2196 1438 2245 cui
1473 2194 1671 2246 accine-

665 2273 788 2324 bant
818 2275 1041 2342 religiosi
1063 2278 1116 2326 τὸ
1145 2279 1364 2343 φαλλικὸν
1388 2265 1676 2343 (Aristoph.

671 2353 986 2404 Acharneus.
1018 2373 1067 2404 v.
1112 2357 1218 2421 259
1241 2351 1275 2418 ).
1314 2352 1437 2405 Vid.
1476 2354 1563 2402 W
1558 2374 1677 2403 csse·

669 2435 785 2500 ling.
819 2431 883 2484 ad
914 2432 1135 2484 Diodor.
1169 2435 1331 2486 Sicul.
1360 2452 1473 2503 cap.
1504 2436 1553 2496 I,
1585 2434 1675 2485 lib.

677 2532 700 2561 ἰ
716 2532 740 2561 a
762 2550 775 2573 ,
805 2533 853 2562 n.
886 2517 975 2564 60.

756 2595 878 2642 261.
909 2593 1134 2657 Prosam',
1159 2611 1265 2641 non
1289 2591 1477 2642 initiati
1501 2593 1580 2642 his
1601 2612 1679 2644 sa-

667 2670 786 2731 criS,
810 2672 1037 2739 ἀμύητοι,
1060 2672 1329 2733 ἀτέλεστοι,
1356 2672 1682 2739 ἀνοργίαστω,

668 2750 757 2817 qui
785 2751 919 2819 abigi
950 2752 1182 2801 solebant
1206 2769 1231 2799 a
1261 2752 1417 2802 sacris
1442 2750 1678 2802 sacerdo-

669 2829 733 2878 tis
756 2830 835 2879 vel
866 2833 1114 2899 praeconis
1139 2830 1512 2882 acclamatione
1529 2867 1541 2884 ‚
1567 2833 1678 2891 ἑκὰς

668 2909 779 2970 ἑκὰς
811 2912 920 2961 ἐστὲ
953 2913 1167 2973 βέβηλοι.

755 2994 883 3040 262.
922 2991 1152 3057 l’langeb.
1197 2992 1285 3040 alii
1309 3010 1495 3059 procer.
1531 3002 1676 3058 tymp.

662 3071 810 3135 [κείνη.
841 3102 919 3111 -—
941 3073 1017 3120 De
1045 3071 1305 3140 tympanis
1323 3069 1434 3123 vid.
1464 3068 1530 3120 ad
1550 3071 1678 3121 Car-

672 3166 789 3199 men
812 3151 991 3200 LXIII
1010 3189 1024 3212 ,
1047 3154 1077 3202 8
1098 3190 1111 3211 ‚
1142 3173 1155 3200 ι
1170 3170 1219 3201 0.
1242 3183 1318 3191 —
1338 3153 1556 3201 Proceris
1571 3151 1681 3218 pol-

669 3232 754 3277 mis
789 3230 842 3280 h.
877 3249 922 3279 c.
957 3230 1110 3297 longe
1141 3231 1391 3291 extensis,
1426 3243 1483 3281 ut
1534 3242 1679 3280 recte

671 3308 901 3358 Vossius.
929 3308 1013 3358 Sic
1026 3312 1267 3375 procerius
1284 3313 1541 3376 projectum
1569 3308 1682 3358 bra·

669 3386 821 3435 chium
850 3385 992 3453 apud
1024 3389 1133 3438 Cic.
1157 3390 1304 3438 Orat.
1335 3389 1445 3448 III,
1481 3390 1573 3453 59.
1604 3420 1682 3428 —

671 3466 736 3514 Et
764 3465 1017 3516 Martialis
1038 3504 1052 3527 ‚
1084 3467 1175 3516 lib.
1207 3467 1342 3529 Vll,
1368 3468 1518 3536 Epig.
1559 3486 1630 3518 ἰο
1667 3485 1678 3517 :

675 3572 693 3588 ι
717 3544 962 3614 colligere
1003 3546 1155 3615 longa
1208 3560 1358 3616 turpe
1400 3566 1497 3597 nec
1530 3560 1682 3616 putat

668 3623 850 3675 dextra
878 3625 1124 3677 Analecta
1152 3625 1415 3697 quidquid
1447 3639 1498 3677 et
1529 3645 1682 3678 canes

667 3705 1015 3773 reliquerunt.
1038 3729 1062 3751 ι
1089 3706 1290 3774 Vulpio
1328 3718 1468 3757 teste.
1502 3706 1569 3757 N.
1603 3737 1682 3747 -·

667 3785 853 3846 Totus,
877 3786 967 3855 qui
993 3786 1228 3854 sequitur
1245 3785 1407 3848 locus,
1428 3797 1486 3835 ut
1509 3787 1683 3836 obser·

668 3878 749 3915 vat
790 3865 1053 3934 Scaliger,
1104 3864 1443 3929 adumbratus
1472 3862 1681 3916 videtur

668 3962 730 3993 ex
745 3945 977 4014 AEschyli
992 3935 1209 4005 Ἠδωνοῖς
1222 3983 1238 4007 ,
1256 3946 1402 4012 cujus
1416 3942 1678 4012 tragoediae

665 4021 1016 4090 fragmentum
1043 4043 1075 4076 a
1095 4023 1353 4075 Strabone
1378 4025 1441 4074 L.
1468 4025 1536 4074 X.
1571 4043 1676 4074 ser-

666 4114 840 4152 vatum
870 4116 960 4155 est.

745 4181 873 4232 263.
912 4183 1015 4232 Aue
1047 4195 1176 4233 teret.
1210 4195 1360 4232 tenues
1397 4186 1553 4232 tirmit.
1581 4203 1674 4231 (ιτα

1771 1175 1870 1213 etc.
1902 1180 2010 1210 non
2051 1163 2235 1211 crotala
2274 1181 2396 1213 cum
2431 1162 2664 1233 Vulpio,
2691 1166 2772 1216 sed

1770 1241 1943 1310 potius
1969 1241 2188 1309 cymbala
2221 1240 2449 1311 intellige
2467 1278 2484 1303 ‚
2511 1260 2627 1311 quae
2650 1261 2772 1296 sem-

1770 1338 1865 1385 per
1901 1319 1955 1369 in
1985 1319 2067 1370 his
2093 1321 2248 1372 sacris
2261 1323 2320 1390 jn
2467 1333 2560 1372 tur
2578 1335 2774 1392 tympa-

1771 1398 1862 1450 nis.
1910 1399 2074 1449 Erant
2112 1338 2534 1466 concamugglviid.
2569 1401 2774 1454 Metam.

1769 1479 1866 1542 lv,
1890 1472 1985 1538 3ο)
2007 1491 2055 1529 et
2075 1479 2280 1529 rotunda
2309 1475 2585 1549 (Propert.
2607 1482 2702 1544 lv,
2724 1501 2774 1550 7,

1771 1562 1836 1608 61
1861 1556 1880 1618 )
1911 1571 2065 1626 atque
2095 1559 2229 1610 inter
2263 1578 2318 1609 se
2352 1577 2606 1612 concussa
2643 1564 2778 1611 tinai-

1771 1649 1864 1686 eum
1887 1649 2065 1687 tenuem
2087 1638 2165 1688 vel
2190 1651 2403 1690 acutum
2423 1636 2666 1691 edebant.
2695 1641 2777 1692 Cf.

1769 1717 1994 1767 Gonsala
2040 1715 2107 1767 ad
2148 1717 2362 1769 Petron.
2407 1736 2453 1768 c.
2494 1738 2585 1770 αα.
2622 1719 2780 1773 Recte

1768 1795 1930 1864 igitur
1948 1796 2210 1864 cymbalum
2226 1808 2448 1848 vocatur
2468 1817 2536 1847 ωε
2558 1809 2673 1848 (αις
2689 1839 2704 1860 ,
2725 1799 2780 1851 h.

1766 1894 1812 1926 e.
1832 1872 2125 1925 rotundum
2153 1887 2204 1926 et
2227 1876 2533 1946 oblongum.
2555 1877 2635 1928 De
2656 1897 2781 1949 ‘Ju-

1768 1954 1888 2004 lmlis
1910 1953 2015 2004 vid.
2044 1973 2140 2005 nos
2162 1952 2229 2005 ad
2251 1957 2429 2008 Carm.
2451 1954 2636 2007 LXIII
2651 1995 2665 2016 ,
2689 1977 2716 2008 2
2732 1976 2750 2009 1
2765 1998 2778 2009 .

1853 2037 1980 2094 264.
2015 2034 2162 2084 Multi
2191 2039 2462 2086 raucisonos
2496 2035 2696 2105 reperit
2728 2037 2780 2088 in

1767 2112 2014 2163 omnibus
2055 2113 2203 2165 MSS.
2252 2113 2474 2178 Statim,
2512 2114 2603 2184 qui
2645 2128 2784 2167 recte

1764 2194 1870 2260 jam
1902 2193 2037 2243 multi
2063 2192 2118 2242 in
2148 2195 2307 2244 multis
2338 2191 2653 2245 mutandum
2678 2213 2785 2246 esse

1769 2270 2005 2323 vidit.-—
2017 2273 2074 2322 Μ
2075 2273 2269 2344 ulloque
2285 2277 2558 2324 raucisonos
2569 2273 2685 2343 Gry
2690 2275 2780 2343 ph

1771 2351 1963 2403 Mutet.
1992 2384 2070 2392 —
2101 2352 2251 2403 Malu·
2270 2355 2533 2403 raucisonis
2553 2353 2789 2422 ffabmu

1770 2451 1944 2482 cornua
1979 2431 2153 2482 bombis
2183 2433 2376 2484 multas
2406 2430 2556 2484 editt.
2592 2432 2788 2486 haben

1772 2524 1989 2562 testatur
2008 2511 2251 2580 Scaliger,
2276 2510 2366 2563 sed
2391 2531 2491 2582 pro
2513 2514 2657 2563 multi
2678 2532 2786 2565 ma-

1772 2592 1885 2642 vult
1915 2593 2074 2641 muleae
2091 2631 2105 2653 ,
2146 2603 2205 2643 ut
2232 2590 2453 2643 Baccho
2484 2591 2787 2662 intelligan-

1772 2682 1884 2734 tur,
1919 2670 2000 2721 vel
2040 2669 2379 2722 scribendum
2419 2684 2573 2742 putat
2609 2673 2784 2723 anuis.

1772 2782 1849 2790 —
1886 2749 2138 2819 Efflebant
2175 2769 2352 2799 cornua
2388 2751 2581 2800 bombos
2619 2770 2688 2802 ex
2724 2751 2786 2802 li·

1774 2830 1870 2879 bro
1899 2828 2281 2880 Mediolanensi
2309 2829 2560 2893 Vossius,
2584 2828 2790 2901 adjecta

1774 2908 2204 2978 interpretatione
2218 2927 2419 2970 cornua,
2440 2908 2474 2960 i.
2492 2929 2541 2961 e.
2560 2928 2789 2980 percor-

1773 3006 1891 3038 nua.
1931 2989 2118 3057 Ljfflere
2155 3005 2281 3037 vero
2331 3000 2557 3041 rectum.
2603 2989 2790 3042 Utitur

1770 3067 1872 3118 hoc
1918 3066 2172 3118 vocabulo
2216 3067 2371 3116 etiam
2401 3067 2787 3131 Quintilianus.

1769 3147 1859 3197 Est
1892 3164 2064 3198 autem
2099 3145 2341 3215 inprimis
2371 3146 2536 3198 tristis
2563 3161 2663 3199 ant
2697 3147 2792 3199 fle·

1772 3226 1888 3276 bilis
1930 3244 2191 3276 cornuum
2235 3243 2425 3288 sonus,
2468 3238 2660 3296 utpote
2699 3227 2794 3297 qui

1768 3326 1874 3356 non
1907 3305 2151 3356 homines
2181 3305 2351 3355 solum
2383 3305 2523 3356 male
2555 3306 2758 3358 afficiat
2778 3344 2790 3367 ,

1768 3384 1854 3435 sed
1892 3398 1941 3436 et
1970 3385 2250 3435 brutorum
2273 3384 2591 3437 animalium
2617 3384 2792 3438 ulula·

1771 3477 1882 3516 tum
1912 3476 2184 3533 provocet.
2208 3488 2228 3506 ι·
2266 3462 2405 3513 Satis
2431 3462 2793 3517 ridicule!—

1771 3545 1941 3595 Muln's
1982 3547 2214 3593 raucison.
2256 3543 2421 3611 efflab.
2457 3564 2592 3596 corn.
2634 3544 2788 3595 bousb.

1768 3626 1926 3674 multis
1962 3636 2037 3674 est
2067 3640 2216 3674 casus
2240 3623 2427 3674 tertius
2471 3637 2523 3674 et
2555 3623 2791 3694 exquisi-

1769 3703 1872 3754 tius
1919 3702 2124 3754 dictum
2167 3719 2267 3771 pro
2316 3702 2524 3772 vulgari
2571 3728 2600 3749 ιι
2633 3701 2790 3755 multi

1768 3783 2021 3835 cornibus
2049 3780 2225 3832 efflab.
2257 3799 2443 3833 raucos
2474 3782 2736 3841 bombum
2759 3806 2782 3825 ·

1769 3881 1925 3933 quam
1954 3860 2175 3932 quidem
2193 3860 2639 3929 explicationem,
2659 3859 2789 3912 olim

1766 3945 1871 4011 jam
1908 3962 1936 3993 a
1972 3941 2128 3992 nobis
2151 3937 2329 3992 datam
2347 3976 2364 4002 ‚
2388 3958 2497 3991 non
2522 3938 2790 3992 dubitavi⁶

1767 4040 1883 4072 mus
1932 4033 2190 4090 repetere.
2234 4051 2312 4059 —
2357 4020 2627 4072 Caeterum
2679 4018 2787 4069 huc

1765 4101 1992 4171 pertinet
2013 4098 2230 4151 Lucian.
2255 4100 2321 4150 D.
2345 4100 2411 4150 D.
2434 4100 2542 4150 XII
2567 4117 2582 4151 :
2608 4089 2685 4150 -ὁ
2703 4092 2785 4157 δὲ,

1766 4182 1899 4232 αὐλεῖ
1925 4188 1996 4249 τῷ
2026 4182 2193 4247 κέρατι
2209 4216 2224 4241 ,
2245 4180 2270 4230 ὁ
2303 4173 2397 4242 δὲ,
2423 4175 2687 4249 {trifinio-Gai
2713 4182 2784 4240 τῷ
