2986 4935
982 484 1435 553 CARMEN
1492 486 1624 554 IV.

2276 481 2376 569 43

551 614 689 683 Sibi
727 638 868 683 esse
902 612 1110 702 facta,
1145 640 1353 710 quum
1391 618 1649 684 veniret
1681 640 1720 683 a
1756 639 1936 684 mare

552 721 935 790 Novissimo
975 721 1154 790 hunc
1190 721 1275 790 ad
1319 747 1528 817 usque
1569 719 1914 816 limpidum
1961 720 2196 792 lacum.

549 826 684 896 Sed
720 826 862 895 haec
893 828 1078 921 prius
1112 827 1298 897 fuere
1333 855 1349 896 ε
1382 853 1564 897 nunc
1610 827 1947 897 recondita
2327 860 2375 897 ‚s

553 933 758 1001 Senet
792 934 1048 1027 quiete,
1084 959 1285 1029 seque
1327 934 1590 1003 dedicat
1629 933 1780 1019 tibi,

551 1037 851 1108 Gemelle
891 1042 1166 1124 Castor,
1203 1054 1270 1108 et
1301 1038 1580 1133 gemelle
1609 1042 1924 1109 Castoris.

229 1251 380 1303 etiam
393 1262 549 1321 parte
560 1250 799 1321 expansis
809 1249 1004 1320 pedum
1018 1270 1121 1323 ope
1135 1252 1263 1305 velis

231 1331 317 1383 ille
336 1330 621 1401 excipitur,
636 1343 688 1382 et
708 1330 812 1382 hoc
836 1345 910 1383 est
929 1348 943 1383 ε
965 1333 1135 1383 incidit
1147 1352 1263 1383 ven·

238 1426 311 1461 tus
351 1414 403 1461 in
442 1421 694 1483 utrmque
715 1409 882 1479 pedem
919 1410 1028 1462 sive
1063 1424 1263 1482 utroque

226 1490 346 1558 pede
374 1493 612 1553 curritur,
637 1489 715 1541 sin
745 1508 870 1541 vero
901 1503 1088 1543 ventus
1127 1492 1262 1543 obli-

1350 1250 1524 1304 venda
1541 1290 1556 1316 ,
1574 1249 1721 1322 quod
1743 1269 2014 1321 uunquam
2038 1270 2175 1323 opus
2195 1252 2381 1306 habuit

1351 1330 1616 1384 phaselus.
1651 1333 1742 1384 Dii
1768 1331 1981 1383 litorales
2007 1345 2129 1384 sunt
2158 1331 2232 1384 dii
2261 1334 2378 1404 qui-

1349 1412 1427 1462 vis
1446 1411 1634 1463 marini
1662 1412 1716 1463 in
1748 1411 1902 1464 litore
1929 1410 2206 1482 expiandi3
2229 1413 2373 1464 conf.

1356 1491 1544 1561 Virgil.
1578 1491 1771 1561 Georg.
1806 1492 1831 1542 Ῑ
1850 1530 1867 1556 ,
1900 1490 2032 1554 436.
2051 1524 2132 1535 -
2153 1491 2260 1545 Sibi
2282 1513 2380 1544 esse

231 1588 365 1640 quus
381 1571 579 1642 spirat,
598 1582 649 1621 et
678 1570 758 1620 vel
770 1589 801 1619 a
822 1569 1021 1621 dextera
1048 1572 1134 1621 vel
1150 1592 1180 1622 α
1198 1575 1262 1623 si·
1339 1573 1483 1637 sacta
1516 1590 1617 1641 pro
1658 1590 1689 1621 a
1726 1592 1776 1622 se
1792 1572 1963 1637 sacta,
2003 1583 2063 1622 ut
2096 1572 2259 1636 solet,
2292 1571 2378 1624 vel

233 1652 385 1701 nistra
420 1660 595 1710 vocat,
631 1662 757 1702 tunc
791 1668 885 1700 uno
915 1661 1120 1703 tantum
1139 1651 1264 1721 pede

231 1728 449 1782 inferior
474 1726 598 1796 ssveli
636 1730 856 1799 angulus
895 1726 964 1781 ad
1004 1730 1266 1802 excipien-

232 1808 361 1860 dum
380 1822 605 1860 ventum
631 1809 923 1861 attrahitur.
949 1810 1152 1862 Acriter
1170 1830 1263 1862 au-

232 1899 333 1940 tem
382 1887 456 1941 de
512 1887 613 1940 hac
656 1885 885 1940 dictione
932 1888 1267 1960 disputarunt

232 1967 464 2039 Scaliger
486 1980 540 2019 et
558 1968 775 2019 Vossius
793 1965 863 2019 ud
887 1968 1030 2019 hunc
1057 1968 1234 2021 locum
1250 2007 1267 2034 ,

232 2046 519 2099 Salmasius
547 2044 617 2098 ad
644 2046 808 2098 Solin.
832 2066 886 2117 p.
921 2056 1061 2111 400,
1091 2048 1267 2101 Potter

230 2125 297 2178 ad
338 2126 667 2197 Lycophron
708 2145 761 2179 v.
804 2128 950 2179 1015
978 2164 993 2188 ‚
1027 2128 1266 2180 Graevius

229 2204 295 2258 ad
321 2206 437 2260 Cic.
466 2205 562 2258 lib.
589 2206 748 2269 XVI,
777 2204 844 2257 ad
873 2207 1028 2259 Attio.
1056 2226 1140 2277 ep.
1175 2226 1262 2270 vx,

230 2287 574 2337 Burmannus
626 2283 695 2337 ad
751 2285 909 2337 ovid.
962 2286 1096 2339 Fast.
1149 2286 1263 2352 111,

233 2365 344 2418 565
366 2403 382 2427 ‚
415 2379 468 2417 et
505 2365 682 2435 plures
714 2365 818 2418 alii.
852 2364 955 2418 Sed
986 2385 1145 2419 nemo
1176 2386 1264 2419 ac-

227 2446 463 2499 curatius
504 2463 617 2497 rem
664 2446 885 2499 excussit
915 2464 1074 2517 quam
1104 2446 1261 2501 illust.

229 2525 425 2596 Heyne
461 2522 535 2576 ad
570 2509 751 2595 virgil.
780 2529 900 2577 AEn.
927 2527 999 2590 V,
1030 2527 1157 2578 830.
1188 2560 1263 2569 -.

225 2606 427 2675 Jupiter
446 2622 549 2674 pro
575 2617 721 2656 vento
750 2618 825 2657 est
851 2624 932 2657 res
955 2618 1096 2658 nota.
1126 2606 1264 2659 Hinc

225 2698 456 2738 vocatur
478 2685 657 2752 οὔριος,
675 2686 825 2755 cujus
851 2686 1058 2737 celebre
1081 2685 1263 2737 sanum

224 2765 321 2818 fnit
365 2765 429 2815 in
470 2782 563 2815 ora
601 2764 756 2816 Ponti
799 2764 1019 2828 Euxini,
1046 2763 1114 2816 de
1155 2784 1263 2834 quo

225 2840 442 2897 erudite
451 2843 774 2914 Wesseling.
784 2842 851 2896 ad
868 2842 1088 2897 Diodor.
1100 2843 1262 2896 Sicul.

225 2937 273 2977 et
321 2923 486 2976 Petit.
545 2923 905 2976 Commentar.
940 2924 1049 2975 LL.
1103 2925 1262 2977 Attio.

224 3003 313 3057 lib.
346 3005 429 3068 V,
463 3021 556 3070 tv,
588 3021 643 3073 p.
670 3004 796 3055 503.

301 3104 371 3137 ιι
400 3101 550 3153 seqq.
584 3096 767 3136 ornate
797 3101 895 3153 pro
920 3100 1004 3134 :se
1022 3102 1261 3155 nunquam

223 3177 472 3233 expertum
520 3164 680 3230 fuisse
734 3174 1068 3233 tempestatem.
1126 3165 1261 3215 Nam

224 3245 469 3297 saviente
523 3254 831 3314 tempestate
882 3243 1052 3295 nautis
1104 3243 1262 3294 susci-

221 3323 514 3394 piebantur
561 3336 686 3375 vota
726 3323 782 3374 in
825 3321 977 3375 litore
1017 3321 1116 3374 diis
1161 3323 1264 3375 sol-

1348 1651 1553 1703 astricta
1568 1687 1584 1713 ‚
1606 1651 1690 1702 vel
1709 1669 1861 1721 prosa
1880 1650 2134 1704 oratione.
2146 1652 2233 1705 Cf.
2252 1650 2373 1704 Sen.

1350 1730 1549 1782 consol.
1574 1729 1643 1782 ad
1670 1732 1833 1783 Marc.
1865 1749 1950 1782 20.
1979 1730 2049 1782 N.
2071 1732 2218 1784 —A
2248 1751 2376 1783 mare

1352 1815 1618 1872 novissimo,
1643 1810 1988 1861 remotissimo
2002 1850 2016 1874 ,
2035 1810 2263 1862 Pontum
2277 1811 2381 1863 Eu·

1350 1890 1534 1941 xinum
1566 1902 1713 1962 puta.
1748 1890 1994 1959 Limpidus
2022 1891 2151 1941 lacus
2182 1903 2259 1942 est
2284 1893 2378 1943 Be-

1350 1987 1509 2021 nacus
1530 2009 1544 2033 ‚
1591 1968 1659 2020 ad
1705 1987 1866 2039 quem
1907 1970 1999 2021 sita
2038 1970 2135 2022 suit
2185 1969 2377 2023 Sirmio

1355 2049 1626 2117 peninsula
1637 2090 1647 2100 .

1438 2127 1529 2178 23.
1551 2129 1603 2178 A
1624 2132 1747 2178 mari
1768 2127 1894 2181 Stat.
1921 2128 1972 2178 in
1996 2128 2179 2180 Maffei
2205 2129 2295 2180 lib.
2325 2128 2376 2179 in

1351 2207 1463 2257 aliis
1486 2220 1683 2258 amaret.
1710 2206 1810 2259 Sed
1841 2220 2068 2259 nostram
2097 2209 2379 2259 lectionem

1352 2304 1382 2334 a
1424 2306 1554 2336 mare
1591 2284 1885 2338 defendunt
1919 2288 2277 2356 grammatici3
2309 2289 2377 2340 cf.

1354 2366 1548 2417 Sanctii
1586 2366 1843 2425 Minerva,
1869 2366 2103 2431 lih.V11,
2137 2388 2190 2438 p.
2228 2368 2334 2436 195
2363 2408 2378 2432 ‚

1351 2449 1596 2497 novissime
1621 2446 1676 2498 in
1714 2446 1866 2499 MSS.
1905 2445 2089 2517 Scalig.
2126 2460 2176 2498 et
2208 2446 2371 2500 Statii.

1435 2528 1521 2577 25.
1551 2525 1653 2578 Sed
1680 2527 1780 2577 liaec
1812 2532 1948 2596 prius
1967 2529 2108 2593 suere
2139 2528 2299 2583 (mais
2328 2549 2378 2578 ce

1352 2616 1497 2674 temps
1512 2620 1583 2657 est
1595 2607 1786 2675 pand!
1800 2605 1908 2659 vid.
1933 2606 2001 2658 de
2022 2608 2119 2658 hac
2150 2608 2381 2659 formula

1351 2684 1582 2737 Gataker
1602 2687 1654 2737 in
1681 2688 1945 2739 Disseruit.
1967 2685 2034 2737 dc
2056 2705 2111 2736 n.
2135 2686 2377 2739 instrum.

1350 2765 1485 2834 stylo
1532 2786 1583 2836 p.
1640 2767 1764 2819 115.
1798 2798 1876 2807 —-
1896 2766 2160 2818 Recondita
2205 2772 2374 2837 quiete.

1351 2845 1633 2914 Eleganter
1662 2846 1860 2898 dictum
1891 2866 1989 2917 pro
2007 2884 2022 2911 ,
2054 2846 2211 2899 Nunc
2238 2861 2381 2898 senet

1351 2923 1658 2976 reconditus
1682 2925 1873 2995 quiete.

1437 3023 1529 3073 27·
1569 3004 1781 3058 Gemelle
1817 3006 2070 3057 Castorum
2102 3016 2149 3055 et
2182 3004 2381 3073 gemelle

1356 3082 1574 3135 Castoris
1617 3085 1817 3136 invenit
1863 3085 2081 3136 Vossius
2131 3084 2181 3134 in
2234 3084 2383 3135 libris

1352 3162 1803 3216 MSS—Gemellos
1827 3166 2004 3216 Castor
2027 3177 2071 3213 et
2087 3184 2211 3233 gem.
2239 3165 2377 3216 Cast.

1356 3242 1540 3295 Castor
1567 3256 1616 3294 et
1636 3245 1820 3294 Pollux
1839 3284 1854 3304 ,
1872 3245 2232 3313 navigantibus
2255 3264 2380 3315 pro-

1356 3323 1487 3393 pitii.
1506 3323 1588 3377 Cf.
1609 3324 1736 3377 Hor.
1762 3326 1787 3376 I
1803 3362 1819 3388 ,
1843 3344 1910 3377 111
1924 3363 1938 3386 ‚
1954 3338 2005 3378 et
2019 3322 2378 3378 ib.doct.Jan.
