2986 4935
862 463 1664 533 CARMEN-Lxlll.
2165 494 2307 564 207

755 705 1312 792 CARMEN
1379 708 1759 796 LXIII.

1092 933 1189 977 DE
1249 935 1411 979 ATY.

899 1291 1596 1348 ARGUMENTUM.

243 1471 354 1523 Ore
383 1467 658 1541 profundo
698 1469 805 1520 ruit
837 1470 1022 1524 Poeta.
1054 1484 1105 1522 et
1139 1472 1483 1524 miserrimam
1517 1475 1707 1529 Attinis
1736 1490 1926 1531 sortem
1955 1485 2188 1537 numeris
2214 1485 2307 1542 de-

161 1563 336 1602 mutat
357 1549 812 1601 concitatioribus.
834 1581 915 1591 --
933 1551 1063 1618 Atys
1086 1552 1170 1602 vel
1192 1550 1366 1614 Attin,
1392 1572 1525 1605 nave
1553 1572 1646 1624 per
1674 1575 1816 1609 mare
1839 1557 2111 1627 advectus,
2135 1569 2306 1619 statim

159 1649 281 1680 cum
322 1629 612 1680 comitibus
652 1628 821 1698 pergit
860 1628 928 1681 ad
964 1648 1149 1681 nemus
1176 1630 1465 1702 Phrygium
1499 1633 1712 1703 Cybelae
1738 1655 1972 1703 sacrum,
2002 1643 2091 1694 ubi
2122 1644 2304 1697 insano

160 1709 342 1760 furore
378 1722 656 1777 correptus
688 1720 923 1778 amputat
960 1708 1059 1759 sibi
1092 1710 1278 1761 virilia.
1314 1711 1522 1774 Quibus
1553 1732 1717 1784 quum
1746 1716 1836 1769 ille
1874 1738 1926 1771 se
1957 1722 2217 1789 privatum
2255 1739 2306 1777 et

154 1788 415 1857 sangnine
455 1806 556 1838 suo
598 1800 788 1839 terram
838 1788 1143 1839 maculatam
1179 1789 1353 1852 videt,
1389 1790 1708 1845 furibundus
1748 1796 1932 1869 arripit
1967 1799 2306 1856 instrumenta

156 1867 360 1919 musioe
391 1867 448 1917 in
479 1866 639 1918 sacris
665 1866 889 1938 Cybeles
913 1868 980 1918 ab
1003 1869 1115 1936 ejus
1142 1870 1433 1921 cultoribus
1453 1871 1633 1924 furore
1657 1876 1867 1944 percitis
1892 1882 2096 1932 tractari
2125 1882 2271 1936 solita
2288 1924 2304 1948 ,

152 1959 207 1995 et
228 1948 456 1997 comites
472 1985 487 2011 ,
509 1944 578 1996 ad
605 1946 903 2015 exemplum
931 1944 1081 1998 ducis
1106 1950 1212 2016 jam
1244 1950 1466 2001 eviratos
1482 1990 1498 2014 ,
1522 1965 1753 2005 montem
1771 1993 1788 2017 ,
1813 1956 1904 2025 qui
1928 1976 2193 2013 sacrorum
2219 1976 2308 2014 tu-

155 2026 332 2076 multu
361 2038 416 2076 et
443 2043 604 2078 rauco
637 2024 955 2077 musicorum
986 2027 1450 2081 instrumentorum
1481 2032 1725 2100 clangore
1756 2036 1964 2100 reboet,
1995 2057 2098 2091 una
2125 2059 2300 2094 secum

149 2102 308 2155 adire
340 2116 397 2155 et
426 2104 570 2174 vagis
606 2106 874 2156 erroribus
905 2105 1140 2157 animum
1169 2107 1457 2160 exhilarare
1483 2111 1647 2180 jubet.
1669 2143 1744 2153 —
1770 2110 1863 2164 His
1886 2117 2038 2183 jussis
2065 2120 2300 2173 exoritur

148 2183 423 2245 ululatus,
453 2197 705 2253 tympana
730 2197 781 2236 et
812 2185 1053 2254 cymbala
1083 2187 1416 2256 remugiunt,
1442 2188 1509 2239 ad
1540 2201 1768 2241 montem
1801 2192 1908 2245 ruit
1938 2195 2160 2262 chorus,
2191 2198 2299 2253 dux

149 2265 290 2333 Atys
313 2263 490 2333 praeit,
514 2274 565 2313 et
583 2263 658 2314 sic
683 2261 880 2314 tamdiu
904 2264 1174 2334 lymphata
1199 2280 1372 2318 mente
1395 2267 1449 2317 in
1479 2281 1657 2320 monte
1679 2273 2093 2340 tumultuantur,
2116 2295 2301 2349 usque·

143 2341 287 2393 dum
315 2340 386 2393 ad
417 2339 579 2393 aedem
610 2341 834 2413 Cybeles
859 2344 1203 2412 perveniunt,
1229 2346 1321 2397 ubi
1348 2347 1602 2417 languore
1630 2346 1752 2399 victi
1781 2350 2142 2409 obdormiunt.
2169 2360 2299 2429 Atys

144 2423 250 2473 sub
274 2422 455 2493 primo
483 2421 601 2473 solis
621 2434 740 2474 ortu
763 2422 962 2478 excitus
985 2423 1133 2475 molli
1159 2442 1344 2477 somno
1360 2465 1374 2491 ,
1397 2444 1505 2497 quo
1537 2425 1735 2480 domita
1758 2428 1923 2484 fuerat
1944 2451 2131 2488 vesana
2154 2456 2297 2491 men·

145 2503 211 2552 tis
240 2502 453 2565 rabieS,
481 2498 548 2553 ad
573 2520 626 2553 se
654 2499 828 2554 redire
854 2504 1071 2573 incipit,
1096 2505 1227 2556 sacta
1249 2523 1338 2557 sua
1364 2507 1543 2558 animo
1572 2509 1783 2575 recolit,
1808 2511 1999 2581 quibus
2028 2534 2171 2569 nunc
2200 2517 2294 2571 de-

141 2581 371 2633 relictus
402 2582 466 2634 sit
496 2582 677 2644 sentit,
708 2580 776 2632 ad
807 2601 950 2633 mare
982 2584 1229 2648 recurrit,
1263 2584 1501 2637 lacrimat
1521 2624 1536 2649 ,
1576 2600 1627 2639 et
1658 2586 1726 2640 ad
1757 2591 1976 2660 patriam
2014 2612 2294 2651 conversus

139 2662 308 2731 plena
339 2660 560 2714 affectus
586 2662 824 2712 oratione
857 2662 1230 2726 felicissimam,
1264 2683 1365 2732 qua
1396 2665 1524 2716 olim
1557 2665 1611 2717 in
1641 2668 1808 2737 patria
1839 2689 1962 2723 usus
1987 2673 2078 2739 sit,
2105 2675 2292 2730 condi·

140 2742 352 2792 tionem
375 2779 394 2804 ,
423 2758 542 2792 cum
575 2740 814 2810 praescnti
841 2754 978 2793 sorte
1006 2741 1296 2794 miserrima
1324 2758 1609 2813 comparat.
1642 2748 1782 2798 Dum
1812 2750 1972 2818 igitur
2001 2752 2094 2804 has
2125 2756 2294 2809 tristes

141 2820 397 2891 querelas
425 2818 630 2882 fundit,
660 2833 712 2871 et
733 2820 947 2890 jamjam
980 2821 1099 2874 facti
1132 2822 1210 2872 sui
1244 2822 1394 2873 illum
1425 2824 1641 2894 poenitet
1661 2863 1677 2889 ,
1706 2825 1905 2898 Cybele
1945 2832 2174 2885 solutum
2223 2835 2291 2889 de

137 2903 274 2970 jugo
304 2898 516 2950 leonem
534 2937 551 2963 ,
582 2900 675 2969 qui
702 2899 889 2968 quovis
915 2900 1126 2952 terroris
1151 2900 1408 2952 excitandi
1439 2901 1599 2955 modo
1625 2907 1871 2973 juvenem
1901 2907 1967 2960 de
1996 2911 2117 2980 fuga
2144 2916 2289 2985 cogi.

137 2992 350 3031 tantem
379 2979 628 3048 percellat
658 2991 708 3029 et
737 2975 804 3030 ad
836 2977 1061 3031 reditum
1098 2981 1413 3050 compellat,
1444 2981 1711 3046 immittit,
1745 3003 1900 3053 quem
1930 3004 2092 3057 quum
2119 2990 2286 3064 impe.

135 3071 257 3109 tum
292 3059 347 3108 in
375 3076 430 3108 se
459 3059 731 3109 facientem
763 3056 905 3108 videt
935 3060 1061 3129 Atys
1079 3098 1094 3122 ,
1123 3056 1190 3111 ad
1221 3078 1437 3112 nemora
1467 3062 1689 3129 refugit,
1722 3064 1814 3114 uhi
1840 3084 1998 3118 omne
2022 3069 2283 3139 reliquum

137 3139 265 3190 τίω
292 3136 522 3207 spatium
550 3135 724 3206 exigit.
748 3165 826 3176 —
849 3137 939 3188 Est
963 3151 1137 3190 autem
1163 3138 1264 3190 hoc
1290 3157 1501 3191 carmen
1520 3179 1533 3202 ,
1557 3141 1664 3191 sive
1690 3142 1888 3194 altioris
1910 3145 2125 3216 spiritus
2140 3188 2155 3214 ,
2179 3169 2284 3221 quo

130 3220 403 3289 scriptum
434 3230 544 3281 est,
570 3216 938 3268 sublimitatem
956 3254 970 3276 ,
1002 3219 1108 3269 sive
1139 3219 1411 3269 solutiores
1428 3257 1442 3280 ,
1472 3220 1666 3288 quibus
1691 3218 2019 3290 devolvitur,
2044 3245 2290 3282 numeros

130 3310 377 3367 spectes,
410 3295 672 3367 singulare
699 3295 854 3366 plane
886 3296 1133 3348 Romanae
1160 3315 1374 3367 poeseos
1401 3313 1833 3367 monumentum;
1866 3302 2013 3375 quod
2040 3305 2285 3376 quidem,

131 3395 316 3448 quum
349 3375 574 3428 omnino
609 3375 678 3426 ab
699 3375 907 3445 ingenio
939 3374 1129 3428 Catulli
1162 3376 1446 3428 abhorrere
1467 3390 1519 3428 et
1548 3379 1841 3433 vetustioris
1875 3384 2079 3453 potius,
2109 3386 2286 3463 dithy-

130 3455 366 3508 rambici
402 3456 613 3507 fortasse
630 3494 646 3519 ‚
670 3467 837 3525 poetae
861 3472 994 3523 opus
1020 3474 1126 3506 esse
1153 3456 1394 3508 videatur
1411 3495 1425 3518 ,
1457 3469 1623 3509 totum
1650 3476 1680 3510 e
1703 3479 1872 3528 graeco
1899 3462 2132 3533 quodam
2160 3470 2284 3521 scri·

128 3549 294 3607 ptore
331 3536 639 3588 translatum
673 3534 874 3586 censuit
906 3528 1014 3603 ja'm
1056 3535 1258 3604 insigne
1294 3535 1426 3588 illud
1468 3536 1667 3606 Angliae
1699 3538 1889 3605 decus,
1926 3542 2013 3593 W
2008 3557 2203 3599 ortona-5
2235 3553 2284 3601 in

127 3615 428 3684 Sammhmg
457 3613 757 3665 vermischeer
782 3612 1022 3679 Schriften
1046 3614 1105 3665 Β.
1133 3616 1243 3677 Vl,
1272 3631 1324 3682 p.
1355 3616 1477 3667 281.
1508 3616 1676 3668 Berlin
1707 3618 1871 3688 1763.
1894 3652 1974 3663 —-
1997 3624 2101 3676 Alii
2130 3627 2280 3679 levis·

125 3697 273 3748 simo
306 3705 617 3765 argumento
645 3692 876 3755 inducti,
906 3692 1051 3763 quod
1083 3712 1240 3763 supra
1269 3693 1517 3747 Carmine
1542 3696 1772 3761 XXXV,
1815 3718 1902 3769 17,
1933 3699 2130 3756 dicitur
2164 3732 2185 3752 «ι
2211 3722 2285 3759 est

127 3777 286 3827 enim
316 3786 538 3825 venuste
569 3773 759 3843 Magna
792 3772 1005 3826 Caecilio
1033 3773 1276 3825 inchoata
1307 3773 1507 3837 Mater,
1532 3801 1552 3820 ι
1589 3776 1800 3828 Caecilio
1828 3778 1931 3830 boc
1956 3799 2166 3834 carmen
2190 3788 2283 3838 tri-

125 3853 417 3907 buendum
458 3871 569 3905 esse
608 3851 843 3905 arbitrati
880 3864 1015 3904 sunt.
1039 3852 1355 3922 —Optime
1394 3851 1462 3905 de
1500 3853 1602 3907 boc
1641 3858 1873 3909 carmine
1913 3857 2287 3929 dijudicando,

125 3930 539 4004 interpretando
567 3944 618 3982 et
643 3932 696 3981 in
718 3931 1051 3983 vernaculam
1082 3930 1336 3984 vertendo
1364 3932 1505 3984 haud
1535 3932 1698 3986 dubie
1731 3937 1920 3989 meruit
1945 3938 2026 3991 Cl.
2058 3942 2146 3990 W
2138 3946 2288 3997 erthe-

125 4020 230 4067 sius
268 4011 454 4075 [Heber
479 4012 574 4063 den
607 4011 739 4080 Atys
772 4011 854 4062 des
889 4010 1070 4062 Katull
1085 4052 1097 4073 ,
1137 4032 1236 4062 von
1268 4011 1519 4063 Friedrich
1553 4013 1750 4084 August
1785 4015 1997 4068 Clemens
2028 4019 2116 4069 W
2108 4024 2281 4085 erthes,

127 4096 364 4146 Mina-ter
389 4085 612 4161 177k,]
651 4092 799 4161 cujus
829 4091 1247 4160 interpretationi
1285 4090 1484 4159 adjecta
1528 4106 1601 4146 est
1642 4091 1843 4147 erudita
1875 4094 1942 4147 de
1978 4098 2194 4153 obscura
2235 4117 2284 4156 et

126 4175 268 4226 mit-a
299 4169 616 4226 narrationis
641 4169 883 4223 varietate
916 4170 1170 4241 implicita
1201 4170 1424 4240 Cybeles
1454 4184 1505 4223 et
1538 4172 1726 4223 Attinis
1757 4174 1933 4228 fabula
1958 4174 2281 4248 disquisitio,
