2986 4935
865 455 1307 520 CARMEN
1364 457 1647 523 LXIV.

2182 455 2332 529 253

307 590 469 651 Tum
517 582 777 652 tremuli
822 584 969 652 salis
1012 585 1322 653 adversas
1358 610 1752 679 procurrere
1788 587 1853 653 in
1894 587 2103 655 undas

306 690 530 759 Mollia
574 689 835 758 nudatae
875 690 1213 759 tollentem
1260 694 1549 786 tegmina
1592 717 1797 761 surae:

305 801 514 891 Atque
559 796 701 865 haec
738 799 1046 866 extremis
1090 813 1391 865 moestam
1437 797 1675 868 dixisse
1723 799 2041 892 querelis,
2254 834 2325 871 ιι.

305 902 667 997 Frigidulos
712 903 846 970 udo
890 903 1215 996 singultus
1258 929 1373 972 ore
1419 907 1701 973 cientem
1737 932 1753 971 ε

415 1011 715 1077 «Siccine
761 1035 866 1077 me
909 1011 1133 1103 patriis
1178 1025 1513 1098 avectam,
1548 1011 1832 1104 perfide,
1869 1013 1953 1080 ab
1997 1016 2162 1098 oriS,

304 1116 579 1201 perfide,
625 1115 884 1184 deserto
931 1115 1170 1209 liquisti
1208 1118 1274 1183 in
1315 1116 1540 1203 litore,
1577 1116 1883 1187 Theseu?

305 1224 550 1291 Siccine
597 1220 977 1305 discedens,
1017 1223 1316 1316 neglecto
1354 1225 1630 1292 numine
1664 1226 1944 1310 Divum,

300 1332 657 1396 Immemor
685 1325 802 1395 ah!
844 1329 1085 1397 devota
1122 1329 1392 1398 domum
1431 1331 1724 1422 perjuria
1763 1331 2031 1423 portas?
2251 1368 2320 1405 ‚35

302 1433 577 1503 Nullane
622 1460 725 1502 res
763 1437 979 1529 potuit
1016 1435 1299 1503 crudelis
1336 1436 1602 1504 flectere
1640 1439 1877 1505 mentis

300 1539 704 1609 Consilium?
737 1541 853 1608 tibi
899 1540 1077 1609 nulla
1125 1543 1247 1610 fuit
1285 1540 1633 1610 clementia
1674 1557 1949 1638 praest0‚

204 1722 307 1795 lngo
341 1740 583 1796 peteret;
635 1739 695 1777 ut
735 1726 970 1795 loquitur
1016 1726 1206 1795 Virgil.

205 1807 311 1857 AEn.
339 1808 390 1870 1,
420 1810 552 1860 181.

280 1887 393 1938 128.
429 1887 477 1939 T
473 1905 554 1938 um
598 1885 783 1935 tremuli
815 1886 951 1948 salis,
978 1897 1075 1937 etc.
1099 1886 1209 1937 Ve-

205 1962 575 2019 hementissima
593 1965 758 2017 animi
779 1964 962 2017 dolore
990 1966 1209 2016 amentis

204 2043 391 2115 imago,
421 2065 593 2118 quum
643 2045 698 2096 in
742 2042 910 2097 undas
949 2043 1209 2107 Ariadne,

205 2135 436 2195 tanquam
470 2122 738 2197 perfidum
771 2125 896 2176 velit
927 2125 1169 2195 persequi
1190 2162 1206 2188 ,

205 2201 386 2275 impetu
415 2208 630 2258 feratur.
664 2206 733 2258 N.

278 2304 395 2355 129.
430 2288 667 2354 Tegmina
700 2305 825 2335 suroe
859 2297 997 2335 recte
1020 2282 1087 2335 de
1122 2296 1206 2335 tu·

203 2362 330 2426 nim,
375 2384 490 2436 quae
538 2383 691 2417 crura
735 2365 973 2433 tegebat,
1015 2364 1204 2433 accipit

202 2442 420 2509 Lenze'us,
477 2458 534 2498 et
590 2444 646 2496 in
692 2445 828 2497 hanc
869 2462 981 2496 rem
1026 2442 1205 2496 laudat

203 2522 400 2577 Homer,
443 2526 649 2598 Hymn.
686 2526 740 2577 in
782 2525 958 2576 Cerer.
995 2544 1044 2576 v.
1079 2528 1199 2593 176.

201 2603 627 2678 —Reprehendit
653 2605 866 2657 Poetam
892 2604 1129 2654 Duschius
1148 2604 1202 2654 in

199 2682 324 2736 libro
363 2704 520 2758 supra
560 2684 803 2746 laudato,
835 2682 978 2755 quod
1014 2702 1202 2753 parum

197 2760 371 2817 decore
411 2765 466 2817 in
508 2763 614 2817 hoc
653 2766 770 2817 loco
805 2775 1042 2833 agentem
1084 2763 1203 2814 Ari-

198 2841 354 2896 adnen
374 2843 643 2896 induxerit
663 2865 677 2909 ς
712 2841 803 2894 sed
821 2844 862 2894 si
884 2842 1172 2913 cogitamus
1185 2882 1198 2908 ‚

200 2923 449 2976 Ariadnen
471 2926 585 2994 jam
617 2943 768 2994 agere
794 2923 983 2975 victam
1017 2920 1202 2973 dolore

200 3014 245 3053 et
264 3004 451 3056 furoris
480 3015 610 3055 oestu
648 3016 970 3074 correptam,
999 3002 1202 3072 egregie

199 3083 358 3148 potius
399 3084 651 3135 affectum
693 3081 1000 3153 expressisse
1044 3100 1202 3151 quam

197 3173 365 3214 contra
412 3162 671 3216 decorum
718 3181 950 3233 peccasse
994 3160 1204 3213 videtur

198 3239 359 3293 Poeta.
389 3274 473 3284 --
502 3243 641 3295 Cum
683 3242 914 3294 Duschio
956 3240 1202 3310 equidem

198 3319 524 3374 vehementer
564 3322 860 3385 consentiO,
895 3339 1122 3390 namque
1161 3320 1202 3370 si

196 3396 404 3453 fluentes
459 3402 681 3454 amictus
736 3402 874 3452 malo
941 3412 1202 3451 externata

195 3492 320 3531 recte
349 3500 457 3533 non
488 3482 734 3544 curabat,
757 3499 807 3532 v.
837 3479 1042 3547 63-69,
1061 3496 1202 3530 nunc

195 3559 316 3610 male
336 3573 502 3617 cavet,
519 3579 586 3612 ne
607 3561 712 3611 ima
736 3560 888 3611 vestis
915 3578 1047 3629 aqua
1071 3578 1203 3610 mer-

192 3649 348 3704 gatur.
378 3640 446 3692 N.

271 3717 437 3772 13o·1
453 3720 543 3772 31.
566 3715 733 3792 Aeque
757 3721 857 3770 laeoec
882 3732 1074 3769 extrem.
1098 3730 1196 3770 etc.

193 3793 300 3847 Huc
335 3799 566 3871 respexit
596 3799 796 3851 Tibuu.
828 3800 911 3849 111
931 3838 946 3861 ,
981 3801 1012 3850 6
1035 3838 1050 3860 ,
1087 3802 1156 3867 89
1185 3818 1196 3849 :

199 3900 217 3921 ι
245 3876 476 3942 Gnosia,
515 3879 730 3930 Theseae
769 3876 1035 3949 quondam
1078 3897 1198 3947 per-

190 3956 314 4022 juria
366 3957 562 4029 lingua
602 3959 813 4011 Flevisti
863 3958 1041 4028 ignoto
1092 3959 1198 4009 sola

191 4036 363 4088 relicta
389 4038 545 4090 niati.
565 4037 653 4090 Sic
675 4036 865 4091 cecinit
887 4056 988 4109 pro
1017 4050 1069 4089 te
1100 4035 1197 4089 do·

191 4126 326 4187 ctus,
356 4118 558 4177 Minoi,
598 4117 855 4173 Catullus,
890 4118 1082 4186 Ingrati
1115 4136 1197 4167 re-

1300 1726 1471 1777 ferens
1502 1727 1667 1797 impia
1695 1728 1829 1778 facta
1851 1727 1970 1778 viri.
1993 1753 2013 1773 ι
2034 1757 2114 1767 -—
2137 1730 2319 1780 Extre-

1300 1809 1404 1858 mis.
1427 1806 1509 1858 Sc.
1541 1806 1653 1858 haec
1675 1820 1799 1858 sunt
1820 1825 1936 1876 quae
1951 1847 1964 1870 ,
1987 1808 2132 1878 quasi
2156 1812 2318 1862 morti

1297 1886 1537 1954 propior,
1563 1886 1723 1939 verba
1755 1885 1885 1937 dicit
1915 1887 2216 1941 novissima.
2245 1890 2315 1940 N.

1384 1983 1406 2015 1
1423 1966 1450 2016 3
1462 1985 1487 2014 α
1500 2004 1512 2017 .
1531 1966 1606 2015 De
1622 1965 1719 2016 hac
1741 1966 1977 2017 oratione
2000 1967 2203 2035 sapiens
2220 1969 2318 2019 cri-

1296 2044 1384 2095 tici
1405 2044 1605 2094 italiani
1613 2043 1873 2113 judicium
1885 2044 2044 2095 abbas
2055 2045 2315 2098 Arnaldus

1296 2122 1485 2174 retulit.
1502 2123 1568 2174 N.
1582 2124 1845 2173 —Patrie's
1861 2123 1921 2172 ab
1936 2128 2032 2173 aris
2048 2126 2233 2176 Vossio
2262 2140 2313 2176 et

1293 2203 1406 2254 aliis
1440 2203 1602 2271 magis
1629 2200 1854 2265 arridet,
1880 2202 2157 2254 accedente
2179 2224 2310 2274 quo-

1292 2300 1395 2351 que
1415 2282 1584 2332 Bur-m.
1614 2280 1681 2332 ad
1713 2282 1812 2334 Ov.
1843 2282 1970 2334 Met.
1998 2283 2148 2346 XIV,
2179 2288 2310 2358 476.

1293 2361 1403 2412 Nec
1430 2361 1655 2413 insolens
1692 2375 1765 2413 est
1795 2361 2133 2413 librariorum
2162 2382 2313 2415 error

1292 2441 1344 2493 in
1393 2440 1797 2493 commiscendis
1826 2441 1908 2493 his
1939 2440 2141 2494 duabus
2167 2443 2311 2496 voci·

1291 2522 1455 2573 bus.V
1465 2520 1537 2572 id.
1556 2521 1822 2573 Draokenb.
1836 2520 1900 2573 ad
1918 2522 2011 2574 Sil.
2028 2524 2140 2574 Ital.
2156 2524 2309 2588 XIII,

1291 2602 1380 2653 81.
1405 2601 1574 2672 Magis
1597 2613 1769 2652 tamen
1803 2602 1935 2653 mihi
1963 2603 2133 2673 placet
2166 2606 2278 2655 oris.

1377 2699 1397 2732 1
1413 2680 1503 2743 34.
1547 2682 1779 2750 Neglecto
1826 2686 2010 2733 nomine
2050 2682 2102 2732 in
2160 2683 2271 2734 aliis
2294 2722 2310 2743 ,

1289 2760 1447 2811 male!
1476 2762 1684 2830 gravius
1706 2760 1845 2811 enim
1864 2764 1972 2832 jam
2001 2774 2078 2812 est
2102 2767 2304 2813 numine.

1289 2841 1652 2892 Librariorum
1702 2840 2070 2910 negligentiam
2122 2842 2174 2891 in
2215 2840 2307 2892 de-

1288 2918 1576 2971 scribendis
1591 2919 1672 2969 his
1689 2920 1905 2970 vocibus
1920 2919 2095 2970 notavi
2103 2933 2120 2969 t
2135 2923 2306 2974 Hans.

1288 2998 1354 3052 ad
1384 2997 1541 3050 Ovid.
1578 2999 1703 3049 Her.
1737 2999 1814 3059 II,
1847 2998 1914 3063 39
1936 3037 1948 3059 ,
1982 3010 2032 3049 et
2056 3000 2304 3051 Dracken·

1289 3080 1448 3130 bor-cla.
1490 3078 1556 3130 ad
1595 3077 1684 3129 Sil.
1729 3077 1847 3128 Ital.
1876 3078 2007 3128 XVI
2030 3116 2044 3140 ,
2075 3078 2202 3130 655.
2227 3113 2307 3120 —-

1290 3159 1521 3227 Negleceo
1540 3160 1698 3208 numia
1718 3158 1939 3217 eDc‘oum,
1962 3157 2095 3208 nihil
2119 3177 2308 3210 curans

1290 3237 1527 3308 perfidiae
1548 3235 1782 3287 vindices
1816 3237 1977 3299 Deos,
2004 3250 2305 3307 contempta

1289 3319 1524 3369 Deorum
1547 3327 1796 3387 potestate
1823 3329 1871 3367 et
1897 3316 2104 3386 justitia.

1379 3398 1503 3449 135.
1536 3399 1720 3446 Devota
1741 3398 1922 3465 pet-jur.
1958 3396 2267 3449 exsecrmida
2291 3437 2307 3460 ,
2358 3394 2361 3399 ’

1289 3474 1656 3528 abominanda.
1687 3476 1926 3527 Suaviter
1972 3488 2147 3527 autem
2187 3496 2305 3546 por·

1292 3569 1393 3607 tar-e
1405 3556 1591 3608 domum
1603 3558 1816 3626 perjuria
1829 3572 1927 3625 pro
1950 3579 1971 3599 ι
1984 3554 2187 3625 perfido
2200 3558 2307 3608 ani·

1290 3655 1379 3687 mo
1400 3635 1589 3688 redire.
1605 3661 1713 3679 u—
1731 3634 1950 3704 Egregie
1964 3632 2166 3686 dictum
2182 3655 2302 3704 pro-2

1289 3716 1508 3768 domum
1536 3729 1772 3784 reportas
1789 3727 1945 3784 caput
1965 3714 2195 3784 perjurio
2217 3716 2311 3765 ob-

1290 3797 1528 3848 strictum
1585 3793 1809 3864 ideoque
1867 3792 2052 3844 ultioni
2114 3791 2306 3845 divinae

1289 3876 1559 3928 devotum.
1582 3875 1772 3925 Justin.
1798 3873 1948 3933 XIV,
1979 3878 2008 3933 4
2039 3890 2051 3922 :
2085 3869 2306 3925 «devota

1287 3958 1455 4026 capita
1483 3980 1504 4000 ι
1539 3952 1698 4006 ovid.
1749 3950 1968 4004 Heroid.
2019 3952 2124 4015 IX,
2157 3952 2261 4004 153
2289 3973 2301 4005 :

1294 4063 1314 4082 ι
1339 4034 1526 4087 devota
1555 4032 1745 4086 domus
1766 4058 1811 4083 ι.
1838 4032 1904 4082 N.

1377 4135 1394 4167 ι
1410 4115 1497 4183 37.
1529 4115 1716 4164 Proeseo
1742 4114 1873 4178 fuit,
1918 4108 2088 4163 adfuit
2129 4112 2305 4165 animo
