2986 4935
723 486 872 560 358

1244 489 1325 552 C.
1372 486 1808 553 VALERII
1867 484 2333 551 CATULLI

821 624 991 689 Cum
1030 642 1238 713 puero
1270 632 1345 686 ut
1382 616 1558 686 bello
1597 615 1766 685 bella
1803 614 2023 710 puella
2059 615 2277 685 cubet.

715 726 945 794 Gallus
977 726 1180 794 homo
1219 739 1319 794 est
1352 723 1628 810 stultus,
1663 748 1785 792 nec
1819 749 1887 792 se
1921 723 2103 791 videt
2135 747 2276 792 esse
2310 723 2656 809 maritum,

819 835 954 921 Qui
989 848 1266 927 patruus
1302 832 1520 926 patrui
1558 845 1883 899 monstret
1916 829 2335 899 adulterium.

714 940 844 1009 Sed
882 966 1061 1008 nunc
1099 940 1163 1007 id
1212 938 1442 1025 dole0‚
1484 938 1664 1032 quod
1708 963 1890 1033 purae
1926 938 2190 1032 impura
2223 934 2456 1032 puellae

820 1048 1060 1116 Suavia
1106 1046 1450 1138 conjunxit
1493 1069 1737 1139 spurca
1777 1044 1979 1114 saliva
2016 1059 2151 1113 tua.

711 1156 965 1223 Verum
1003 1153 1070 1220 id
1104 1178 1241 1221 non
1282 1154 1554 1247 impune
1592 1152 1762 1220 feres
1789 1178 1802 1219 :
1833 1175 1986 1221 nam
2030 1166 2095 1220 te
2139 1152 2364 1220 omnia
2404 1150 2580 1220 secla

818 1262 1115 1329 Noscent
1136 1313 1154 1344 ‚
1186 1274 1291 1341 et,
1331 1261 1441 1352 qui
1478 1261 1563 1328 sis
1586 1313 1604 1343 ‚
1638 1260 1815 1327 fama
1850 1257 2155 1352 loquetur
2190 1280 2374 1325 anuS.

715 1470 960 1542 obsequii
1012 1488 1203 1540 genere
1257 1470 1464 1539 placere
1524 1467 1737 1529 studet,

714 1570 823 1619 quo
867 1551 1098 1620 pertinet
1145 1549 1256 1600 bella·
1294 1550 1497 1600 hominis
1536 1547 1741 1600 descri-

716 1631 866 1701 ptio,
901 1649 1063 1699 quam
1106 1649 1168 1681 ex
1212 1630 1455 1681 Martiale
1497 1626 1746 1679 dedimus

716 1729 875 1780 supra
894 1709 960 1761 ad
983 1711 1158 1762 Carm.
1184 1710 1346 1760 XXII
1363 1749 1378 1775 ,
1397 1732 1447 1776 9.
1478 1706 1582 1759 Sed
1607 1707 1742 1758 Gal-

714 1790 798 1843 lus
817 1791 872 1842 in
893 1789 1129 1859 obsequii
1152 1807 1342 1860 genere
1364 1789 1487 1842 satis
1508 1787 1708 1839 inhone
1722 1817 1744 1829 -

715 1884 798 1923 sto
824 1889 974 1922 nunc
1000 1870 1149 1921 bellus
1181 1869 1395 1923 dicitur.
1423 1901 1503 1910 —
1534 1868 1739 1937 Jungz‘t,

717 1953 986 2004 consociat
1002 1989 1017 2014 ‚
1040 1950 1286 2002 conciliat
1301 1988 1317 2014 ,
1342 1950 1646 2020 conjungit,
1669 1960 1746 1999 est

716 2043 1006 2100 proxeneta
1027 2049 1291 2082 amorum.
1314 2059 1396 2071 —-
1419 2030 1599 2080 Dulces
1621 2070 1637 2092 ,
1662 2028 1745 2080 in·

719 2108 924 2163 vidiose
952 2109 1020 2163 de
1049 2109 1189 2162 soedo
1218 2110 1414 2162 amoris
1438 2127 1646 2180 genere.

803 2197 852 2252 4.
882 2192 1003 2243 Cum
1018 2211 1170 2260 puero
1188 2202 1243 2241 ut
1262 2190 1386 2241 bello
1404 2202 1503 2241 etc.
1526 2202 1585 2241 ut
1603 2188 1745 2240 filius

718 2270 933 2322 alterius
976 2271 1153 2323 fratris
1194 2289 1315 2322 cum
1364 2289 1528 2321 uxore
1566 2268 1745 2337 patrui

717 2363 1040 2402 consuescat.

804 2431 855 2494 5,
876 2435 929 2482 6.
952 2430 1056 2482 Pro
1076 2428 1249 2480 stultus
1271 2429 1463 2481 iterum
1479 2429 1531 2480 in
1553 2425 1746 2481 editio·

714 2531 783 2562 ne
824 2509 1096 2562 Parthenii
1139 2509 1332 2578 legitur
1374 2509 1552 2571 bellus,
1599 2506 1742 2560 haud

715 2590 878 2642 dubie
902 2609 965 2641 ex
988 2607 1272 2659 operarum
1292 2607 1488 2640 errore.
1511 2621 1590 2631 —-
1611 2587 1742 2639 Sen-

715 2689 803 2722 sus
834 2687 847 2720 :
883 2667 1025 2721 idem
1067 2668 1253 2722 Gallus
1295 2682 1370 2722 est
1404 2669 1567 2725 homo
1604 2667 1740 2720 insi·

714 2749 896 2818 piens,
926 2749 1019 2820 qui
1040 2787 1056 2809 ,
1086 2747 1215 2800 dum
1244 2747 1423 2802 fratris
1454 2749 1568 2801 filio
1596 2748 1735 2800 viam

712 2829 779 2881 ad
823 2828 1141 2880 adulterium
1185 2846 1304 2881 cum
1354 2830 1529 2899 patrui
1573 2846 1738 2880 uxore

712 2907 1155 2962 committendum
1173 2910 1369 2979 aperit,
1389 2928 1499 2960 non
1517 2908 1737 2978 cogitat,

716 3008 771 3041 se
799 3009 1012 3059 quoque
1047 2990 1243 3041 habere
1283 2991 1596 3060 conjugem,
1619 3006 1738 3059 quae

709 3088 736 3120 a
774 3071 948 3121 fratris
979 3069 1091 3121 filio
1116 3070 1449 3140 constuprari
1479 3069 1660 3138 possit.

789 3167 996 3219 7—1o.
1025 3149 1136 3200 Hos
1164 3162 1392 3219 quatuor
1411 3168 1591 3202 versus
1610 3148 1733 3200 Sca-

706 3228 864 3298 liger,
913 3248 1082 3298 quum
1130 3249 1219 3280 eos
1255 3228 1525 3281 dissimilis
1571 3248 1731 3300 argu-

706 3309 870 3360 menti
912 3326 1020 3359 esse
1062 3308 1408 3372 existimaret,
1442 3309 1624 3360 invitis
1667 3309 1730 3361 li·

702 3387 811 3437 bris
874 3387 1124 3438 omnibus
1181 3389 1245 3439 ab
1304 3389 1406 3440 hoc
1470 3388 1729 3459 epigram-

702 3480 840 3517 mate
869 3466 1066 3518 luxavit
1088 3480 1139 3518 et
1163 3486 1282 3518 cum
1311 3468 1582 3537 superiore
1603 3488 1725 3521 con-

1831 1469 2025 1539 junxit.
2080 1471 2161 1522 De
2212 1467 2442 1532 iisdem,
2488 1487 2556 1521 nn
2601 1469 2723 1524 loeo
2763 1490 2847 1523 suo

1835 1550 1995 1620 positi
2012 1561 2200 1611 essent,
2214 1552 2322 1621 jam
2336 1549 2848 1604 dubitaveratAchil·

1834 1631 1910 1683 les
1944 1629 2157 1684 Statius.
2193 1630 2335 1683 Hinc
2365 1630 2516 1683 facile
2548 1630 2616 1685 ab
2648 1631 2849 1702 ingenio

1835 1730 1933 1762 suo
1979 1710 2263 1781 impetrare
2308 1709 2488 1781 potnit
2529 1708 2849 1775 Cori-adimis

1837 1789 1905 1841 de
1938 1790 2112 1854 Allio,
2146 1802 2206 1843 ut
2232 1809 2321 1843 eos
2353 1789 2590 1844 Car-mini
2621 1792 2751 1843 XCI
2781 1811 2848 1844 as·

1837 1883 2024 1923 sueret.
2079 1869 2186 1924 Sed
2232 1870 2462 1942 Vulpius
2511 1872 2724 1941 egregie
2773 1891 2851 1923 eos

1836 1968 1956 2002 cum
1975 1951 2079 2003 hoc
2097 1950 2333 2003 carmine
2351 1950 2618 2003 oohaerere
2636 1951 2850 2021 pulchre

1835 2029 2037 2083 docuit.
2061 2063 2143 2073 —
2166 2031 2316 2082 Puroe
2331 2050 2460 2100 pura
2478 2030 2655 2099 puelloe
2682 2049 2750 2083 ex
2769 2051 2850 2084 ve·

1837 2110 1932 2162 teri
1968 2111 2226 2182 scriptura
2255 2110 2492 2181 reposuit
2517 2109 2781 2182 Scaliger,
2801 2122 2848 2163 et

1834 2191 1906 2242 sic
1953 2204 2028 2242 est
2069 2192 2123 2243 in
2173 2188 2301 2244 edit.
2343 2190 2591 2243 Parthen.
2628 2223 2715 2235 —-
2754 2191 2848 2244 Pro

1833 2273 2085 2339 conjunxit
2116 2272 2169 2323 in
2200 2290 2334 2324 vers.
2377 2273 2429 2324 8.
2461 2289 2526 2322 ex
2554 2273 2846 2341 conjectura

1832 2350 2044 2402 retinxit
2063 2350 2290 2421 Scaliger
2313 2353 2607 2413 commin-rit,
2628 2349 2724 2404 sed
2743 2351 2847 2422 quis

1833 2432 2056 2482 verbum
2077 2430 2407 2485 inhonestius
2426 2430 2667 2503 preferat
2691 2431 2849 2485 hone·

1832 2511 2015 2562 stiori?
2043 2512 2227 2581 quisve
2268 2530 2463 2565 novam
2507 2511 2705 2565 Catulli
2741 2531 2843 2564 car·

1833 2591 2067 2643 minibus
2131 2593 2505 2645 obscenitatem
2567 2592 2846 2662 importare

1832 2669 2111 2725 sustineat?
2151 2704 2229 2714 --
2269 2671 2451 2724 Nexus
2491 2671 2748 2725 orationis
2780 2685 2844 2724 est

1831 2750 1938 2802 fere
1971 2751 2058 2803 hic
2090 2769 2102 2803 :
2131 2750 2237 2804 Sed
2266 2752 2506 2822 quamvis
2530 2752 2646 2804 haec
2678 2752 2841 2804 omnia

1828 2829 1964 2882 nihil
2002 2850 2216 2896 morer,
2263 2845 2436 2884 tamen
2480 2829 2538 2883 id
2588 2849 2733 2884 nunc
2771 2829 2838 2881 vel

1829 2910 2058 2962 maxime
2086 2911 2218 2964 mihi
2245 2912 2407 2963 bilem
2432 2929 2650 2964 movere
2673 2910 2839 2966 debet.

1827 2987 1972 3059 quod
1994 2992 2206 3064 impuro
2230 3003 2322 3043 tuo
2344 3009 2440 3043 ore
2465 3010 2660 3062 puram
2684 3007 2837 3042 meam

1825 3070 2058 3138 puellam
2096 3070 2428 3123 deosculatus
2471 3090 2539 3122 es.
2589 3105 2672 3114 --
2724 3071 2838 3123 Con·

1814 3151 2008 3215 junxit,
2041 3152 2094 3203 h.
2123 3170 2170 3203 e.
2203 3151 2753 3222 commiscuitrspuroe
2777 3168 2838 3200 n-

1822 3227 1926 3280 liva
1961 3244 2047 3283 tua
2085 3232 2262 3284 suavia
2300 3230 2512 3301 impura
2549 3249 2675 3283 cum
2707 3229 2838 3302 puris

1822 3310 2010 3377 puellae
2042 3311 2253 3363 suaviis.

1907 3409 1989 3442 ιο.
2026 3391 2184 3443 Fama
2215 3391 2434 3461 bquetur
2465 3409 2605 3443 anus.
2635 3391 2723 3445 Cf.
2756 3408 2830 3441 su·

1820 3485 1915 3536 pra
1942 3468 2010 3522 ad
2037 3472 2214 3525 Carm.
2246 3470 2487 3522 LXVIII
2505 3510 2522 3536 ‚
2555 3475 2649 3535 46.
