2986 4935
730 483 872 567 3lili

1242 482 2323 550 C.VALER11CATULL1

934 619 1104 682 Sunt
1141 617 1354 706 primo
1402 614 1593 682 nobis
1633 618 1852 681 onmia
1898 628 2051 679 nata
2093 614 2299 694 bona;

832 726 915 788 Et
959 721 1148 812 longe
1192 735 1343 786 ante
1383 743 1611 787 omnes
1650 719 1805 786 mihi
1844 743 1989 811 quae
2031 743 2135 785 me
2175 719 2392 787 carior
2427 719 2568 810 ipso
2602 733 2737 796 est,

936 830 1079 892 Lux
1122 851 1297 907 mea3
1347 850 1471 916 qua
1518 828 1667 890 viva
1711 827 1930 891 vivere
1972 824 2167 891 dulce
2202 825 2361 890 mihi
2405 836 2519 891 est.

731 1053 854 1084 xum
890 1030 1170 1101 quemdam
1213 1031 1435 1081 orationi
1466 1030 1740 1090 conciliat,

735 1132 899 1182 quum
948 1123 993 1159 et
1030 1123 1078 1158 et
1112 1123 1288 1178 aperte
1321 1127 1569 1177 personas
1605 1110 1740 1161 inter

734 1211 789 1243 se
824 1188 1124 1258 distinguat.
1155 1186 1278 1239 Vid.
1311 1200 1421 1238 not.
1461 1220 1537 1227 —
1569 1189 1619 1239 A
1652 1207 1742 1256 quo

735 1271 862 1321 Sunt
898 1272 1054 1337 primo
1095 1267 1228 1317 nobis
1273 1267 1382 1318 sola
1435 1267 1742 1317 auctoritate

737 1347 949 1400 Codicis
981 1346 1197 1399 Corvini
1229 1347 1436 1397 nititur.
1468 1379 1542 1385 -
1583 1346 1685 1395 Pro
1714 1366 1743 1393 a

740 1447 832 1497 quo
855 1428 908 1477 in
935 1426 1146 1494 triginta
1170 1425 1316 1476 MSS.
1340 1437 1388 1474 et
1411 1424 1619 1476 duabus
1643 1425 1744 1492 pri-

738 1506 839 1556 mis
858 1506 1069 1556 Venett.
1085 1517 1136 1555 et
1154 1505 1433 1572 Rhegiensi
1457 1502 1602 1573 apud
1625 1504 1748 1554 San·

740 1585 937 1635 teniuni
956 1597 1031 1634 est
1047 1586 1223 1649 aufert,
1238 1582 1383 1653 quod
1402 1583 1745 1633 tenentetiam

742 1664 1007 1715 nonnullae
1031 1662 1181 1714 editt.
1202 1662 1535 1713 recentiores.
1559 1692 1635 1700 —
1659 1661 1743 1710 Λι-

741 1763 829 1813 que
853 1743 1074 1809 conjecit
1106 1741 1433 1791 Parthenius.
1463 1772 1540 1780 ——
1567 1740 1747 1807 Margo

744 1821 960 1873 Codicis
991 1819 1139 1871 Leid.
1171 1820 1382 1870 exhibet
1419 1832 1524 1869 tres
1558 1819 1748 1887 glossas

742 1913 940 1962 uectore,
987 1919 1165 1968 augure
1190 1941 1201 1958 ,
1251 1904 1467 1968 ιιιιψίεε,
1518 1916 1747 1966 quarum

742 1981 963 2049 primam
995 1996 1113 2029 cun»
1152 1980 1339 2029 Vossio
1373 1977 1592 2046 arripuit
1616 1978 1749 2026 Vul-

745 2059 884 2129 pius.
929 2056 1031 2108 Sed
1069 2059 1278 2127 Lipsius
1319 2055 1441 2107 inde
1464 2055 1668 2107 volebat
1708 2070 1750 2104 tc

747 2137 984 2186 trandedn
998 2157 1190 2204 auspex.
1209 2168 1287 2178 -
1305 2138 1639 2187 Wetstenius
1660 2133 1748 2184 de·

746 2218 909 2286 nique
938 2218 1168 2267 tentabat
1222 2242 1242 2260 ιι
1266 2218 1331 2266 Et
1364 2216 1456 2282 qui
1487 2214 1751 2283 principio

745 2296 899 2347 nobis
923 2309 1111 2345 terrain
1141 2292 1284 2345 dedii
1320 2294 1544 2344 ubertim
1577 2297 1619 2343 Α
1647 2312 1750 2362 quo

746 2388 865 2425 sunt
887 2376 1108 2443 primo.»
1142 2375 1332 2423 Versus
1362 2374 1536 2421 minor
1561 2374 1612 2421 in
1638 2391 1748 2422 oni-

747 2455 902 2505 nibus
940 2452 1109 2504 Codd.
1152 2452 1336 2521 incipit
1375 2479 1394 2495 ·
1428 2455 1467 2500 A
1500 2470 1610 2519 quo
1635 2465 1752 2501 sunt

751 2534 921 2601 primo
941 2559 960 2575 ··
996 2555 1005 2581 z
1031 2534 1127 2582 nisi
1154 2530 1301 2600 quod
1330 2529 1438 2580 duo
1465 2531 1749 2590 Saibantis,

758 2612 1097 2661 Vallierianus
1140 2623 1191 2661 et
1241 2608 1510 2660 Mediceus
1554 2611 1754 2679 primns

750 2702 869 2760 post
882 2695 1037 2756 primo
1060 2689 1265 2741 addunt
1277 2693 1381 2757 jam
1398 2730 1411 2751 ,
1432 2688 1572 2739 haud
1595 2689 1754 2739 dubie

751 2769 813 2820 ad
842 2769 1041 2820 hiatum
1070 2768 1417 2838 explendum:
1451 2781 1500 2818 et
1534 2771 1606 2819 sic
1637 2767 1754 2818 dua·

758 2852 963 2899 Venett.
993 2861 1042 2898 et
1072 2850 1399 2917 Rliegiensis;
1427 2846 1517 2897 sed
1543 2848 1593 2897 in
1618 2847 1751 2899 Cod.

749 2929 1075 2982 Coi-viniano
1111 2948 1141 2977 a
1169 2948 1287 2996 quo,
1320 2940 1374 2978 ut
1411 2930 1517 2995 jani
1553 2927 1754 2977 notavi-

753 3026 871 3058 mus
887 3047 900 3070 ,
915 3007 1141 3059 trahitur
1164 3006 1227 3057 ad
1246 3025 1456 3058 versum
1485 3007 1753 3072 majorem.

754 3090 806 3138 A
827 3106 918 3157 quo
929 3092 1085 3155 primo
1106 3098 1214 3136 suut
1238 3087 1371 3137 liber
1392 3085 1656 3154 Scaligeri.
1681 3117 1755 3124 —

754 3167 857 3217 Pro
880 3178 994 3216 nata
1018 3167 1071 3215 in
1091 3165 1380 3217 Bodleiano
1401 3178 1532 3216 ιιυια.
1556 3196 1632 3203 -
1654 3163 1754 3214 Pro

754 3246 875 3295 bonu
925 3246 977 3295 in
1025 3243 1237 3295 duobus
1284 3256 1335 3294 et
1379 3244 1563 3311 viginti
1605 3242 1753 3293 MSS.

755 3322 892 3392 apud
925 3322 1133 3373 Santen.
1161 3321 1386 3375 secunda
1412 3324 1612 3374 Veneta
1637 3341 1754 3373 cum

757 3402 1032 3470 Rliegiensi
1060 3402 1195 3452 bono.
1227 3431 1304 3440 —-
1337 3403 1397 3451 In
1426 3419 1533 3451 uno
1545 3402 1754 3452 Vossia-

756 3500 825 3530 no
843 3492 895 3530 et
915 3479 1290 3531 Mediolanensi
1315 3492 1453 3531 totus
1475 3498 1651 3531 versus
1667 3482 1756 3531 ab·

752 3571 847 3611 est.
867 3590 945 3600 -—
970 3561 1032 3610 In
1059 3579 1107 3609 v.
1147 3560 1250 3626 159
1275 3578 1374 3630 pro
1399 3560 1474 3610 Et
1498 3560 1635 3625 longe
1659 3560 1756 3609 La·

757 3640 896 3689 tinus
930 3639 1169 3690 Latinius
1208 3637 1307 3690 Sed
1337 3641 1489 3707 longe.
1529 3669 1609 3679 —-
1656 3638 1758 3689 Pro

756 3724 856 3788 ipso
885 3719 1043 3770 offert
1065 3717 1199 3771 cod.
1229 3720 1346 3770 Dat.
1375 3731 1428 3770 et
1460 3715 1759 3768 Riccardia-

757 3818 854 3849 nus
882 3803 997 3868 ipse,
1028 3810 1077 3849 et
1111 3810 1214 3849 tres
1242 3796 1504 3849 Saibantis
1523 3837 1533 3855 ‚
1568 3794 1757 3848 Medic.

758 3878 896 3930 Vall.
925 3877 1139 3930 Coi-vin.
1168 3890 1217 3929 et
1242 3876 1389 3929 editt.
1417 3888 1538 3928 ante
1562 3875 1755 3929 Aldnm

755 3959 871 4023 ipsu.
899 3989 975 3999 -—
997 3959 1047 4008 E
1051 3969 1070 4007 t
1086 3962 1171 4027 qai
1180 3961 1415 4027 principio
1434 3957 1567 4007 nobis
1591 3968 1634 4005 te
1660 3968 1759 4007 eru·

755 4036 879 4085 didit
906 4056 917 4068 ·
943 4048 992 4087 et
1020 4037 1121 4100 ille,
1139 4037 1229 4106 qui
1253 4037 1453 4108 primus
1478 4035 1757 4088 amicitiam

1832 1043 1972 1080 tuam
2003 1030 2132 1080 mihi
2163 1029 2494 1092 conciliavit,
2522 1028 2616 1098 qni
2651 1046 2832 1097 proxe-

1831 1122 1948 1160 neta
1972 1108 2073 1160 suit
2099 1108 2344 1160 amicitia:
2366 1119 2496 1171 tuo,
2516 1109 2605 1159 cui
2628 1125 2830 1158 omnem

1832 1187 2130 1239 felicitatem
2162 1205 2331 1238 meam
2355 1199 2618 1256 acceptam
2647 1187 2830 1238 resero.

1920 1269 2046 1317 160.
2076 1265 2167 1317 Est
2187 1266 2241 1316 in
2265 1263 2462 1318 Codice
2483 1265 2625 1317 Datii
2653 1278 2709 1317 et
2733 1265 2833 1317 ffic-

1833 1345 2081 1397 cardiano
2117 1344 2280 1397 deest.
2324 1345 2494 1397 Nobis
2526 1345 2660 1397 olim
2698 1358 2831 1397 totus

1834 1426 2014 1487 locus,
2045 1425 2237 1476 mirum
2271 1425 2324 1476 in
2359 1422 2582 1476 modum
2619 1421 2832 1494 impedi·

1836 1517 1945 1568 tus,
1973 1504 2076 1555 hoc
2105 1501 2266 1554 modo
2294 1501 2531 1574 expediri
2554 1503 2769 1554 somne
2790 1518 2833 1553 et

1837 1583 2084 1635 constitui
2127 1601 2278 1652 posse
2313 1581 2628 1646 videbatur,
2664 1582 2710 1633 εἰ
2747 1601 2834 1652 pm

1837 1676 1882 1712 ee
1910 1676 1961 1712 eu
1989 1663 2042 1713 in
2071 1682 2121 1713 v.
2160 1662 2264 1714 155
2294 1673 2348 1712 ut
2373 1679 2454 1724 tu,
2489 1671 2542 1712 et
2566 1663 2621 1713 in
2650 1680 2704 1712 ν.
2738 1661 2828 1726 ¹57

1843 1743 1939 1791 Det
1961 1746 2042 1811 qui
2068 1760 2168 1811 pro
2197 1742 2268 1791 Et
2293 1745 2376 1810 qui
2399 1740 2696 1810 legeretut;
2721 1740 2832 1791 ulti·

1839 1839 1980 1872 mum
2018 1834 2194 1871 autem
2222 1818 2489 1872 distichon
2517 1816 2831 1872 antecedenti

1840 1912 2234 1969 praeponeretur
2259 1900 2334 1951 sic
2377 1924 2399 1945 ιι
2423 1897 2550 1950 Sitis
2587 1898 2760 1950 felices
2790 1909 2835 1947 a!

1840 1991 1893 2028 tu
1918 1977 2095 2039 simul,
2116 1991 2169 2030 et
2189 1991 2276 2030 tua
2291 1979 2417 2039 vita,
2436 1990 2489 2028 et
2509 1975 2700 2029 domus
2719 1977 2836 2048 ipsa,

1841 2059 1890 2106 in
1919 2076 2019 2126 qua
2039 2058 2287 2121 lusimus,
2311 2068 2363 2107 et
2380 2054 2716 2120 domina313t
2737 2056 2834 2107 lou·

1839 2154 1900 2203 ge
1924 2149 2042 2185 ante
2071 2155 2252 2188 omnes
2276 2134 2405 2187 mihi
2428 2153 2547 2206 qun
2570 2154 2655 2188 me
2679 2134 2835 2188 carior

1840 2218 1953 2283 ipso
1979 2226 2055 2266 est
2072 2252 2088 2277 ‚
2110 2215 2226 2266 Lux
2253 2233 2385 2279 men,
2407 2233 2511 2284 qna
2532 2215 2657 2267 viva
2672 2215 2832 2265 vivere

1840 2293 1995 2345 dulce
2021 2294 2149 2345 mihi
2177 2306 2283 2356 θεῖς
2312 2295 2434 2356 Det,
2460 2294 2554 2364 qui
2583 2292 2832 2364 principio

1843 2373 1991 2423 nobis
2016 2386 2207 2424 terram
2222 2371 2398 2436 dedit,
2420 2391 2449 2423 a
2472 2391 2582 2443 quo
2596 2373 2733 2424 Sunt
2750 2371 2836 2442 pri·

1843 2474 1933 2504 ino
1969 2453 2118 2505 nobis
2156 2453 2333 2504 omnia
2366 2463 2488 2503 nata
2523 2453 2716 2504 bona.·
2747 2448 2833 2503 Sed

1843 2550 1987 2582 nunc
2019 2533 2104 2583 vix
2135 2531 2356 2596 dubim,
2393 2532 2525 2602 quin
2558 2544 2739 2584 totum
2765 2528 2834 2581 di·

1842 2613 2045 2663 sticlion
2066 2630 2118 2661 v.
2153 2630 2170 2662 1
2187 2612 2255 2680 57
2281 2623 2330 2662 et
2361 2631 2379 2663 1
2397 2612 2467 2665 58
2487 2629 2517 2662 a
2537 2611 2704 2663 sciolo
2720 2628 2834 2680 quo-

1844 2689 1962 2740 dam
2003 2691 2272 2760 appictum
2315 2690 2397 2742 sit.
2430 2722 2507 2731 —-
2537 2688 2755 2742 Nodum
2790 2689 2835 2739 in

1843 2770 2016 2839 scirpo
2036 2788 2269 2839 quarere
2288 2769 2607 2839 Doeringius
2624 2768 2755 2820 mihi
2777 2766 2836 2817 vi·

1844 2848 2016 2911 detur,
2049 2866 2279 2919 namque
2319 2867 2414 2918 per
2454 2866 2508 2899 se
2539 2849 2669 2901 satis
2697 2866 2836 2916 expe·

1842 2926 1951 2979 dita
1979 2928 2150 2980 oratio
2169 2926 2437 2999 procedit,
2457 2945 2565 2997 qua
2594 2928 2710 2980 veri
2732 2926 2838 2977 ami·

1843 3007 1980 3057 citiae
2005 3019 2057 3057 et
2076 3006 2268 3058 amoris
2289 3025 2471 3058 sensus
2494 3007 2837 3077 proferantur.

1844 3084 1989 3149 Quid
2016 3086 2154 3136 enim
2177 3124 2192 3148 ,
2217 3104 2386 3156 quum
2413 3104 2513 3156 pro
2542 3086 2716 3137 amico
2736 3095 2837 3135 vot·

1843 3164 2253 3234 nuncupaveris,
2273 3164 2436 3235 magis
2453 3163 2522 3216 ad
2548 3181 2839 3235 expromun-

1844 3241 1963 3294 dam
1988 3244 2269 3296 affectuum
2301 3244 2407 3297 vim
2434 3244 2605 3308 valet,
2626 3262 2782 3314 quam
2804 3243 2836 3292 si

1846 3335 1898 3373 et
1937 3324 2093 3374 rebus
2133 3324 2258 3393 ipsis
2282 3364 2296 3387 ,
2334 3341 2563 3395 quarum
2597 3340 2725 3376 cum
2764 3321 2840 3372 illo

1846 3402 2006 3454 fueris
2026 3403 2313 3472 particeps,
2339 3414 2392 3454 et
2418 3401 2482 3454 iis
2503 3420 2638 3472 quos
2670 3403 2757 3455 ine
2777 3399 2841 3451 di-

1847 3482 1973 3550 ligat
1991 3520 2005 3545 ‚
2031 3494 2079 3533 et
2108 3480 2171 3532 iis
2189 3518 2205 3542 ‚
2233 3481 2321 3551 qui
2356 3480 2453 3534 tihi
2486 3481 2636 3533 illum
2684 3480 2839 3534 conci·

1846 3561 2110 3623 liaverint,
2142 3572 2346 3630 gratum
2383 3573 2435 3612 et
2461 3561 2776 3613 benevolum
2799 3572 2842 3609 te

1848 3638 2185 3709 profitearis?
2211 3638 2441 3710 denique
2482 3657 2664 3691 nonne
2702 3641 2745 3691 is
2779 3650 2840 3688 est

1847 3719 2067 3771 amantis
2088 3719 2247 3771 animi
2267 3732 2444 3771 motus
2467 3719 2747 3783 naturalis,
2765 3728 2841 3776 ut,

1848 3797 2037 3871 siquid
2065 3797 2148 3850 cui
2170 3799 2346 3850 latum
2370 3799 2666 3868 optaverit,
2687 3796 2841 3851 statim

1847 3878 2060 3930 domina
2090 3918 2106 3939 ,
2165 3890 2286 3930 ante
2343 3896 2527 3930 omnes
2591 3876 2841 3929 carissima

1847 3958 2011 4009 ‘menti
2053 3970 2294 4009 occurrat
2331 3975 2448 4027 qun
2486 3969 2737 4010 votorum
2764 3972 2841 4004 ve·

1849 4037 1957 4088 niat
1987 4036 2040 4087 'm
2068 4049 2270 4107 partem
2285 4035 2310 4087 Ρ
2329 4035 2394 4087 Ν.
