2986 4935
694 431 838 501 359.

1198 420 1272 483 C.
1318 406 1755 480 VALERII
1812 395 2275 470 CATULLI

785 565 1112 633 Uxorem,
1148 564 1213 618 et
1246 558 1553 641 patruum
1598 533 1879 604 reddidit
1921 533 2414 620 Harpocratem.

685 668 885 760 Quod
918 661 1156 740 voluit,
1191 654 1343 723 fecit
1364 676 1378 716 τ
1400 672 1586 726 nam,
1618 638 1914 735 quamvis
1950 637 2236 702 inrumet
2273 631 2484 721 ipsum

792 777 987 842 Nunc
1030 775 1336 859 patruum
1357 810 1375 839 ,
1405 751 1679 821 verbum
1718 769 1852 813 non
1886 742 2080 809 faciet
2114 750 2405 832 patruus.

693 983 778 1050 jus
791 971 936 1026 verbi
957 982 1142 1019 eruere
1160 959 1324 1028 cupit,
1338 953 1487 1006 adeat
1517 945 1707 1002 Manat.

701 1056 766 1111 ad
796 1055 905 1106 Cic.
934 1046 1100 1117 Epist.
1128 1042 1271 1092 Fam.
1301 1035 1377 1086 IX
1397 1072 1411 1094 ,
1429 1052 1524 1091 υ,
1543 1048 1596 1099 p.
1619 1029 1710 1093 39,

704 1132 1014 1191 edit.Graev.
1037 1137 1086 1174 et
1110 1118 1333 1174 Bochare.
1359 1113 1575 1163 Hieroz.
1592 1110 1710 1176 1,p.

709 1217 835 1270 183.
862 1240 935 1249 —-
964 1203 1277 1270 Perdepsere,
1313 1191 1555 1244 manibus
1581 1186 1716 1239 subi-

705 1313 855 1367 gere,
882 1284 1116 1337 mollire:
1141 1277 1228 1330 hic
1255 1286 1486 1342 stuprare.
1517 1267 1583 1319 N.

792 1380 842 1434 A.
864 1369 1095 1419 Patremon
1115 1353 1322 1409 reddidit
1334 1352 1682 1419 Harpocratem
1698 1384 1711 1403 ,

710 1451 959 1505 nimirum
992 1456 1048 1493 ut
1080 1451 1297 1509 Ραῑτυιιε
1317 1472 1331 1495 ,
1361 1431 1502 1481 velut
1530 1422 1720 1478 silentii

713 1536 854 1585 Deus
885 1526 1247 1592 Harpocraten,
1276 1512 1436 1564 altum
1464 1508 1517 1558 in
1545 1506 1642 1556 hac
1665 1519 1722 1553 re

711 1616 818 1681 jam
839 1606 1046 1677 juberet
1065 1594 1326 1649 silentium
1341 1628 1356 1653 ,
1378 1605 1477 1639 uec
1501 1582 1723 1653 amplius

716 1678 1043 1759 objurgando
1085 1675 1332 1728 molestus
1364 1678 1510 1719 esset.
1536 1686 1614 1699 -
1639 1660 1723 1712 Fi-

717 1785 843 1840 gura
906 1754 1241 1829 Harpocratis
1270 1789 1286 1815 ,
1341 1762 1548 1800 summa
1601 1741 1729 1792 olim

724 1844 972 1916 religidne
1020 1839 1085 1889 ab
1125 1828 1385 1903 AEgyptiis
1428 1825 1482 1877 in
1526 1820 1732 1891 templis

724 1925 876 1981 Isidis
912 1935 962 1974 et
1003 1911 1267 1985 Serapidis
1294 1904 1536 1978 inprimis
1575 1899 1732 1962 culti,

725 2011 790 2059 ita
834 2006 940 2057 sere
986 1999 1038 2049 in
1077 1988 1430 2046 monumentis
1469 1981 1732 2034 veteribus

726 2102 961 2156 expressa
997 2072 1347 2145 conspicitur,
1382 2078 1441 2118 ut
1472 2060 1538 2114 nd
1577 2060 1733 2112 silen-

728 2168 856 2218 tium
899 2152 1235 2212 indicandum
1277 2165 1412 2201 unus
1449 2141 1736 2211 digitorum

729 2246 808 2296 ori
860 2239 1098 2293 admotus
1140 2232 1223 2282 vel
1268 2230 1491 2280 insertus
1539 2220 1624 2272 sit.
1661 2248 1740 2258 --

732 2328 905 2376 Exstat
931 2312 1206 2388 peculiaris
1225 2310 1278 2360 in
1303 2308 1436 2357 hanc
1459 2318 1569 2352 rem
1596 2296 1743 2348 libel-

1797 944 1909 1004 lus,
1934 955 2120 1008 magna
2151 930 2462 990 eruditionis
2495 927 2653 998 copi·
2684 943 2814 976 oon-

1799 1020 2025 1089 scriptus
2041 1053 2055 1072 .
2082 1013 2221 1068 Gish.
2252 1011 2428 1081 θηρσί
2445 1009 2777 1077 Harpocraten
2798 1044 2811 1062 ,

1801 1101 1893 1153 uhi
1937 1107 2126 1168 pra-,ter
2162 1090 2527 1164 perantiquam
2573 1086 2813 1153 imagun-

1803 1180 1972 1232 culam
1998 1184 2292 1244 argenteam
2317 1165 2567 1238 singulari
2589 1162 2769 1218 studio
2789 1180 2813 1211 a

1807 1261 2019 1328 Cupero
2035 1251 2350 1323 explicitam,
2363 1247 2539 1299 multu
2555 1244 2673 1297 alia
2688 1245 2820 1311 ejus·

1803 1338 1922 1392 dem
1955 1335 2051 1387 Dei
2078 1332 2256 1401 figurae
2291 1326 2534 1382 exhibita
2550 1363 2567 1390 ,
2591 1336 2676 1386 et,
2703 1339 2820 1391 que

1806 1416 1872 1469 ad
1919 1411 2190 1467 historiam
2230 1409 2392 1476 hujus
2422 1405 2516 1457 Dei
2550 1413 2819 1472 spectant,

1807 1496 2083 1565 diligenter
2097 1489 2316 1542 collecta
2331 1498 2382 1538 et
2398 1482 2672 1556 proposita
2683 1491 2818 1532 sunt.

1812 1574 1962 1628 Adde
1996 1573 2323 1624 Bur-mannum
2357 1564 2463 1617 Sec.
2494 1560 2563 1614 ed
2599 1558 2815 1613 Anthol.

1813 1656 1924 1710 111.
1955 1654 2061 1713 88,
2092 1662 2130 1701 t.
2165 1650 2221 1712 Ι,
2254 1666 2304 1717 p.
2335 1648 2474 1712 629.
2508 1640 2643 1695 630.

1900 1735 1951 1786 5.
1985 1730 2133 1799 Quod
2158 1726 2336 1786 voluit,
2358 1720 2630 1789 fecitshoc
2661 1715 2818 1770 modo

1819 1810 2143 1883 impetravit,
2169 1802 2315 1878 quod
2338 1803 2620 1871 impetrare
2643 1796 2824 1849 voluit.

1822 1927 1899 1936 —-
1940 1891 2165 1959 Quamvis
2212 1902 2309 1955 pro
2360 1877 2714 1951 quantumvis.
2752 1877 2828 1927 Ita

1823 1974 1989 2026 Plaut.
2013 1965 2319 2023 Menaechm.
2349 1962 2502 2025 11,2,
2524 1955 2824 2021 43‚Bacch.

1823 2054 1909 2113 11,
1955 2049 2019 2112 3,
2058 2047 2178 2100 105.
2228 2044 2466 2100 lut-umet,
2511 2035 2807 2090 ludificetur

1825 2133 1915 2185 Cf.
1950 2129 2124 2182 Carm.
2159 2121 2442 2175 XXXVII.
2470 2117 2538 2170 N.

1908 2215 1962 2262 6.
2007 2208 2149 2259 Hunc
2187 2214 2409 2272 patruum
2452 2215 2517 2249 ex
2553 2213 2662 2247 uno
2694 2189 2823 2244 cod.

1832 2288 2052 2360 protulit
2073 2298 2125 2337 et
2153 2278 2395 2353 probavit
2423 2275 2626 2329 Statius.

1281 2497 1812 2593 CARMEN
1905 2484 2289 2575 LXXV.

1519 2735 1624 2777 AD
1682 2722 2079 2774 LESBIAM.

745 2953 991 3014 Numa
1027 2947 1240 3030 potest
1272 2926 1506 2995 mulier
1538 2933 1792 2989 tantum
1832 2939 1900 2981 se
1933 2911 2150 2979 dicere
2179 2919 2460 2973 amatam

852 3053 1053 3123 Vere,
1090 3052 1403 3134 quantum
1446 3054 1479 3098 a
1522 3051 1660 3107 me,
1693 3021 1967 3101 Lesbia,
2011 3028 2258 3097 amata,
2303 3034 2446 3078 mea
2488 3033 2577 3075 es.

834 3246 1138 3315 Anc.Quod
1155 3247 1206 3298 in
1225 3239 1470 3296 Carmine
1480 3231 1686 3285 Lxxu
1696 3227 1763 3279 de

756 3355 931 3393 amore
954 3351 1050 3384 suo
1077 3345 1195 3396 erga
1221 3321 1459 3374 Lesbiam
1496 3326 1546 3365 et
1565 3309 1632 3362 de
1654 3311 1763 3379 ejus

756 3414 972 3491 perfidia
1006 3414 1352 3477 expresserat,
1395 3395 1531 3447 idem
1580 3393 1633 3442 in
1662 3389 1766 3439 hoc

757 3495 987 3552 carmine
1012 3508 1146 3540 nova
1178 3479 1423 3535 dictionis
1446 3472 1690 3523 varietate
1718 3479 1769 3518 et

759 3589 946 3632 ornatu
982 3564 1241 3638 exprimit.

848 3657 1026 3712 1—4.
1071 3647 1180 3696 Hos
1224 3650 1447 3710 quatuor
1484 3626 1769 3681 versiculos

761 3739 959 3810 priores
989 3769 1000 3784 .
1061 3726 1113 3774 in
1167 3718 1363 3787 antiqq.
1415 3707 1588 3765 codd.
1647 3716 1765 3775 post

761 3818 1093 3887 Epigramma
1120 3796 1430 3855 LXXXVI,
1460 3790 1740 3843 collocatos
1753 3823 1768 3846 ,

763 3900 866 3948 huc
890 3884 1154 3944 revocavit
1171 3877 1423 3947 Scaliger,
1444 3888 1626 3942 quem,
1650 3865 1768 3935 quia

764 3972 964 4045 egregie
986 3966 1060 4019 illi
1084 3980 1204 4015 cum
1226 3968 1451 4028 quatuor
1473 3943 1771 4021 posteriori·

761 4058 859 4106 bus
886 4047 1217 4115 conspirant,
1245 4035 1481 4108 plerique
1514 4024 1771 4079 recentio-

1849 3243 1967 3277 rum
2001 3219 2160 3273 secuti
2190 3229 2327 3270 sunt.
2366 3212 2621 3285 Inprimis
2633 3209 2844 3278 Vulpnu

1851 3302 2073 3354 mirifice
2085 3300 2189 3351 hoc
2202 3295 2417 3349 nomine
2430 3293 2631 3347 extollit
2640 3304 2844 3343 acumen

1854 3381 2133 3450 scaligeri,
2161 3390 2209 3429 et
2242 3376 2354 3428 hnc
2384 3386 2612 3442 quatuor
2639 3367 2845 3422 disticha

1855 3462 1936 3513 vel
1974 3460 2038 3512 ab
2079 3460 2196 3528 ipso
2241 3453 2454 3507 Catullo
2484 3453 2555 3505 ita
2587 3451 2848 3517 conjuncta

1856 3555 1908 3593 et
1930 3538 2215 3609 composita
2248 3534 2435 3593 fuisse,
2461 3531 2546 3582 vel
2570 3541 2706 3582 certe
2729 3525 2849 3576 Poe·

1858 3633 1960 3672 tam
1981 3657 1996 3683 ,
2024 3620 2065 3670 si
2094 3617 2160 3669 ab
2193 3613 2375 3665 inferis
2409 3610 2694 3667 excitetur,
2730 3606 2851 3657 hanc-

1859 3698 2172 3751 industriam
2201 3691 2448 3763 Scnligeri
2483 3707 2593 3743 non
2621 3685 2850 3755 depreca-

1857 3794 2033 3832 turum
2050 3774 2326 3828 existimat.
2336 3802 2415 3814 --
2427 3769 2498 3821 Et
2511 3785 2632 3820 sane
2646 3775 2854 3835 quatuor

1858 3857 2170 3931 posteriores
2209 3865 2349 3904 recte
2394 3847 2584 3917 integri
2624 3838 2854 3916 poematii

1863 3937 2280 4004 ἀποσπασμάτιον
2319 3927 2502 3981 haberi
2532 3933 2785 3997 poterant.

1946 4037 1994 4068 ο.
2036 4016 2189 4073 Vere,
2222 4029 2286 4063 ex
2319 4008 2509 4061 intimo
2535 4016 2761 4077 pectore.
