2986 4935
866 471 1315 541 CARMEN
1375 472 1627 538 xc11.
1883 456 1889 461 ’
2125 474 2264 567 371

348 607 481 670 Aut
520 626 714 696 posse
756 625 797 669 a
836 604 1019 696 'turpi
1066 617 1354 671 mentem
1401 603 1701 671 inhibere
1744 603 2031 697 probi-03

239 707 373 778 Sed
404 708 584 803 quod
615 732 738 777 nec
766 722 1079 796 matrem,
1106 734 1229 779 nec
1259 733 1643 804 germanam
1674 734 1814 778 esse
1845 710 2152 779 videbam
2258 745 2279 779 s

349 819 540 884 Hanc
582 815 736 901 tibi,
772 816 1009 909 quojus
1051 841 1158 884 me
1203 841 1482 911 magnus
1520 815 1758 885 edebat
1798 840 2007 886 amor.

234 923 329 990 Et
369 923 672 1015 quamvis
709 935 931 993 tecum
970 920 1181 992 multo
1225 927 1665 1018 conjungerer
1698 949 1856 1009 usu;

345 1031 501 1097 Non
539 1029 694 1098 satis
731 1027 799 1096 id
833 1053 1047 1098 causae
1083 1029 1495 1098 credideram
1533 1055 1673 1099 esse
1710 1030 1851 1098 tibi.

235 1137 342 1202 Tu
379 1136 535 1203 satis
578 1134 644 1203 id
684 1133 872 1203 duxti
906 1149 1209 1204 :tantum
1251 1136 1368 1204 tibi
1412 1136 1728 1230 gaudium
1774 1138 1841 1204 in
1883 1137 2063 1204 omni

347 1238 559 1335 Culpa
598 1256 728 1330 est,
764 1243 832 1311 in
864 1266 1260 1337 quacunque
1296 1257 1397 1311 est
1439 1241 1684 1337 aliquid
1727 1241 2011 1313 sceleris.

119 1472 241 1506 rem
288 1466 683 1507 constantemve
731 1466 990 1524 putarem.
1017 1479 1039 1500 ι
1097 1455 1164 1507 N.
1256 1455 1330 1506 sic
1345 1472 1503 1525 supra
1515 1454 1693 1508 Carm.
1711 1455 1939 1512 XXXV,
1965 1474 1987 1507 1
2003 1454 2031 1509 5
2052 1474 2066 1509 :
2087 1482 2108 1503 ι
2127 1456 2281 1528 Ignes

210 1541 270 1597 4.
303 1533 416 1586 Aut
443 1533 552 1586 scil.
591 1531 736 1605 quod
768 1545 818 1584 te
851 1546 1122 1603 putarem·
1256 1534 1563 1586 interiorem
1595 1533 1759 1586 edunt
1791 1533 2098 1589 medullam.
2119 1561 2140 1581 ι
2173 1537 2282 1591 Ubi

210 1615 267 1667 5.
288 1612 393 1665 Sed
407 1633 554 1686 neque
575 1613 708 1684 quod
726 1613 781 1664 in
806 1611 954 1666 editt.
979 1613 1161 1668 Parth.
1254 1613 1324 1665 de
1349 1614 1454 1666 hoc
1480 1613 1739 1685 loquendi
1770 1634 1867 1666 usu
1901 1617 2138 1686 exempla
2163 1618 2282 1670 col-

120 1696 286 1747 Voss.
307 1686 485 1746 Graev.
507 1705 558 1746 et
572 1693 688 1745 aliis
703 1733 718 1757 ,
737 1690 828 1745 sed
846 1694 1014 1745 multo
1033 1712 1161 1745 con·
1251 1694 1377 1763 legit
1409 1693 1669 1747 Muretus.
1693 1693 1821 1747 vid.
1851 1694 1979 1749 Stat.
2009 1695 2063 1747 h.
2093 1696 2129 1749 l.

119 1775 427 1827 cinniorem
460 1773 751 1826 orationem
779 1771 955 1825 reddit
985 1786 1161 1826 nostra
1336 1776 1386 1827 8.
1418 1775 1533 1825 Non
1560 1778 1679 1825 satis
1711 1775 1767 1826 id
1793 1794 1983 1838 causoe,
2014 1794 2124 1827 non
2154 1794 2278 1846 gra-

119 1852 292 1906 lectio
316 1890 330 1912 ,
373 1871 405 1905 a
451 1852 692 1906 Guarino
736 1854 939 1923 prolata
964 1890 977 1910 ‚
1033 1865 1083 1905 et
1130 1871 1159 1904 a
1257 1871 1375 1905 vem
1412 1866 1729 1925 turpemque
1761 1854 1881 1906 satis
1912 1873 2144 1907 causam.

120 1933 298 1986 Statio
325 1933 545 2004 aliisque
572 1934 808 2003 probata.
1333 1952 1388 2001 9.
1429 1933 1635 1984 Indu-xli
1676 1952 1776 2004 pro
1819 1934 2054 1985 induxisti
2098 1935 2282 1987 vitiose

203 2015 258 2064 6.
286 2015 477 2082 Quojus
497 2033 569 2063 me
588 2032 789 2082 magnus
806 2012 977 2064 edebat
995 2032 1159 2063 amor:
1257 2013 1310 2063 in
1348 2010 1474 2064 edit.
1512 2012 1779 2065 Parthenii
1814 2026 1865 2064 et
1894 2013 2051 2065 MSS.
2083 2013 2209 2067 Stat.

743 2230 1278 2317 CARMEN
1343 2230 1656 2317 XCII.

960 2469 1064 2512 DE
1126 2465 1441 2512 LESBIA.

230 2665 497 2730 LEsmA
525 2659 617 2726 mi
653 2658 812 2727 dicit
847 2682 1107 2751 semper
1142 2655 1350 2742 male,
1388 2680 1511 2725 nec
1548 2673 1721 2726 tacet
1760 2684 2046 2754 unquam

339 2769 447 2835 De
489 2790 642 2834 me:
676 2764 915 2833 Lesbia
954 2789 1090 2843 me,
1134 2762 1539 2857 dispeream,
1585 2766 1709 2833 nisi
1753 2781 1948 2834 amat.

228 2876 392 2962 Quo
434 2870 667 2966 signo?
701 2873 887 2965 quasi
934 2862 1067 2938 non
1111 2869 1382 2938 totidem
1430 2895 1581 2937 mox
1621 2870 1944 2963 deprecor
1989 2872 2076 2941 illi

202 3099 350 3148 Aac..
368 3096 579 3146 Mutuas
598 3094 736 3145 inter
763 3112 816 3144 se
840 3106 889 3143 et
914 3092 1152 3143 Lesbiam
1328 3090 1358 3141 3
1384 3129 1401 3152 ‚
1436 3098 1486 3154 4.
1525 3092 1617 3143 Cui
1653 3111 1743 3159 ego
1765 3131 1778 3152 ‚
1817 3096 1954 3164 quasi
1988 3093 2150 3145 eadem
2184 3097 2264 3147 vi-

111 3178 261 3231 rixas
300 3175 473 3228 mutui
510 3174 706 3226 amoris
736 3172 945 3242 signum
981 3183 1155 3224 censet
1243 3170 1372 3224 tiose
1389 3170 1618 3223 inlibris
1643 3170 1794 3224 MSS.
1820 3185 1872 3224 et
1895 3170 2020 3226 edit.
2045 3174 2264 3228 Parthe-

111 3255 580 3311 emissimum.-
592 3251 841 3321 Eiusdem
860 3251 1157 3322 argumenti
1241 3250 1334 3303 nii.
1366 3283 1448 3293 -—
1484 3253 1596 3320 Quo
1650 3254 1790 3321 signo
1812 3258 1841 3301 Ρ
1906 3257 2046 3323 quasi
2099 3255 2262 3308 eadem

113 3351 193 3390 est
248 3335 597 3405 Epigramma
636 3332 953 3396 LXXXIII,
1007 3328 1152 3401 quod
1241 3329 1453 3403 Gryph.
1485 3331 1681 3384 Muret.
1706 3364 1784 3374 ·-
1817 3332 1929 3400 Quo
1957 3329 2141 3403 bigne?
2171 3356 2262 3387 ea-

110 3417 261 3471 mr,
1243 3410 1348 3462 dem
1367 3411 1560 3463 totidem
1582 3411 1637 3463 in
1658 3409 1772 3463 aliis
1794 3424 1919 3465 teste
1938 3412 2167 3467 Mureto.
2182 3446 2263 3457 -

199 3516 259 3550 2.
292 3494 574 3565 Dispaeream
592 3533 608 3556 ,
635 3513 706 3543 me
725 3494 816 3544 nisi
834 3491 1005 3544 Lesbia
1020 3504 1153 3543 amat
1246 3492 1357 3559 Quo
1398 3495 1541 3560 signo
1577 3511 1672 3563 qua
1711 3495 1786 3543 sin
1831 3492 2022 3544 totidem
2063 3496 2264 3565 reperit

112 3577 169 3630 ia
199 3573 362 3631 editt.
412 3571 658 3645 plurimis
685 3591 702 3637 ς
744 3570 837 3624 sed
867 3590 1026 3643 quem
1053 3591 1151 3625 nos
1239 3569 1434 3624 Statius
1456 3572 1514 3623 in
1538 3571 1703 3625 veteri
1732 3571 1871 3624 libro
1900 3573 2090 3637 Gellii,
2114 3575 2259 3645 apud

110 3655 287 3710 secuti
326 3671 506 3708 snmus
539 3654 827 3706 verborum
868 3651 1142 3713 ordinem,
1236 3669 1397 3721 quem
1411 3646 1485 3711 (v.
1507 3664 1616 3703 not.
1642 3642 1760 3716 inf.)
1780 3652 1927 3705 locus
1940 3666 2114 3705 noster
2131 3654 2260 3723 legi.

110 3750 223 3789 tam
252 3751 440 3787 verm
473 3733 691 3785 ultimus
710 3770 727 3796 ‚
762 3750 921 3802 quam
965 3750 1148 3784 omnes
1235 3742 1346 3794 tux-3
1365 3728 1506 3783 unde
1525 3731 1613 3783 ille
1631 3731 1941 3800 eonjiciebat
1964 3734 2075 3800 Quo
2091 3736 2261 3802 signo?

109 3815 241 3870 libri
269 3811 429 3866 MSS.
467 3812 598 3866 Stat.
637 3811 986 3874 confirmant;
1015 3828 1142 3863 mu·
1233 3813 1372 3881 quasi
1401 3814 1524 3861 enim
1547 3829 1566 3861 .·
1587 3809 1678 3864 sed
1704 3811 1898 3863 rectius
1930 3830 1993 3863 ex
2021 3832 2114 3876 qua
2147 3818 2250 3874 sin,

109 3908 257 3949 tatu·
290 3893 383 3947 ille
409 3891 464 3944 in
501 3890 822 3945 editionibus
853 3903 975 3944 vett.
1014 3909 1141 3941 ver·
1232 3889 1435 3942 ratione
1469 3890 1737 3960 scripturae
1769 3889 2073 3961 compendii
2101 3891 2256 3945 habi-

107 3974 319 4030 borum
344 3970 483 4025 ordo
509 3970 659 4026 haud
682 3970 845 4024 dubie
879 3971 1146 4041 profectus
1234 3982 1284 4022 ta
1307 4008 1325 4035 ‚
1369 3968 1594 4040 refingas
1637 3973 1776 4040 quase·
1819 3989 1951 4031 non,
1995 3983 2048 4023 et
2087 3971 2159 4024 sic
2199 3991 2254 4024 se

112 4068 189 4107 est
212 4059 287 4108 ab
318 4052 501 4123 aliquo
525 4091 541 4115 ‚
570 4051 665 4123 qui
703 4051 860 4104 vellet
884 4068 1141 4103 numero-
1233 4048 1485 4121 reperisse
1528 4048 1582 4100 in
1637 4049 1853 4103 vetustis
1898 4048 2049 4102 libris
2096 4050 2257 4105 Gellii

114 4152 239 4188 rum
267 4132 528 4204 rhythmo
559 4131 851 4185 consulere.
1234 4128 1307 4183 ait
1338 4129 1598 4198 Scaliger,
1640 4148 1800 4199 quem
1833 4148 1955 4182 cum
1974 4130 2175 4202 Vulpio
2208 4146 2265 4186 et

1815 4234 1944 4323 24²
