2986 4935
1009 472 1593 530 PRAEFA'rio.
2151 473 2334 527 xvu

234 587 435 677 ditio
468 592 650 679 vati
687 587 1150 701 deficeret,
1202 620 1502 678 naevos
1539 586 1947 676 versibus
1992 590 2333 709 insper-

238 771 364 827 sos
408 737 664 828 facile
714 771 1252 860 persuasum
1287 735 1669 851 habeaS,
1724 739 1796 826 si
1844 758 2187 826 tersum
2242 759 2332 826 et

236 884 597 974 nitidum
654 907 747 975 et
801 888 1241 1010 exquisita
1293 882 1810 974 urbanitate
1866 883 2338 975 conditum

239 1034 547 1160 ubique
584 1035 946 1127 dicendi
984 1069 1268 1162 genus
1306 1034 1843 1126 consideres,
1876 1039 2211 1126 Utrum
2242 1039 2338 1124 in

236 1217 331 1275 eo
382 1185 1049 1306 jucunditatem
1113 1185 1728 1276 inaffectatam
1797 1186 2344 1313 elegantissi-

235 1368 646 1461 mamque
677 1337 1343 1460 simplicitatem
1378 1339 1666 1462 magis
1696 1336 2198 1450 admireris,
2223 1369 2340 1425 an

244 1487 961 1577 emendationem
981 1487 1554 1577 illaboratam
1570 1559 1592 1601 ,
1616 1489 1763 1575 vix
1798 1487 1973 1576 dici
2012 1509 2336 1610 potest.

230 1636 454 1751 Quid
491 1658 803 1728 autem
829 1637 1167 1728 laboris
1194 1639 1583 1728 tolerare
1609 1658 1970 1761 poterat
1997 1635 2345 1727 facetis-

228 1787 485 1877 simus
522 1787 680 1877 ille
706 1763 1428 1911 voluptariorum
1466 1788 1948 1877 hominum
1978 1787 2343 1901 sodaliS,

228 1937 358 2024 cui
385 1938 689 2026 omnis
724 1937 1167 2027 industria
1190 1970 1297 2026 eo
1335 1936 1798 2059 spectabat
1818 2006 1841 2051 ,
1861 1959 1966 2026 ut
1997 1938 2345 2026 solutus

225 2090 461 2175 omni
509 2120 736 2179 cura
779 2086 1267 2213 gauderet?
1310 2090 1734 2178 Carmina
1779 2121 1886 2175 ex
1921 2086 2160 2176 illius
2198 2121 2348 2209 pe·

225 2256 498 2353 ctore,
528 2241 796 2364 quasi
832 2272 934 2328 ex
977 2258 1292 2361 aperto
1332 2235 1620 2352 fonte,
1659 2258 1765 2326 ut
1802 2270 2154 2352 amore,
2188 2257 2345 2326 aut

218 2388 340 2477 ira
362 2459 384 2501 ,
418 2409 583 2480 aut
624 2391 943 2514 quovis
973 2386 1308 2479 affectu
1339 2408 1903 2478 commotum
1936 2408 2164 2503 erat,
2202 2387 2348 2477 vel

216 2535 715 2628 effluebant
735 2538 1158 2652 molliter,
1174 2538 1314 2627 vel
1344 2541 1692 2660 impetu
1713 2536 2340 2660 erumpebant.

218 2689 438 2779 Vere
474 2691 884 2812 poeticas
922 2691 1202 2778 animi
1238 2687 1493 2778 dotes
1533 2722 1584 2777 a
1612 2708 1950 2777 natura
1975 2690 2347 2777 sortitus

215 2859 444 2953 erat3
497 2838 740 2927 nihil
793 2860 985 2927 erat
1030 2842 1128 2927 in
1175 2836 1584 2927 sensibus
1633 2858 1819 2926 tam
1859 2838 2347 2927 vehemens

210 3009 295 3076 et
322 2988 675 3079 elatum
695 3059 719 3102 ‚
749 2987 975 3077 nihil
1014 2991 1110 3076 in
1138 2986 1411 3077 rebus
1442 3009 1633 3077 tam
1667 2987 2006 3113 grande
2043 3009 2133 3076 et
2163 3021 2350 3077 ma-

206 3139 698 3263 gnificum,
738 3135 990 3262 quod
1026 3137 1174 3226 ille
1220 3158 1309 3226 et
1349 3137 1835 3263 cogitando
1873 3141 2223 3262 assequi
2262 3159 2350 3226 et

204 3287 604 3379 dicendo
673 3291 1172 3410 exprimere
1237 3322 1427 3377 non
1488 3289 1853 3377 valeret.
1928 3287 2101 3379 Sed
2170 3323 2348 3412 qua

199 3437 684 3530 marcebat
730 3472 1017 3563 usque
1062 3436 1602 3550 desidiosuS,
1644 3436 1939 3527 obfuit
1985 3439 2351 3564 ingenio

195 3589 662 3700 luxurieS,
721 3609 811 3676 et
861 3608 1181 3676 natum
1232 3584 1346 3675 ad
1392 3589 1798 3712 ingentia
1851 3589 2089 3675 inter
2134 3586 2357 3675 ludi-

194 3773 348 3828 cra
402 3737 835 3827 detinuit.
886 3740 1100 3825 Haec
1156 3757 1289 3824 est
1344 3769 1651 3848 causa,
1702 3770 1865 3826 cur
1916 3739 2357 3827 inventio-

186 3892 331 3979 nis
363 3910 469 3979 et
500 3888 1188 4009 compositionis
1220 3885 1481 3976 laude
1511 3891 1889 3977 omnino
1921 3890 2312 3976 caruerit
2332 3959 2352 3998 ‚

186 4037 629 4161 partibus
677 4035 1046 4162 quidem
1103 4033 1852 4160 perfectissimUS,
1902 4059 1994 4126 at
2050 4036 2356 4125 infelix

187 4191 512 4314 operis
557 4220 965 4302 summa,
1010 4187 1364 4312 quoties
1402 4190 1638 4275 intra
1682 4208 2113 4312 angustos
2155 4222 2361 4311 poe-
