2986 4935
598 523 694 593 92

1120 501 1194 568 C.
1235 499 1675 567 VALERII
1731 499 2207 567 CATULLt

705 634 861 699 Haec
895 654 1098 725 quum
1143 629 1318 725 legas
1340 685 1358 718 ,
1389 645 1533 698 tum
1580 629 1789 699 bellus
1827 628 1932 699 ille
1969 645 2035 698 et
2070 630 2365 698 urbanus

701 738 1047 823 Suffenus,
1085 763 1257 806 unus
1294 735 1781 832 caprimulgus,
1813 752 1929 805 aut
1968 736 2180 806 fossor
2701 785 2744 809 ,η

704 847 959 913 Rursus
994 845 1256 912 videtur
1287 871 1299 911 :
1339 860 1597 912 tantum
1637 845 1988 923 abhorret,
2027 869 2105 913 ac
2143 859 2373 913 mutat.

707 955 853 1020 Hoc
889 951 1044 1044 quid
1083 966 1391 1044 putemus
1436 950 1628 1019 esse?
1661 952 1774 1045 qui
1811 950 2013 1019 modo
2059 975 2284 1021 scurra
2307 1006 2325 1039 ,

709 1062 838 1124 Aut
884 1060 935 1126 si
981 1057 1137 1150 quid
1180 1058 1307 1125 hac
1348 1083 1419 1126 re
1465 1060 1718 1141 tritius,
1752 1058 2134 1145 videbatur,

706 1164 892 1232 Idem
940 1165 1206 1233 inficeto
1243 1180 1341 1233 est
1388 1164 1713 1232 inficetior
1745 1190 1932 1250 rure,

705 1268 912 1338 Simul
956 1286 1261 1365 poemata
1304 1272 1521 1364 attigit
1559 1297 1573 1336 :
1616 1296 1831 1364 neque
1873 1272 2047 1339 idem
2081 1294 2375 1364 unquam
2700 1305 2743 1343 .5

709 1378 917 1469 AEque
959 1391 1057 1445 est
1093 1377 1358 1464 beatus,
1402 1402 1479 1444 ac
1522 1403 1759 1471 poema
1803 1403 2010 1471 quum
2056 1379 2322 1462 scribit3

703 1486 865 1551 Tam
901 1484 1144 1577 gaudet
1181 1486 1245 1552 in
1292 1509 1402 1570 se,
1442 1499 1709 1579 tamque
1756 1512 1824 1554 se
1869 1487 2007 1579 ipse
2052 1485 2349 1552 miratur.

684 1723 735 1771 9.
765 1704 885 1754 Tum
904 1702 1072 1753 hellus.
1092 1700 1294 1772 Lepide
1312 1715 1360 1754 et
1376 1701 1625 1772 graphice

603 1782 840 1853 depingit
874 1783 1042 1834 bellum
1076 1784 1304 1833 hominem
1327 1784 1484 1834 Mart.
1517 1783 1625 1844 III,

607 1863 677 1916 63
699 1902 712 1927 ,
735 1866 787 1914 in
807 1863 1070 1916 Cotilum:
1104 1864 1336 1924 «Cotile,
1358 1862 1507 1913 hellus
1531 1862 1627 1912 ho-

604 1962 693 1994 mo
718 1961 796 1994 es:
830 1940 1012 1994 dicunt
1041 1943 1144 1995 hoc
1162 1979 1177 2005 ‚
1216 1944 1416 2005 Cotile,
1449 1941 1622 1992 multi.

603 2022 807 2074 Audio:
837 2022 926 2074 sed
951 2021 1080 2094 quid
1107 2024 1202 2087 sit,
1226 2021 1313 2074 dic
1337 2022 1462 2073 mihi
1480 2061 1495 2085 ,
1527 2021 1626 2071 bel-

602 2105 673 2154 tus
698 2105 851 2154 homo.
884 2105 1049 2154 Bellus
1072 2104 1209 2153 homo
1231 2114 1320 2165 est,
1353 2100 1518 2153 flexos
1536 2102 1626 2171 qui

602 2182 791 2253 digerit
816 2183 1005 2236 ordine
1033 2184 1201 2236 crines
1224 2201 1236 2235 :
1272 2182 1507 2233 Balsama
1536 2181 1629 2251 qui

603 2281 825 2333 semper,
848 2265 1088 2315 cinnama
1112 2282 1318 2334 semper
1337 2261 1471 2325 olet;
1492 2262 1628 2312 Can·

604 2342 707 2394 tica
731 2344 819 2411 qui
837 2344 964 2406 Nili,
984 2343 1075 2413 qui
1096 2341 1354 2394 Gaditana
1379 2354 1627 2403 susurrat;

608 2422 714 2486 Qui
752 2435 927 2474 movet
960 2423 1011 2474 in
1047 2423 1216 2474 varios
1249 2420 1460 2472 brachia
1485 2421 1628 2472 volsa

604 2502 809 2554 modos,
825 2528 845 2548 ι
869 2504 1083 2562 Caetera,
1116 2502 1156 2553 si
1191 2501 1356 2557 lubet,
1380 2499 1525 2569 apud
1548 2501 1629 2570 ip-

603 2599 718 2632 sum
739 2580 876 2632 vide.
901 2583 990 2632 Ille
1007 2599 1128 2632 cum
1147 2580 1382 2651 emphasi
1402 2579 1629 2650 quadam

605 2674 750 2712 notat
778 2663 1004 2730 aliquem
1034 2666 1139 2730 Jam
1181 2679 1275 2730 per
1305 2679 1358 2710 se
1390 2661 1508 2710 satis
1542 2679 1633 2710 no·

605 2740 868 2793 tum.Vid.
894 2740 1226 2792 Brouckhus.
1258 2738 1326 2791 ad
1350 2740 1549 2792 Tibull.
1579 2741 1628 2801 1,

606 2826 637 2882 4
657 2858 671 2883 ,
703 2840 790 2891 19.

693 2921 775 2954 ιο.
812 2902 944 2953 Unus
964 2901 1303 2971 caprimulgus,
1326 2900 1381 2951 h.
1408 2917 1453 2951 e.
1475 2900 1632 2969 plane

604 2993 653 3032 et
679 2994 903 3051 quantus
917 2994 1143 3051 quantus
1170 2993 1264 3033 est.
1292 2980 1633 3050 Caprimulgus

606 3063 841 3132 proprie,
860 3062 950 3133 qui
973 3079 1153 3130 capras
1171 3060 1383 3130 mulget.
1400 3092 1479 3102 —
1500 3060 1635 3110 Fru-

602 3153 704 3193 stra
722 3183 738 3205 ,
767 3154 825 3193 ut
847 3142 1066 3212 opinor,
1094 3141 1296 3192 laborat
1324 3138 1559 3192 Handius
1581 3152 1633 3190 et

601 3234 873 3291 argutatur
900 3239 1031 3272 voce
1057 3241 1177 3271 unus
1210 3219 1519 3289 explicanda
1538 3258 1552 3281 ,
1582 3231 1633 3270 et

601 3303 739 3352 male
772 3301 1034 3370 Vulpium
1072 3298 1319 3360 damnat,
1353 3299 1443 3369 qui
1471 3317 1633 3368 expo-

601 3382 708 3435 nit:
742 3381 935 3452 quidam
963 3380 1301 3449 caprimulgus.
1334 3378 1482 3429 Idem
1515 3399 1631 3429 unus

607 3460 754 3533 quod
783 3461 958 3530 aliquis
987 3458 1131 3529 apud
1168 3459 1335 3510 Plaut.
1369 3458 1546 3509 Aulul.
1580 3459 1631 3520 1,

559 3554 572 3577 ”1
616 3564 662 3600 ι,
685 3542 783 3605 38,
805 3539 968 3591 Stich.
992 3540 1089 3599 IV,
1123 3558 1174 3602 1,
1202 3537 1295 3601 32,
1323 3550 1374 3590 et
1400 3536 1510 3589 Cic.
1533 3538 1630 3606 ips.

604 3619 703 3676 lo‘c.
717 3639 875 3692 quem
893 3617 1131 3670 Handius
1153 3631 1210 3669 ut
1231 3618 1357 3670 huic
1383 3617 1498 3669 voci
1524 3618 1631 3669 vim

608 3700 958 3773 emphaticam
1008 3697 1257 3762 adderet,
1301 3698 1472 3750 attulit
1526 3694 1544 3757 (
1565 3696 1632 3748 de

609 3786 758 3835 Orat.
785 3783 842 3844 1,
880 3798 949 3847 ²9
983 3804 1005 3825 ι
1026 3779 1119 3849 qui
1151 3778 1286 3830 sicut
1315 3795 1452 3827 unus
1481 3790 1633 3846 pater

609 3863 779 3915 milias
792 3861 877 3912 his
896 3858 965 3912 de
992 3859 1152 3911 rebus
1179 3858 1385 3928 loquor.
1408 3881 1427 3900 »ι
1458 3857 1528 3908 N.

574 3947 578 3951 ’
693 3961 715 3994 1
736 3961 782 3994 1.
807 3943 887 3995 Ac
911 3951 1048 3991 nutat
1075 3939 1267 3990 Muret.
1290 3968 1367 3978 —-
1387 3936 1628 3988 Abhorret

607 4024 715 4076 scil.
747 4024 814 4073 ab
842 4021 961 4083 illa,
990 4037 1148 4091 qnam
1175 4036 1285 4088 prae
1314 4035 1365 4068 se
1397 4015 1621 4077 ferebat,

606 4102 913 4155 urbanitate.
950 4100 1148 4158 Mutat}
1178 4098 1231 4150 h.
1274 4116 1320 4148 c.
1357 4109 1622 4149 mutatur:

605 4181 906 4253 saepiuscule
940 4179 1082 4232 enim
1112 4179 1215 4231 hoc
1238 4179 1458 4232 verbum
1490 4174 1625 4229 οὐδε-

1716 1706 1866 1773 τέρως
1913 1715 2213 1773 usurpatur.
2250 1703 2445 1755 Praeter
2485 1702 2744 1772 Vulpium

1714 1781 1782 1834 ad
1810 1783 1864 1834 h.
1898 1783 1935 1834 l.
1964 1781 2070 1834 vid.
2105 1784 2250 1835 Cort.
2277 1780 2345 1834 ad
2379 1782 2587 1834 Sallust.
2612 1783 2745 1833 Bell.

1713 1863 1961 1932 Jugurth.
2001 1863 2298 1914 XXXVIII
2315 1903 2329 1925 ,
2377 1880 2442 1914 10
2459 1902 2473 1922 ,
2520 1875 2572 1914 et
2614 1880 2748 1933 quos

1717 1941 1895 1994 laudat
1920 1943 2217 1995 Drackenb.
2253 1940 2320 1994 ad
2349 1943 2468 1994 Liv.
2498 1943 2614 2005 ΠΙ,
2654 1961 2745 2001 xo,

1717 2034 1752 2074 t.
1790 2024 1849 2085 1,
1881 2043 1935 2093 p.
1975 2023 2100 2092 577.

1806 2122 1885 2154 12.
1919 2103 2021 2171 Qui
2055 2101 2193 2153 modo
2225 2120 2390 2152 scurra
2408 2140 2423 2168 ,
2474 2101 2673 2153 facetus
2699 2114 2750 2153 et

1716 2180 1886 2234 dicax.

1805 2280 1825 2312 1
1840 2261 1868 2313 3
1879 2303 1890 2313 .
1907 2262 1964 2314 Si
1975 2261 2095 2333 quid
2103 2261 2193 2312 Ιιαε
2206 2281 2255 2312 re
2271 2263 2450 2312 tristius
2466 2278 2749 2331 perperam

1720 2342 1772 2391 in
1791 2343 1988 2412 antiqq.
2007 2340 2321 2412 quibusdam
2341 2338 2424 2392 ed.
2439 2371 2520 2380 —
2534 2339 2751 2392 Handio

1720 2441 1826 2473 non
1862 2423 2111 2474 assentior
2143 2422 2232 2492 qui
2263 2420 2531 2473 restituere
2566 2424 2751 2472 tristius

1722 2516 1942 2554 conatur
1973 2516 2023 2553 et
2049 2521 2211 2572 prave
2241 2500 2519 2570 detorquet
2557 2501 2754 2553 Catulli

1721 2583 2042 2633 sententiam.
2060 2580 2163 2633 Sed
2178 2600 2349 2652 neque
2367 2581 2655 2650 Doeringio
2668 2600 2753 2632 ne-

1723 2680 1825 2731 que
1852 2663 1966 2713 aliis
1993 2663 2337 2713 concesserim
2354 2662 2443 2711 lmc
2458 2680 2508 2710 re
2535 2661 2754 2730 subjun-

1723 2740 1955 2810 gendum
1984 2741 2358 2812 comparativo.
2381 2740 2527 2805 Quin
2554 2741 2752 2791 subau-

1726 2820 1805 2872 dis
1831 2827 1878 2872 in
1897 2861 1911 2885 ,
1937 2835 1987 2873 ct
2010 2821 2078 2873 ita
2101 2820 2406 2872 constituis:
2432 2820 2473 2870 si
2502 2818 2633 2890 quid
2672 2824 2755 2870 tri-

1725 2905 1836 2965 tius,
1859 2921 1955 2953 usu
1979 2899 2225 2953 edoctum
2258 2900 2437 2970 magis,
2460 2900 2515 2951 in
2549 2899 2652 2953 hac
2678 2918 2753 2962 re,

1723 3000 1793 3033 sc.
1813 2993 1923 3032 arte
1942 2978 2116 3050 lepide
2135 2994 2185 3032 et
2200 2981 2361 3032 facete
2377 2978 2651 3049 loquendi.
2678 2982 2755 3031 Ita

1725 3059 1948 3114 Ovidius
1985 3061 2229 3114 voculam
2263 3065 2313 3111 in
2345 3058 2522 3111 omisit
2557 3077 2571 3111 :
2604 3060 2756 3112 «toti-

1725 3140 1955 3212 demque
1980 3141 2143 3210 plagae
2166 3136 2265 3201 (in)
2290 3139 2475 3191 tellure
2494 3157 2756 3209 premun-

1725 3235 1828 3273 tur.
1854 3247 1874 3266 υ
1910 3220 2125 3272 Metam.
2159 3221 2211 3284 I,
2253 3221 2344 3280 48.
2372 3219 2436 3270 Ν.
2468 3251 2547 3261 —
2579 3220 2695 3271 Aac
2714 3223 2758 3270 .ςὶ

1724 3302 1843 3372 qnid
1864 3302 1952 3351 Ιιαε
1972 3321 2022 3350 re
2046 3302 2202 3350 tritius
2221 3340 2235 3361 ,
2268 3299 2532 3369 eleganter
2556 3317 2569 3349 :
2598 3312 2694 3351 aut
2716 3300 2758 3350 si

1723 3381 1842 3450 quis
1860 3379 2019 3448 magis
2037 3378 2214 3432 adbuc
2231 3396 2412 3430 scurra
2430 3378 2640 3429 urbano
2658 3379 2756 3431 tri·

1724 3473 1807 3512 tus
1834 3472 1884 3511 et
1910 3460 2151 3511 subactus
2173 3459 2319 3529 quasi
2342 3470 2416 3509 est
2435 3457 2490 3508 in
2509 3458 2755 3528 loquaci·

1725 3552 1844 3591 tate.
1886 3540 2065 3592 Scurra
2112 3551 2289 3589 autem
2331 3537 2621 3589 honestiori
2663 3539 2758 3590 illo

1724 3638 1875 3670 sensu
1893 3660 1906 3683 ‚
1940 3637 2097 3688 quem
2124 3618 2354 3688 primum
2378 3616 2609 3669 habebat
2628 3655 2643 3677 .
2675 3619 2759 3670 in-

1724 3697 2092 3769 terpretandus
2111 3696 2338 3749 videtur.
2363 3726 2443 3736 —
2466 3697 2551 3749 Cf.
2580 3698 2757 3750 Plaut.

1722 3777 1880 3849 Epid.
1900 3781 1945 3842 1,
1963 3796 2012 3842 1,
2034 3797 2055 3829 1
2072 3779 2288 3843 3‚Most.
2315 3778 2368 3841 1,
2396 3793 2442 3837 1,
2477 3795 2496 3828 1
2513 3783 2544 3840 4
2561 3815 2578 3841 ,
2598 3777 2757 3829 Trin.

1722 3861 1774 3923 1,
1801 3880 1863 3920 α,
1898 3858 2025 3911 165.
2057 3856 2277 3911 Curcul.
2309 3856 2400 3922 Π,
2427 3856 2491 3913 3,
2520 3874 2617 3927 17.
2643 3857 2715 3909 N.

1806 3957 1827 3989 1
1842 3938 1892 3990 5.
1910 3938 2086 4001 Simul,
2101 3936 2352 3999 simulac,
2372 3949 2432 3988 ut
2449 3938 2760 3991 sexcenties.

1806 4037 1891 4087 17.
1945 4019 2064 4070 Tam
2084 4017 2268 4087 gaudet
2291 4019 2340 4067 ἱη
2360 4036 2426 4069 se.
2455 4016 2763 4070 Commode

1715 4097 1930 4149 laudant
1965 4098 2150 4149 Horat.
2192 4095 2353 4166 Epist.
2392 4096 2443 4146 11
2465 4136 2480 4157 ,
2516 4114 2570 4160 ο,
2613 4115 2726 4167 ¹07
2749 4115 2762 4147 :

1723 4204 1743 4225 ι
1766 4175 2011 4231 Gaudent
2027 4178 2327 4241 scribentes»,
2349 4188 2397 4228 et
2425 4194 2479 4226 se
2497 4194 2765 4230 veneran-
