2986 4935
970 449 1414 520 CARMEN
1470 449 1672 515 LIV.

2241 443 2374 539 157

867 674 1423 763 CARMEN
1507 674 1757 760 LIV.

1051 909 1151 952 AD
1201 907 1607 953 CAESAREM.

579 1101 903 1167 O‘rnoms
937 1111 1137 1190 caput
1171 1095 1414 1189 oppido
1449 1094 1751 1188 pusillum
1773 1149 1790 1179 ,

583 1204 802 1284 Vetti,
833 1206 1106 1286 rustice,
1140 1199 1475 1269 semilauta
1513 1226 1740 1286 crura,

577 1307 830 1378 Subtile
871 1325 936 1377 et
971 1307 1113 1376 leve
1151 1307 1441 1401 peditum
1482 1308 1785 1393 Libonis,

578 1417 646 1482 Si
694 1440 826 1482 non
869 1417 1121 1494 omnia,
1156 1411 1501 1505 displicere
1540 1412 1769 1482 vellem

577 1522 762 1606 Tibi,
798 1535 864 1589 et
900 1524 949 1588 F
952 1520 1164 1589 uffitio
1207 1520 1345 1588 seni
1384 1535 1670 1587 recocto.

332 1732 472 1776 Ano.
504 1723 830 1775 Urbanitatis
855 1736 905 1775 et
933 1724 1134 1775 honesti
1155 1742 1272 1774 sen·

253 1823 369 1856 snm
410 1801 682 1875 abjudicat
713 1804 934 1866 Caesari,
973 1821 1129 1872 quem
1172 1822 1274 1854 una

255 1900 382 1935 cnm
422 1901 546 1935 sene
586 1881 801 1934 Fuffitio
846 1881 1085 1935 homines
1118 1901 1273 1952 quos-

255 1959 382 2013 dam
406 1960 702 2024 deformes,
722 1959 993 2023 sordidos,
1018 1974 1068 2012 et
1093 1963 1273 2013 obsce·

257 2042 418 2092 nosin
434 2038 636 2093 deliciis
646 2040 839 2092 habere
858 2040 1173 2092 intellexerat
1182 2072 1272 2092 .--

255 2119 393 2171 Tres
421 2120 582 2190 primi
607 2138 786 2171 versus
816 2120 949 2171 male
979 2119 1033 2170 in
1063 2119 1274 2188 quibus-

258 2196 384 2250 dam
435 2197 752 2250 editionibus
790 2197 1112 2251 antecedenti
1162 2218 1271 2252 car-

259 2277 394 2331 mini
419 2278 604 2330 annexi
630 2291 766 2330 sunt.

352 2376 399 2409 ι.
451 2358 532 2409 Ex
568 2357 801 2409 versibus
840 2356 995 2427 hujus
1029 2359 1273 2427 poematii

258 2456 370 2489 non
425 2436 523 2489 nisi
578 2436 793 2507 Sibyllae
852 2437 1273 2508 interpretatione

257 2536 468 2569 sensum
507 2517 734 2588 aliquem
779 2517 892 2569 elici
934 2535 1084 2586 posse
1125 2531 1271 2587 puta·

260 2596 390 2648 hant
419 2596 656 2648 Muretus
675 2637 691 2660 ,
713 2597 928 2649 Vossius
954 2610 1003 2647 et
1029 2596 1151 2659 alii;
1181 2595 1270 2649 sed

261 2676 523 2747 profecto,
548 2688 603 2728 ut
625 2695 766 2728 nunc
785 2676 861 2727 illi
882 2676 1142 2745 leguntur,
1164 2676 1272 2727 sine

260 2754 475 2824 Sibylla
506 2754 683 2807 afflatu
715 2756 768 2806 in
803 2774 986 2806 eorum
1027 2755 1271 2826 mysteria

260 2846 536 2906 penetrare
570 2853 846 2905 possumus
858 2853 874 2899 ;
911 2853 1086 2886 sensus
1115 2836 1273 2886 totius

259 2914 647 2985 epigrammatis
662 2912 798 2965 redit
816 2914 923 2966 fere
943 2932 1035 2965 eo:
1065 2913 1146 2965 «O
1169 2914 1274 2965 Cae-

261 3012 347 3045 aar
378 2989 620 3053 [rustice],
660 3006 880 3062 agrestes
919 2994 1072 3063 plane
1103 3012 1271 3045 mores

260 3073 472 3125 sectaris
515 3085 565 3125 et
603 3073 671 3123 ab
709 3073 999 3125 urbanitate
1038 3086 1088 3124 et
1122 3091 1272 3124 sensu

263 3152 472 3222 pulchri
532 3150 872 3203 alienissimus
923 3170 977 3204 es
1007 3183 1085 3192 —-
1111 3171 1229 3203 nam
1256 3190 1271 3214 ,

264 3231 508 3301 quamvis
541 3249 648 3281 non
696 3231 872 3284 omnia
915 3243 965 3281 et
1009 3231 1267 3301 quaelibet,

261 3324 401 3364 certe
421 3324 598 3362 tamen
615 3307 902 3361 admodum
925 3310 1174 3379 pusillum
1194 3328 1273 3362 ca·

263 3402 361 3461 put
405 3389 662 3452 Othonis,
703 3388 844 3440 Vetti
881 3390 1173 3458 squalorem
1221 3402 1274 3441 et

260 3470 594 3540 spurcitiam,
611 3467 848 3519 caninam
871 3468 1090 3519 Libonis
1107 3469 1272 3537 impu-

260 3548 526 3609 dentiam,
550 3547 648 3600 tibi
673 3554 728 3599 ‘et
753 3546 967 3599 Fuffitio
998 3546 1273 3618 displicere

261 3629 485 3692 vellem3
517 3626 687 3680 sentio
721 3625 937 3696 quidem
957 3665 973 3693 ,
1001 3640 1051 3678 te
1069 3665 1085 3691 ,
1119 3628 1274 3679 unice

261 3706 465 3775 Cesar,
514 3708 705 3759 iterum
751 3706 938 3759 iambis
979 3706 1108 3758 meis
1143 3705 1276 3758 indi·

254 3801 539 3858 gnatorum
574 3804 715 3851 esse,
747 3783 835 3836 sed
864 3805 969 3837 non
1009 3799 1277 3838 merentur

260 3867 489 3920 veritatis
513 3867 827 3937 interpretes
853 3865 987 3917 hanc
1017 3878 1158 3917 tuam
1195 3865 1274 3917 in-

255 3944 632 4015 dignationem.
659 3971 681 3990 ·
725 3976 804 3987 -
845 3944 965 3997 Post
1005 3945 1179 4015 oppido
1221 3945 1274 3996 in

252 4025 572 4097 quibusdam
600 4037 722 4076 vett.
753 4022 898 4077 editt.
926 4022 1141 4077 additur
1166 4037 1237 4075 est
1257 4045 1274 4075 .-

250 4104 396 4177 qnod
434 4104 578 4159 haud
619 4102 784 4158 dubie
821 4104 1075 4157 intrusum
1110 4117 1184 4155 est
1209 4105 1276 4156 ab

1362 1722 1466 1772 illis
1484 1759 1500 1783 ,
1525 1721 1617 1793 qui
1651 1740 1844 1775 nexum
1881 1724 2125 1777 carminis
2156 1746 2262 1779 non
2293 1746 2377 1780 ca-

1361 1814 1559 1870 pereut.

1445 1900 1472 1931 s
1487 1918 1497 1929 .
1522 1880 1620 1932 Hic
1637 1882 1876 1932 versusin
1896 1881 2212 1952 quibusdam
2231 1883 2375 1938 editt.

1360 1972 1478 2030 post
1524 1973 1825 2030 sequentem
1873 1959 2088 2012 demum
2138 1965 2375 2033 ponitur,

1358 2037 1503 2108 quod
1527 2039 1682 2090 etiam
1705 2041 1844 2091 salva
1871 2041 2123 2092 sententia
2148 2043 2259 2095 sieri
2280 2063 2376 2113 po-

1359 2130 1469 2170 test.
1512 2118 1772 2169 Caeterum
1807 2119 1895 2170 hic
1935 2138 2145 2190 quoque
2176 2141 2371 2184 versus,

1360 2211 1414 2248 ut
1443 2210 1612 2249 totum
1641 2216 1870 2261 carmen,
1897 2198 2061 2250 varias
2095 2201 2291 2252 formas
2323 2204 2376 2254 in

1359 2289 1482 2327 vett.
1511 2275 1658 2328 editt.
1693 2275 1895 2340 induit;
1928 2278 1978 2329 in
2010 2280 2377 2334 vetustioribus

1358 2356 1468 2408 sine
1498 2374 1647 2407 sensu
1674 2355 1862 2426 legitur
1884 2374 1896 2407 :
1927 2356 2003 2407 At
2025 2377 2081 2408 en
2104 2363 2274 2410 rustice
2298 2363 2374 2414 vel

1360 2438 1548 2487 rusticae
1569 2465 1644 2477 --
1667 2436 1794 2487 Heri
1817 2439 1987 2488 rustice
2016 2436 2224 2510 Gryph.
2255 2441 2374 2493 Mu·

1358 2527 1455 2567 ret.
1485 2517 1535 2565 E
1538 2519 1603 2566 tri
1621 2521 1796 2567 rustica
1822 2517 2066 2585 semiplota
2090 2540 2227 2571 crura
2251 2522 2374 2574 Sca-

1359 2596 1444 2662 lig.
1475 2596 1624 2646 Voss.
1654 2610 1703 2648 at
1730 2596 1783 2647 iu
1811 2596 1931 2649 libr.
1964 2598 2077 2650 MS.
2103 2613 2227 2652 teste
2248 2602 2380 2653 Vos-

1357 2676 1435 2725 sio
1477 2674 1668 2743 legitur
1706 2677 1824 2726 Em·
1856 2677 1940 2727 vel
1988 2678 2190 2743 Veteri,
2236 2679 2376 2732 unde

1361 2753 1575 2805 Vossius
1622 2754 1770 2806 finxit
1814 2768 2043 2808 nostram
2095 2759 2372 2812 lectionem

1363 2834 1530 2882 Vetti!
1562 2833 1613 2884 in
1638 2833 1752 2885 aliis
1780 2846 1854 2885 est
1876 2836 1987 2885 Pati
2014 2837 2092 2887 vel
2124 2839 2252 2889 Peri.
2284 2840 2374 2891 Est

1357 2913 1410 2965 in
1445 2913 1499 2956 V
1491 2915 1653 2963 ettium
1678 2913 1810 2982 epig.
1841 2913 2016 2967 Carm.
2044 2918 2134 2983 98.

1441 2992 1492 3044 3.
1523 2991 1696 3043 Sabell.
1730 3005 1778 3042 et
1808 2993 1892 3043 lev.
1921 2995 2032 3060 ped.
2066 2995 2171 3045 Lib.
2201 2998 2373 3066 crepi-

1359 3083 1469 3123 tum
1491 3070 1716 3134 ventris3
1739 3067 1943 3140 ποςὸήν.
1970 3072 2181 3125 Solebat
2201 3088 2374 3127 autem

1357 3152 1452 3202 iste
1510 3168 1729 3219 spurcus
1784 3152 1946 3202 homo
2005 3170 2376 3224 usquequaque

1358 3229 1616 3299 ejusmodi
1648 3248 1890 3282 nasorum
1933 3245 2131 3301 pestem
2166 3232 2377 3287 clancu-

1356 3309 1469 3360 luin
1498 3309 1748 3361 emittere.

1443 3395 1492 3449 4.
1522 3388 1623 3438 Sed
1644 3408 1738 3439 non
1768 3389 1957 3441 Mutet.

1444 3467 1496 3519 5.
1517 3467 1730 3533 Suffecio
1744 3468 1929 3519 Venet.
1953 3469 2162 3539 Gryph.
2186 3471 2379 3526 Muret.

1362 3548 1518 3616 plane
1541 3548 1612 3597 sic
1638 3547 1836 3599 variant
1862 3547 1983 3601 libri
2014 3547 2157 3619 apud
2181 3551 2295 3603 Liv.
2322 3553 2373 3603 in

1361 3626 1466 3678 hoc
1498 3626 1712 3678 nomine
1739 3627 1766 3676 1
1786 3665 1801 3690 ,
1834 3628 1903 3680 23
1923 3665 1938 3690 ‚
1974 3629 2064 3679 ubi
2097 3620 2219 3681 vide
2252 3633 2379 3682 Dra-

1364 3705 1686 3758 ckenborch.
1716 3725 1768 3775 p.
1796 3709 1885 3773 98.
1909 3707 1992 3760 sic
2020 3726 2174 3777 supra
2201 3711 2380 3763 Carm.

1365 3786 1550 3848 XVII,
1579 3803 1600 3834 1
1619 3804 1664 3845 1,
1688 3804 1786 3855 pro
1807 3787 2010 3853 Suffino
2033 3787 2088 3838 in
2115 3790 2381 3842 nonnullis

1360 3865 1551 3935 legitur
1577 3865 1805 3933 Fussem.
1825 3898 1904 3907 —
1923 3866 2039 3919 Seni
2063 3881 2261 3920 recocto.
2289 3869 2379 3921 Se-

1363 3963 1462 3996 nex
1500 3957 1705 3995 recoctus·
1742 3943 1912 3997 dictus
1937 3944 2150 3997 videtur
2184 3947 2255 4009 is,
2286 3951 2376 4017 qui

1363 4043 1539 4075 rerum
1560 4066 1574 4085 ‚
1623 4026 1675 4076 iu
1711 4026 1902 4095 quibus
1932 4024 2025 4077 diu
2052 4026 2377 4096 multumque

1364 4104 1583 4173 agitatus
1629 4118 1679 4155 et
1708 4105 1867 4173 longo
1898 4122 2077 4156 earum
2112 4124 2206 4155 usu
2236 4111 2381 4178 quasi
