2986 4935
736 426 875 496 128

1251 438 1326 504 C.
1367 437 1801 505 VALERII
1859 439 2328 510 CATULLI

1249 675 1791 766 CARMEN
1866 677 2344 766 XXXIX.

1509 913 1587 956 [N

1645 913 2089 958 EGNATIUM.

939 1099 1340 1182 Ecum-ms,
1374 1101 1558 1193 qnod
1588 1099 1903 1170 candidos
1946 1101 2145 1172 habet
2181 1104 2444 1190 denteS‚

943 1207 1226 1275 Renidet
1268 1230 1739 1301 usquequaque
1772 1233 1937 1276 :.seu
1967 1208 2052 1276 ad
2088 1212 2182 1278 rei
2217 1227 2485 1282 ventum
2522 1230 2623 1283 est

935 1313 1366 1397 subsellium,
1396 1339 1602 1408 quum
1637 1329 1863 1383 orator
1897 1317 2137 1384 excitat
2173 1313 2436 1405 fletum,

935 1421 1224 1489 Renidet
1256 1419 1363 1489 ille
1397 1447 1411 1487 :
1449 1446 1567 1489 seu
1603 1422 1694 1514 pii
1730 1419 1813 1487 ad
1858 1447 2095 1516 rogum
2136 1421 2231 1491 fili

937 1530 1263 1621 Lugetur‚
1303 1527 1468 1595 orba
1502 1551 1708 1620 quum
1748 1527 1863 1594 flet
1897 1529 2165 1598 unicum
2208 1546 2450 1617 mater,
2833 1561 2852 1596 s

939 1632 1224 1702 Renidet
1266 1632 1372 1702 ille
1411 1660 1428 1701 ε
1463 1632 1780 1728 quidquid
1822 1648 1956 1720 est,
1994 1635 2369 1730 ubicunque
2415 1653 2552 1723 est,

934 1740 1400 1834 Quodcunque
1436 1741 1608 1834 agit,
1641 1739 1915 1809 renidet.
1956 1744 2150 1812 Hunc
2193 1742 2396 1813 habet
2431 1745 2783 1832 morbum,

808 1954 946 2004 Ano.
976 1951 1289 2022 Egnatium,
1313 1952 1586 2003 hominem
1617 1950 1747 2002 stul-

728 2045 842 2084 tum
860 2045 911 2085 et
931 2032 1170 2103 ineptum
1189 2031 1430 2101 exagitat,
1450 2030 1564 2101 qui,
1583 2048 1749 2100 quum

727 2128 789 2163 ex
814 2130 962 2165 more
991 2111 1180 2181 patri0,
1208 2111 1488 2162 Celtiberis
1511 2110 1753 2180 proprio,

728 2190 976 2243 dentibus
995 2192 1147 2243 urina
1164 2189 1404 2260 quotidie
1426 2191 1549 2242 lotis
1565 2201 1616 2242 et
1636 2208 1751 2259 per·

729 2271 908 2341 politis
927 2269 1208 2324 candorem
1228 2270 1511 2323 conciliare
1528 2267 1751 2322 studuis-

731 2363 834 2412 set,
866 2367 1240 2420 usquequaque
1255 2388 1268 2409 ,
1296 2365 1354 2402 ut
1370 2348 1554 2401 dentes
1574 2347 1750 2400 candi·

733 2428 830 2483 dos
867 2441 1150 2482 ostentaret
1170 2465 1186 2492 ,
1227 2446 1324 2481 nec
1354 2429 1453 2482 loci
1484 2446 1580 2481 nec
1611 2440 1745 2480 tem-

732 2510 876 2581 poris
913 2509 1116 2560 ratione
1150 2507 1327 2559 habita
1343 2548 1357 2571 ‚
1400 2510 1454 2559 in
1503 2526 1560 2559 re
1602 2509 1746 2579 gravi

731 2606 880 2659 oeque
912 2608 970 2641 ac
1007 2587 1178 2648 tristi,
1210 2585 1383 2639 ridere
1415 2588 1631 2641 solebat.
1664 2589 1746 2640 Ab

730 2670 834 2721 hoc
855 2668 1016 2739 igitur
1032 2668 1212 2738 inepto
1239 2681 1289 2720 et
1311 2667 1619 2738 importuno
1640 2668 1747 2719 risu

732 2767 951 2801 avocare
970 2745 1143 2799 studet
1155 2747 1446 2811 bominem,
1462 2764 1525 2797 ex
1540 2765 1596 2797 ea
1614 2766 1747 2816 prat-

727 2829 885 2900 cipue
902 2826 1104 2881 ratione
1119 2863 1134 2886 ‚
1157 2825 1301 2897 quod
1317 2865 1330 2889 ‚
1357 2845 1463 2896 quo
1481 2825 1750 2879 candidio·

729 2926 813 2962 res
838 2918 889 2958 et
912 2906 1249 2977 expolitiores
1279 2908 1388 2977 ejus
1413 2905 1596 2958 dentes
1626 2907 1749 2969 sint,

730 3007 796 3040 eo
819 2986 939 3058 plus
954 2986 1120 3038 urinae
1139 3004 1259 3038 eum
1283 2986 1476 3038 bibisse
1496 2984 1748 3038 indicent.

730 3101 811 3110 -—
832 3066 1025 3119 Catulli
1051 3066 1268 3117 rivalem
1294 3066 1447 3116 fuisse
1465 3067 1747 3134 Egnatium

729 3159 947 3219 apparet
972 3164 1033 3197 ex
1061 3144 1310 3197 Carmine
1334 3146 1604 3196 XXXVII
1620 3185 1635 3210 ,
1655 3144 1747 3197 ubi

727 3230 835 3299 jam
876 3225 1077 3276 notavit
1125 3226 1238 3294 ejus
1275 3236 1546 3293 stuporem
1582 3245 1634 3278 v,
1678 3243 1743 3296 17

726 3324 839 3379 sqq.
861 3335 940 3347 —-
960 3305 1222 3374 Compara
1258 3322 1377 3355 cum
1413 3305 1608 3356 Nostro
1638 3307 1747 3373 jam

727 3403 759 3439 a
799 3386 1010 3437 Mureto
1049 3383 1262 3435 allatum
1300 3383 1475 3435 locum
1516 3382 1750 3437 Alexidis

726 3464 936 3519 Comici
964 3460 1106 3533 apud
1133 3463 1440 3515 Athenaeum
1469 3463 1562 3515 lib.
1592 3463 1745 3529 xm,

727 3544 823 3597 ubi
841 3545 980 3595 inter
1006 3541 1129 3593 alias
1154 3542 1490 3595 meretricum
1509 3555 1644 3595 artes
1660 3563 1743 3596 re·

723 3624 826 3677 fert
861 3640 875 3675 τ
927 3648 949 3669 ιι
972 3623 1168 3690 Εὐφυιῖς
1212 3617 1418 3681 ὀδόντας
1466 3623 1608 3689 ἔσχεν
1631 3642 1645 3686 ;
1695 3625 1743 3686 ἐξ

725 3705 940 3775 ἀνάγκης
980 3697 1060 3753 δεῖ
1093 3704 1276 3770 γιλᾷν,
1320 3692 1405 3753 iva
1441 3705 1654 3770 θεωροῖεν
1700 3704 1741 3755 οἱ

720 3785 960 3853 παρόντες
1001 3784 1058 3833 τὸ
1089 3782 1256 3850 στόμ’,
1292 3783 1356 3841 ὡς
1392 3781 1576 3850 κομψόν
1613 3787 1745 3851 φορεῖ

722 3877 820 3917 etc.
847 3889 868 3909 ι
909 3860 996 3914 cui
1021 3858 1158 3913 adde
1175 3858 1336 3911 Ovid.
1360 3862 1474 3913 Art.
1500 3863 1618 3913 Am.
1640 3863 1741 3926 111,

722 3963 831 4013 ²79
862 3960 1007 4013 seqq·

804 4042 854 4074 a.
887 4020 1118 4081 Rem'det,
1145 4017 1387 4072 renidere
1411 4022 1517 4089 jam
1544 4033 1645 4072 est:
1680 4042 1737 4072 os

718 4100 944 4153 ridendo
992 4100 1063 4150 ita
1115 4096 1396 4160 diducere,
1446 4111 1503 4150 ut
1556 4097 1737 4151 dentes

1836 1948 1991 2020 [quos
2013 1951 2187 2005 Graeci
2210 1952 2336 2005 inde
2352 1957 2638 2024 γελασίνους
2655 1968 2855 2020 vocant,

1834 2030 2019 2082 Pollux
2057 2032 2142 2094 11,
2183 2051 2230 2084 c.
2276 2040 2344 2098 4,
2372 2033 2508 2089 Sect.
2545 2033 2674 2104 91,]
2722 2036 2857 2089 reni·

1834 2108 1992 2161 deant
2008 2122 2060 2162 et
2078 2112 2382 2182 effulgeant.
2396 2146 2476 2155 —
2496 2114 2855 2187 Usquequaque,

1832 2188 1887 2241 h.
1920 2209 1966 2241 e.
1993 2191 2180 2260 quovis
2207 2205 2448 2263 tempore
2474 2206 2527 2245 et
2550 2196 2668 2247 loco
2686 2235 2705 2258 ‚
2733 2214 2855 2267 qua·

1832 2269 1908 2320 vis
1939 2270 2242 2335 occasione;
2281 2273 2547 2342 eleganm·
2586 2292 2719 2327 mox
2750 2276 2857 2346 ipae

1831 2348 1966 2400 hanc
1998 2350 2311 2419 particulam
2344 2353 2757 2407 circumscribit.
2782 2386 2854 2398 -

1830 2427 1936 2480 Pro
1952 2448 2033 2481 seu
2051 2426 2118 2481 ad
2131 2428 2400 2483 vitandam
2421 2429 2746 2505 diphthongi
2766 2433 2858 2487 eli·

1829 2508 2029 2561 sionem
2053 2510 2107 2561 in
2129 2510 2233 2562 hoc
2261 2523 2313 2563 et
2335 2525 2524 2581 quarto
2550 2531 2710 2566 versu
2725 2515 2856 2567 Vos·

1830 2587 1936 2639 sius
1965 2588 2089 2659 legit
2118 2593 2175 2641 si.

1912 2666 1963 2719 3.
1988 2669 2224 2719 Subsellia
2244 2669 2299 2721 in
2319 2669 2535 2741 judiciis
2560 2683 2685 2724 sunt
2711 2672 2857 2725 sedes

1826 2744 2065 2816 judicum
2108 2760 2160 2799 et
2192 2761 2539 2818 patronorum
2576 2752 2857 2824 utriusque

1830 2828 2008 2897 partis.
2026 2826 2153 2878 vid.
2174 2828 2383 2881 Ernesti
2403 2830 2550 2882 Clav.
2574 2830 2695 2883 Cic.
2729 2850 2771 2883 s.
2800 2832 2857 2884 b.

1831 2925 1881 2958 v.
1903 2904 2004 2959 Sed
2025 2906 2259 2960 hocloco
2278 2910 2380 2960 reis
2399 2927 2614 2980 quoque
2630 2912 2856 2964 sabama

1831 2985 2171 3056 assignantur.
2200 3019 2280 3028 —
2316 2989 2504 3040 Fletum
2539 2993 2754 3043 excitare
2789 2988 2857 3042 de

1831 3065 2114 3118 miserabili
2153 3064 2363 3118 dicendi
2404 3085 2593 3137 genere
2635 3071 2855 3123 misera-

1829 3144 2009 3196 biliter
2039 3145 2269 3216 explicat
2295 3147 2346 3200 V
2349 3147 2545 3218 ulpius.

1914 3224 1967 3277 5.
2003 3225 2180 3276 Unicus
2184 3224 2326 3294 filius
2345 3229 2451 3296 jam
2470 3239 2548 3279 est
2565 3240 2856 3299 μονογενὴς.

1831 3314 1890 3355 ut
1913 3304 2152 3356 acerbior
2170 3305 2342 3358 luctus
2358 3306 2705 3377 exprimatur,
2729 3309 2856 3361 alias

1829 3382 1940 3435 fere
1973 3388 2137 3435 unicus
2168 3396 2244 3436 est
2278 3386 2569 3457 ἀγαπητὸς,
2608 3385 2857 3441 dilectus.

1910 3466 1965 3515 6.
2002 3464 2255 3536 Quidquid
2295 3477 2394 3527 est,
2445 3486 2477 3517 u
2514 3469 2529 3480 “
2650 3488 2706 3519 ue
2746 3480 2849 3529 est,

1826 3543 2133 3613 quodcunque
2151 3548 2259 3611 agie
2275 3577 2354 3586 —
2370 3564 2452 3597 seu
2472 3546 2542 3597 ad
2565 3550 2637 3598 rei
2656 3559 2857 3600 ventum

1826 3633 1898 3673 est
1917 3623 2021 3675 suh.
2042 3636 2143 3675 etc.
2167 3623 2222 3676 h.
2246 3641 2293 3677 e.
2317 3643 2409 3677 seu
2432 3624 2500 3677 ad
2525 3644 2737 3680 cauum
2760 3645 2857 3679 reo

1826 3720 1889 3753 ex
1917 3703 2174 3756 subselliis
2199 3701 2479 3756 dicendam
2510 3717 2726 3759 ventum
2756 3716 2855 3766 est,

1828 3782 1918 3833 ubi
1941 3800 2105 3835 causas
2131 3795 2395 3854 patronus·
2408 3783 2662 3837 orationis
2682 3786 2862 3855 gravi·

1825 3874 1930 3913 tate
1968 3879 2103 3933 saepe
2147 3862 2220 3917 ita
2250 3863 2489 3935 percellit
2520 3865 2721 3918 animos
2759 3863 2859 3917 ad-

1822 3941 2073 3995 stantium
2089 3980 2107 4004 ,
2135 3955 2196 3995 ut
2218 3943 2319 3995 sibi
2345 3962 2375 3996 a
2398 3941 2630 3997 lacrimis
2654 3956 2860 4013 tempe·

1825 4039 1940 4071 rare
1972 4035 2250 4090 nequeant.

1906 4120 1957 4167 7.
1999 4101 2145 4151 Hunc
2182 4101 2323 4151 habet
2355 4102 2562 4153 morbum
2583 4122 2600 4153 :
2635 4102 2859 4154 morbus
