2986 4935
893 470 1340 539 CARMEN
1397 473 1728 539 XCVII.

2235 468 2377 566 377

343 606 501 693 Quo
537 600 861 671 desiderio
897 617 1154 670 veteres
1190 627 1589 671 renovamus
1624 628 1912 688 τυποῖ-65,

451 712 668 803 Atque
709 707 866 777 olim
903 710 1171 794 amissas
1217 710 1450 778 flemus
1495 711 1848 795 amicitias;

344 822 544 885 Certe
586 842 722 884 non
763 830 951 884 tanto
987 841 1167 885 mors
1210 817 1564 884 immatura
1601 815 1813 885 dolori
1853 831 1950 884 est

453 922 824 1012 Quintilius,
859 937 1180 1016 quantum
1221 924 1463 1017 gaudet
1496 948 1722 991 amore
1761 939 1896 991 tuo,

230 1125 408 1195 pultis
438 1122 692 1175 Accidere
710 1163 725 1187 ,
752 1123 1014 1193 exsequiis
1034 1124 1260 1192 contigit

231 1223 401 1257 omne
451 1204 570 1256 tuis.
595 1229 617 1250 ι
661 1235 742 1243 -
786 1202 1027 1273 sepulcris
1082 1207 1222 1254 mutis
1240 1244 1255 1265 ‚

233 1286 451 1353 elegans
495 1295 548 1335 et
594 1280 765 1335 audax
805 1283 1084 1353 hypallage
1101 1323 1115 1349 ‚
1162 1303 1261 1354 pro

234 1364 492 1426 mortuis,
522 1375 582 1415 ut
614 1367 848 1414 amicitias
872 1382 929 1432 p.
965 1364 1164 1416 amicis·
1189 1364 1258 1415 N.

330 1463 356 1495 τι
366 1484 377 1493 .
400 1445 556 1513 Quom
566 1443 646 1495 vel
668 1443 789 1495 Cum
802 1443 1039 1494 desiciet-io
1050 1444 1260 1514 Gryph.

233 1525 439 1576 Muret.
465 1523 641 1575 Graev.
671 1535 723 1575 et
751 1524 837 1575 all.
867 1522 960 1575 sed
989 1536 1115 1575 teste
1138 1523 1261 1575 Sca-

232 1607 410 1675 ligero
427 1618 625 1655 veteres
644 1603 767 1654 libri
787 1617 891 1655 tam
909 1604 1088 1674 scripti
1102 1622 1263 1674 quam

235 1684 375 1737 editi
407 1695 612 1734 servant
646 1685 992 1752 Qum—Quo
1017 1683 1132 1737 scil.
1165 1682 1262 1734 do-

232 1767 374 1817 lore.
411 1794 493 1805 --
532 1763 785 1815 Desiderio
824 1777 1042 1834 propter
1079 1782 1262 1815 eorum

233 1841 590 1896 desiderium.

327 1930 377 1986 4.
406 1924 571 1993 Atque
593 1924 705 1973 olim
728 1926 892 1974 missas
916 1923 1052 1974 male
1067 1962 1080 1986 ,
1099 1935 1260 1993 puto,

234 2006 295 2056 in
332 2002 455 2056 edit.
488 2003 796 2069 Parthenii,
825 2003 1032 2073 Gryph.
1064 2003 1259 2055 Muret.

1350 1137 1402 1177 et
1425 1124 1576 1188 aliis;
1601 1128 1754 1175 missae
1782 1123 1924 1175 euim
1949 1122 2197 1176 amicitiae
2218 1135 2370 1179 sunt,

1350 1223 1480 1275 quas
1496 1203 1696 1256 diutius
1709 1204 1848 1255 alere
1868 1205 2128 1255 nolumus,
2151 1204 2375 1255 Secutus

1350 1285 1511 1354 igitur
1527 1302 1646 1335 sum
1659 1284 1927 1346 vossium,
1948 1284 2038 1353 qui
2058 1302 2087 1335 e
2102 1283 2373 1335 veteribus

1350 1365 1501 1416 libris
1530 1364 1765 1433 reposuit
1785 1366 2009 1426 amissas,
2040 1375 2093 1415 et
2114 1364 2191 1414 sic
2214 1375 2291 1415 est
2313 1363 2367 1414 in

1350 1444 1555 1515 aliquot
1583 1444 1730 1495 MSS.
1757 1443 1886 1495 Stat.
1909 1444 2128 1495 —Olim
2152 1447 2370 1505 amissas,

1352 1537 1524 1576 morte
1552 1524 1681 1575 olim
1720 1522 1965 1594 perditas.
1993 1528 2061 1574 At
2097 1523 2375 1575 Livineius

1353 1603 1623 1674 ingeniose
1653 1605 1766 1654 olim
1793 1603 1953 1654 trahit
1984 1600 2055 1654 ad
2080 1602 2335 1654 amicitias
2360 1642 2375 1665 ,

1354 1696 1404 1735 et
1433 1678 1625 1735 eodem
1651 1681 1815 1734 modo
1842 1683 2045 1734 dictum
2073 1695 2222 1752 putat
2253 1694 2314 1734 ut
2348 1699 2376 1733 a

1355 1763 1587 1833 Virgilio
1626 1777 1738 1813 ante
1772 1765 2032 1823 mulorum5
2063 1782 2094 1814 a
2122 1762 2377 1814 Terentio

1353 1864 1536 1913 semper
1577 1845 1783 1903 lenitas,-
1817 1864 1847 1896 a
1877 1843 2155 1912 Propertio
2198 1861 2378 1912 semper

1350 1927 1564 1975 amicitia
1590 1944 1611 1984 ;
1664 1942 1692 1974 a
1746 1923 1962 1974 Valerio
2026 1922 2216 1973 Flacco
2262 1923 2377 1972 olim

1350 2007 1499 2065 anni,
1530 2016 1580 2054 et
1609 2022 1640 2054 a
1668 2002 1866 2055 Graecis
1895 2004 1943 2054 αἱ
1975 2002 2132 2053 πάλαι
2165 2002 2331 2070 φιλίαι.

811 2178 1369 2303 CARMEN
1436 2214 1838 2301 XCVII.

1042 2444 1122 2490 IN
1180 2444 1599 2490 AEMILIUM.

352 2623 550 2706 Non,
592 2624 677 2689 ita
716 2649 821 2690 mo
866 2624 976 2689 Dii
1015 2636 1268 2708 ament,
1305 2623 1663 2716 quidquam
1701 2624 1948 2691 referre
1987 2626 2246 2716 putavi,

460 2731 792 2796 Utrumne
829 2755 902 2797 os
940 2754 1025 2796 an
1062 2727 1283 2797 culum
1324 2727 1677 2798 olfacerem
1712 2728 1990 2797 AEmilio.

352 2834 460 2903 Nil
502 2836 903 2903 immundius
940 2835 1102 2918 hoc,
1138 2834 1472 2930 nihiloque
1508 2837 1907 2904 immundius
1945 2834 2121 2903 illud.

330 3039 467 3088 Aac.
498 3037 572 3087 Os
615 3036 886 3106 impurum
929 3049 980 3086 et
1022 3033 1264 3086 deforme

240 3117 452 3170 AEmilii
469 3115 739 3186 cujusdam
756 3156 769 3180 ,
790 3116 881 3186 qui
901 3116 1052 3167 stulta
1066 3153 1080 3177 ,
1106 3134 1265 3184 quam

239 3197 317 3250 de
348 3197 586 3267 corporis
617 3196 696 3247 sui
723 3208 995 3249 venustate
1025 3195 1262 3258 fovebat,

241 3278 506 3348 opinione
532 3275 724 3328 ductus
747 3277 935 3328 multas
961 3276 1161 3345 puellas
1187 3295 1264 3326 se·

242 3357 380 3411 ctari
412 3357 643 3419 solebat,
680 3356 979 3426 petulanter
1013 3354 1266 3407 describit

242 3450 303 3489 et
331 3438 576 3507 exagitat.

340 3535 387 3567 1.
406 3517 683 3586 Quidquam
705 3518 899 3582 referre,
930 3514 1135 3585 aliquid
1166 3513 1267 3566 dis·

237 3595 487 3651 criminis
511 3597 771 3648 interesse.

336 3697 387 3728 a.
428 3677 596 3728 Utrum
629 3697 679 3726 os
703 3675 851 3727 MSS·
879 3676 1057 3739 Statii;
1092 3675 1263 3726 hiatus

239 3768 422 3819 certe,
460 3757 555 3827 qui
586 3756 684 3809 hac
712 3755 936 3807 lectione
967 3755 1158 3817 oritur,
1184 3755 1263 3805 of-

240 3833 467 3888 fendere
494 3834 626 3888 adeo
656 3837 879 3888 lectores
905 3836 958 3887 in
999 3835 1265 3905 epigram-

238 3928 386 3968 mate
435 3916 735 3968 Catulliano
784 3934 892 3966 non
942 3913 1113 3967 debet.
1163 3911 1266 3965 Sed

239 4010 378 4049 teste
406 3996 617 4048 Murcto
654 3996 882 4048 Utrumne
910 4015 1031 4047 vera
1063 4007 1139 4046 est
1177 4013 1265 4046 ve-

238 4090 423 4128 terum
502 4075 763 4128 librorum
847 4076 1123 4146 scriptura.
1188 4106 1267 4115 -·

248 4157 487 4208 Utrumne
518 4177 569 4208 os
605 4176 667 4207 an
697 4157 868 4208 culum.
906 4156 1132 4224 Scaliger
1162 4157 1265 4223 jam

1353 3035 1681 3105 comparavit
1731 3036 2070 3104 Epigramma
2127 3037 2375 3088 Nicarclii

1354 3117 1563 3179 XXIV,
1604 3116 1658 3165 in
1701 3116 1961 3167 Analectis
2016 3117 2159 3166 Vett.
2203 3116 2375 3168 Poett.

1354 3195 1449 3247 Gr.
1492 3194 1746 3245 Brunckii
1779 3208 1906 3246 tom.
1941 3197 2023 3258 ΙΙ,
2054 3214 2171 3265 pag.
2211 3195 2315 3247 355
2356 3216 2368 3245 ε

1362 3278 1479 3326 «Τὸ
1540 3277 1703 3344 στόμα
1750 3278 1824 3342 χὼ
1878 3278 2099 3344 πρωκτὸς
2154 3277 2373 3337 ταύτὸν,

1357 3351 1616 3423 Θεόδωρὲ,
1657 3375 1742 3406 σου
1772 3357 1897 3418 ὄζει,
1928 3339 2065 3407 flore
2106 3350 2374 3425 διαγνῶναι

1356 3439 1454 3494 τοῖς
1505 3439 1715 3504 φυσικοῖς
1765 3438 1908 3487 καλὸν
1961 3432 2038 3491 ἦν.
2089 3461 2108 3480 ›-
2165 3436 2375 3487 AEmc'lto

1357 3514 1565 3567 doctius
1596 3534 1696 3584 pro
1723 3515 1937 3567 AEmilii.

1441 3595 1490 3645 3.
1524 3596 1588 3645 In
1621 3594 1770 3647 MSS.
1805 3595 1954 3647 Statii
1983 3593 2186 3665 duplici
2215 3593 2375 3645 modo

1357 3676 1447 3726 hic
1515 3693 1694 3727 versus
1757 3676 2046 3737 scribitur;
2105 3674 2337 3743 primum
2359 3716 2372 3736 ‚

1362 3782 1384 3802 κ
1416 3752 1601 3806 Nihilo
1655 3753 1907 3806 mundius
1965 3756 2067 3806 hoc
2117 3754 2374 3823 nobisque

1354 3833 1684 3886 immundius
1699 3833 1832 3886 illud
1856 3853 1867 3886 :
1899 3861 1919 3880 ι
1942 3832 2164 3895 deinde,
2187 3833 2372 3883 «Mun-

1355 3912 1473 3965 dius
1514 3913 1626 3966 haec
1661 3915 1796 3965 nihil
1836 3927 1940 3975 est,
1974 3913 2231 3981 nobisque
2269 3914 2368 3963 im·

1354 3991 1608 4045 mundius
1639 3992 1791 4044 illud.
1820 4020 1841 4038 ι·
1874 3992 2139 4044 Posterius
2183 3994 2375 4061 probat

1357 4073 1575 4135 Statius,
1599 4073 1760 4124 modo
1787 4075 1886 4123 leoec
1917 4075 1967 4124 in
1998 4074 2084 4123 leoc
2105 4085 2373 4130 mutetur3

1359 4167 1407 4204 et
1437 4153 1510 4204 sic
1535 4167 1605 4204 est
1634 4154 1683 4203 in
1719 4150 1950 4224 editione
1982 4154 2143 4220 [theg.
2169 4166 2218 4204 et
2245 4154 2372 4204 Par-
