2986 4935
737 446 1190 516 CARMEN
1248 448 1708 516 LXXXIII.

2152 442 2300 513 363

371 587 519 651 Hoc
552 578 641 649 illi
673 580 858 648 fatuo
891 579 1178 647 maxima
1211 575 1430 653 laetitia
1464 594 1579 648 est.

262 689 487 774 Mule,
530 684 691 756 nihil
734 687 956 755 sentis.
1002 687 1067 754 Si
1114 689 1321 754 nostri
1364 686 1570 755 oblita
1617 699 1906 769 taceret,

369 799 544 865 Sana
587 809 795 863 esset:
825 792 1004 887 quod
1044 801 1221 860 nunc
1266 795 1501 887 gannit
1539 808 1607 861 et
1650 791 2066 886 obloquitur,

264 904 420 973 Non
457 902 673 972 solum
707 901 1045 981 meminit3
1081 898 1230 985 sed,
1263 924 1409 992 quae
1446 899 1656 968 multo
1689 901 1906 968 acrior
1934 914 2033 967 est
2063 923 2198 983 res,
2283 927 2303 961 s.

374 1014 553 1077 Irata
591 1024 691 1076 est
724 1032 737 1074 ε
772 1008 903 1076 hoc
947 1021 1078 1090 est,
1115 1006 1329 1073 uritur
1370 1022 1437 1074 et
1481 1005 1790 1100 loquitur.

157 1222 202 1274 si
239 1238 346 1291 qua
376 1219 471 1271 tibi
495 1217 631 1271 dixit
647 1216 913 1270 dementia
944 1225 1140 1266 nostra.
1162 1240 1183 1258 u·

244 1301 276 1351 3
297 1338 313 1362 ,
349 1307 399 1362 4.
428 1299 537 1351 Pro
570 1298 707 1350 Male
738 1297 794 1349 in
825 1295 1076 1347 Patavino
1104 1313 1192 1346 ex-

159 1380 390 1452 emplari
414 1377 557 1450 apud
583 1377 807 1430 Statium
833 1375 983 1429 Nulle
1003 1413 1016 1435 ,
1046 1372 1192 1445 quod

158 1460 358 1513 rectius
394 1458 604 1513 videtur
643 1457 844 1520 Statio,
883 1455 1085 1508 Nullum
1124 1452 1193 1505 de

159 1539 401 1611 stupido,
417 1540 552 1591 nibil
575 1536 823 1590 audiente
844 1549 895 1588 et
919 1535 1194 1597 sentiente,

161 1619 552 1689 interpretanti.
575 1650 652 1660 --
671 1618 777 1670 Pro
801 1614 934 1667 Sana
960 1615 1015 1667 in
1040 1613 1191 1667 MSS.

160 1700 318 1753 Statii
359 1700 527 1753 Samia
566 1698 649 1749 vel
686 1696 905 1758 Sanm'a,
946 1692 1089 1746 unde
1118 1694 1194 1745 le-

159 1779 403 1852 gendum
444 1780 662 1831 fortasse
701 1777 953 1847 opinatur
989 1774 1190 1837 Sanna,

160 1862 217 1913 b.
247 1879 296 1912 e.
325 1859 499 1912 irrisio
517 1899 532 1923 ,
556 1857 705 1929 quasi
728 1855 902 1908 dicat:
932 1852 1195 1907 «irridere

160 1959 252 1992 me
279 1950 548 1991 amantem
579 1938 646 1989 ab
679 1957 738 1989 ea
768 1948 1011 2007 putarem
1030 1974 1044 1999 ‚
1081 1934 1194 2005 pla-

161 2038 341 2091 neque
362 2018 659 2081 contemni,
679 2017 722 2069 si
748 2015 814 2069 de
831 2034 916 2067 me
941 2026 1154 2067 taceret.
1168 2040 1189 2060 ι

162 2133 246 2142 —
267 2099 450 2152 Gar-rit
480 2099 535 2149 in
551 2097 697 2150 editt.
716 2095 963 2148 Parthen.
983 2094 1198 2165 Gryph.

160 2181 364 2232 Mutet.
412 2177 519 2231 Sed
564 2197 722 2230 nemo
771 2196 879 2228 non
920 2178 976 2227 τὸ
1024 2179 1201 2243 gannit

161 2261 447 2331 presel-eu
475 2270 525 2311 et
553 2258 628 2310 sic
654 2270 730 2310 est
754 2253 809 2307 in
836 2254 989 2307 MSS.
1015 2254 1195 2306 Statii:

160 2339 361 2393 eodem
386 2336 550 2391 modo
586 2338 642 2389 in
663 2341 826 2407 garrit
850 2348 902 2388 et
919 2340 1097 2403 gannit
1114 2353 1199 2386 va·

162 2421 313 2474 riant
334 2420 458 2472 libri
477 2417 622 2489 apud
650 2418 890 2471 Persium
912 2416 962 2464 V
968 2454 983 2478 ,
1008 2415 1102 2484 95.
1119 2445 1198 2455 —

162 2503 221 2556 Si
245 2505 404 2552 nostri
424 2501 573 2552 oblita
598 2510 775 2549 taceret
801 2515 814 2548 ε
857 2523 878 2542 ι
905 2494 960 2547 Si
988 2515 1073 2547 me
1105 2514 1197 2546 ne·

159 2583 420 2653 gligeret‚
446 2598 544 2632 nec
569 2579 820 2649 dignum,
854 2593 1088 2647 quocum
1118 2576 1197 2625 lo-

162 2675 402 2734 quatur,
428 2661 679 2724 haberet,
709 2657 844 2710 Sana
872 2668 990 2708 esset
1009 2696 1021 2716 ,
1058 2668 1198 2706 recte

162 2744 257 2795 illa
294 2739 470 2793 videri
499 2752 671 2810 posset
696 2738 891 2789 amoris
918 2738 1099 2789 furore
1134 2735 1197 2785 li·

162 2825 297 2875 bera
322 2840 336 2884 ;
362 2848 383 2866 ·
432 2820 549 2884 vel,
595 2819 906 2887 neutiquam
951 2817 1006 2868 in
1053 2815 1195 2867 illam

167 2901 391 2955 caderet
421 2900 617 2952 amoris
644 2898 862 2950 insania.
898 2898 1043 2948 Infra
1073 2902 1198 2947 Car·

163 2984 320 3035 mine
348 2981 535 3034 XCII:
562 2978 783 3030 ..Lesbia
812 2978 884 3029 mi
908 2975 1040 3029 dicit
1064 2995 1198 3027 sem«-

163 3082 264 3133 per
295 3061 469 3126 male,
506 3078 602 3111 nec
637 3071 770 3111 tacet
807 3076 1078 3128 unquam,
1120 3057 1198 3105 De

164 3160 253 3194 me
288 3160 305 3191 t
348 3142 535 3192 Lesbia
572 3159 689 3202 me,
724 3136 1056 3208 dispeream,
1100 3132 1199 3183 nisi

163 3234 366 3274 amat.»
399 3219 688 3287 Quodnam:
707 3260 721 3281 ,
748 3225 856 3288 jam
879 3233 1002 3268 vero
1025 3211 1169 3284 quod
1185 3252 1200 3276 ‚

164 3309 244 3354 νῦν
286 3297 371 3352 δέ.
408 3330 493 3341 -
543 3299 765 3359 Gamu't,
814 3315 1007 3347 canum
1052 3311 1200 3345 more

164 3383 423 3452 ringitur.
461 3414 528 3422 —
584 3379 907 3447 Obloquitur,
952 3375 1200 3427 oblatrat.

169 3460 484 3514 Maledictis
510 3458 698 3528 carpit.
737 3457 804 3509 N.

1362 1215 1413 1268 5.
1442 1216 1559 1268 Non
1590 1217 1742 1269 solum
1779 1220 2020 1280 meminit,
2048 1216 2150 1269 hoc
2196 1234 2304 1267 non

1277 1295 1448 1348 solum
1479 1299 1702 1367 probat,
1730 1298 1951 1350 minime
1988 1315 2105 1349 eam
2137 1295 2302 1348 nostri

1276 1376 1498 1429 oblitam
1531 1398 1668 1442 esse,
1697 1392 1749 1430 et
1776 1397 1872 1430 nos
1895 1376 2180 1447 negligere.

1360 1461 1414 1510 6.
1451 1459 1624 1509 Uritur
1649 1471 1698 1510 et
1726 1463 1947 1530 coquitur
1976 1457 2200 1525 conjecit
2232 1455 2301 1506 N.

1276 1536 1564 1605 Heinsius,
1605 1551 1659 1590 et
1697 1539 1771 1590 sic
1816 1538 1942 1609 legit
1978 1540 2088 1606 jam
2124 1536 2306 1588 ,Iustus

1277 1617 1487 1689 Lipsius
1535 1618 1677 1690 apud
1720 1619 1918 1670 Janum
1963 1620 2196 1669 Dousam
2242 1616 2306 1665 fi-

1276 1698 1442 1761 lium;
1468 1698 1560 1752 sed
1584 1700 1703 1770 quis
1721 1698 1826 1751 hoc
1852 1699 1985 1750 ferat
2003 1698 2074 1749 ob
2092 1712 2304 1748 versum

1278 1779 1515 1849 primum
1543 1794 1593 1832 et
1620 1778 1908 1850 quartum?
1932 1811 2012 1819 --
2039 1779 2177 1828 Irata
2204 1787 2303 1833 est,

1278 1877 1402 1909 nam
1423 1860 1502 1911 ira
1515 1857 1661 1930 apud
1677 1872 1909 1911 amantes
1933 1855 2305 1909 ferventissimi

1279 1939 1475 1991 amoris
1505 1952 1583 1991 est
1615 1938 1910 2003 indicium;
1946 1937 2131 1989 tritum
2167 1948 2219 1988 et
2251 1935 2306 1986 in

1280 2019 1469 2089 vulgus
1513 2032 1700 2089 notum
1746 2033 1819 2071 est
1862 2016 1996 2070 illud
2034 2014 2310 2068 Terentia·

1280 2118 1410 2150 num
1423 2138 1439 2162 ,
1456 2100 1742 2150 Amantium
1764 2103 1852 2149 1⁸1·oe
1868 2140 1882 2160 ,
1905 2099 2081 2148 amoris
2103 2102 2312 2163 mtegra-

1283 2181 1350 2230 εἰσ
1384 2170 1484 2230 est}
1515 2211 1593 2221 —-
1627 2179 1711 2233 Cf.
1737 2178 1904 2248 Vulp.
1939 2209 2018 2220 —--
2053 2174 2310 2247 Inprimis

1282 2276 1402 2309 curn
1458 2260 1563 2311 hoc
1616 2259 1736 2311 loco
1787 2255 2179 2327 comparandus
2233 2266 2310 2306 est

1282 2338 1595 2410 Propertius
1635 2339 1747 2405 ΙΙΙ,
1791 2341 1856 2402 8,
1903 2357 1971 2391 10
2014 2355 2127 2409 sqq.
2157 2331 2311 2385 Adde

1287 2418 1454 2471 Plaut.
1497 2420 1766 2489 Amphitr.
1804 2420 1913 2484 ΙΙΙ,
1958 2417 2027 2480 3,
2074 2420 2145 2466 60
2189 2432 2306 2484 sqq·

1282 2531 1360 2540 —-
1411 2500 1543 2551 Fere
1587 2500 1747 2552 simili
1797 2513 1972 2553 mente
2016 2497 2074 2548 in
2119 2494 2309 2567 idyllio

1282 2580 1334 2629 F
1331 2580 1561 2630 omenelle
1587 2582 1811 2633 canebat
1833 2599 1844 2631 ε

1281 2718 1387 2756 Tou,
1413 2718 1514 2755 deux
1545 2715 1722 2769 [Die-11!
1778 2729 1801 2751 u

1282 2864 1379 2901 L'un
1398 2873 1500 2912 pour
1515 2859 1654 2897 raum
1672 2855 1847 2894 troubles
1864 2856 1911 2891 dc
1931 2865 2028 2892 cette
2050 2855 2213 2893 frenesie
2227 2881 2238 2898 ,

1290 2931 1621 2971 Abundonnniem
1641 2929 1725 2965 leur
1745 2929 1827 2963 aime
1849 2926 1870 2963 ‘a
1891 2925 2091 2976 d'injustes
2111 2938 2320 2977 soupqons.

1280 3001 1400 3049 Qu’ils
1424 3000 1606 3038 fuisnient
1629 2998 1752 3036 meme
1768 2997 1956 3034 entendre
1974 3009 2024 3033 en
2049 2994 2152 3032 leurs
2177 2995 2319 3030 donce:

1284 3130 1392 3182 Ῑὲἂιο
1412 3143 1467 3182 le·
1487 3142 1642 3179 redimit
1666 3154 1736 3177 tux
1758 3153 1781 3176 n
1815 3153 1849 3175 m

1285 3215 1347 3253 Un
1366 3216 1481 3252 vieux
1503 3213 1619 3250 faune
1642 3226 1690 3249 cn
1713 3213 1803 3248 riait
1822 3211 1919 3248 dan·
1938 3223 1978 3246 aa
1999 3215 2124 3258 grette
2142 3219 2324 3256 nav-ge:

1284 3287 1375 3325 Tel·
1399 3295 1489 3322 nont
1519 3285 1575 3323 les
1589 3284 1683 3334 jeux
1698 3283 1879 3319 ‹l'nmour
1894 3311 1904 3325 ,
1925 3277 2094 3318 diuis-il
2108 3305 2119 3322 ,
2139 3285 2177 3315 et
2189 3278 2325 3328 jamnis

1292 3358 1368 3395 Ces
1394 3369 1553 3407 guerre·
1577 3368 1626 3392 ne
1654 3367 1695 3392 sc
1720 3352 1805 3391 sont
1828 3350 1949 3405 qu'ou
1971 3350 2060 3388 n’en
2088 3349 2228 3386 vienne
2250 3347 2270 3383 ὁ
2296 3345 2328 3384 la

1989 3421 2090 3472 pnix.
2203 3419 2248 3456 N.
