2986 4935
718 345 863 418 258

1243 354 1316 418 C.
1356 355 1469 419 VA
1496 356 1785 422 LERII
1847 359 2310 427 CATULLI

815 484 1214 549 Discernens
1253 486 1440 576 ponti
1478 486 1922 555 truculentum
1959 489 2193 559 dividit
2222 518 2466 586 aequor.

820 592 914 653 Αιι
959 591 1162 682 patris
1206 590 1518 657 auxilium
1561 618 1859 685 sperem,
1887 621 2171 687 quemne
2206 600 2340 691 ipsa
2378 600 2644 694 reliqui,

815 698 1214 788 Respersum
1253 696 1566 787 juvenem
1613 699 1900 768 fraterna
1937 702 2114 770 caede
2146 705 2465 797 sequuta?

814 802 1136 894 Conjugis
1181 827 1264 868 an
1310 803 1443 870 fido
1488 805 1791 873 consoler
1831 824 2076 876 memet
2114 834 2381 894 amore,

808 912 1030 994 Quine
1073 909 1240 1001 fugit
1280 908 1491 977 lentos
1531 912 1886 982 incurvans
1925 917 2186 1007 gurgite
2232 919 2498 986 remos?

815 1017 1134 1081 l'raeterea
1176 1014 1359 1098 litus,
1397 1015 1580 1083 nullo
1624 1018 1761 1085 sola
1802 1019 2015 1087 insula
2061 1035 2237 1089 tecto
2273 1049 2287 1088 :

704 1226 930 1275 Veronae
952 1262 967 1282 ,
989 1225 1206 1293 inspecti
1229 1243 1256 1273 a
1275 1225 1433 1274 Paulo
1458 1226 1725 1278 Galeardo.

703 1338 780 1344 --
804 1304 902 1354 Alii
934 1304 1145 1353 ldoemne
1169 1304 1247 1352 vel
1279 1305 1727 1356 Isllemoueosne.-—

704 1388 754 1436 A
759 1386 786 1433 le
816 1392 832 1433 .'
862 1388 1057 1452 gurgite
1104 1384 1205 1433 luto
1257 1384 1544 1434 Discernens
1589 1391 1732 1454 ponti

701 1466 1014 1526 truculentum
1043 1464 1123 1513 uhi
1156 1463 1326 1513 dividit
1352 1485 1532 1533 aequor.
1563 1467 1723 1536 Vulp.

703 1558 755 1594 et
793 1544 898 1595 alii.
921 1576 996 1584 -—
1025 1544 1345 1593 ldomeniosne
1374 1556 1471 1611 pet.
1517 1558 1726 1597 montes:

709 1625 952 1685 Vossius,
983 1623 1074 1692 qni
1115 1623 1318 1692 egregie
1363 1623 1506 1673 hunc
1551 1624 1725 1676 locum

706 1703 966 1763 restituit,
1005 1714 1179 1752 montes
1223 1703 1485 1753 Idomenios
1526 1704 1592 1753 ab
1631 1724 1726 1775 op-

703 1782 834 1852 pido
905 1782 1121 1833 Idomene
1179 1782 1248 1832 ita
1325 1784 1500 1834 vocari
1555 1782 1726 1837 docet.

708 1864 938 1913 Fuerunt
969 1875 1143 1912 autem
1173 1861 1409 1911 Idomenoe
1437 1860 1589 1913 duae:
1624 1882 1726 1916 una

704 1940 920 2011 quidem
963 1941 1255 1993 Ambraciae
1298 1942 1537 2011 proxima
1564 1980 1579 2003 ‚
1633 1944 1727 1995 sita

710 2024 759 2073 in
795 2021 1005 2073 duobus
1036 2021 1249 2072 excelsis
1279 2021 1537 2073 collibus:
1565 2024 1727 2073 altera

712 2121 879 2173 prope
928 2102 1060 2152 fines
1106 2101 1344 2152 Thraciae
1375 2141 1389 2164 ‚
1446 2103 1615 2170 posita
1674 2104 1724 2152 in

711 2181 979 2233 montibus
1003 2180 1231 2231 Bottiaeis
1252 2221 1265 2244 ,
1288 2179 1500 2231 condita
1518 2182 1584 2232 ab
1606 2180 1726 2233 Ido-

713 2281 897 2312 meneo
931 2301 945 2324 ‚
998 2261 1325 2311 Cretensium
1388 2260 1523 2311 duce
1553 2298 1570 2322 ‚
1621 2280 1728 2330 quo

714 2356 951 2411 tempore
1001 2340 1087 2389 ille
1144 2338 1509 2390 Macedoniam
1571 2341 1730 2391 classe

716 2422 979 2491 profectus
1006 2432 1093 2470 est.
1114 2420 1377 2487 -Neque
1405 2433 1573 2470 tamen
1598 2439 1731 2490 opus

714 2514 825 2564 est,
876 2498 1061 2550 eodeni
1108 2512 1352 2549 monente
1391 2500 1577 2550 vossio
1607 2537 1621 2559 ‚
1671 2515 1731 2554 ut

718 2598 831 2631 eam
875 2579 1131 2628 montium
1162 2596 1248 2627 seu
1285 2579 1498 2628 collium
1542 2580 1592 2629 in
1627 2580 1729 2630 hoc

723 2660 838 2708 loeo
872 2669 1073 2726 partem
1101 2656 1478 2725 intelligamus,
1513 2659 1601 2708 ubi
1636 2661 1732 2710 sita

723 2740 820 2788 fuit
861 2735 1144 2796 Idomene,
1170 2734 1262 2786 sed
1294 2755 1460 2805 quum
1498 2748 1607 2788 tota
1641 2758 1733 2791 ora

721 2817 982 2869 maritima
1012 2814 1334 2866 Macedonian
1364 2834 1468 2866 una
1496 2834 1617 2867 cum
1650 2838 1733 2869 re-

720 2899 874 2967 gione
894 2893 1195 2948 Chalcidica
1215 2896 1268 2945 in
1295 2894 1496 2945 ditione
1523 2895 1732 2948 Idome-

721 2979 804 3029 nei
848 2990 898 3027 et
943 2976 1267 3026 Cretensium
1307 2988 1463 3037 esset,
1509 2976 1735 3045 cogitare

721 3075 995 3128 possumus
1030 3052 1097 3105 de
1125 3055 1338 3105 excelsis
1364 3055 1528 3106 litoris
1560 3057 1730 3108 Mace·

722 3137 899 3189 donici
926 3135 1095 3205 jugis,
1127 3133 1412 3203 przrsertim
1455 3133 1523 3186 de
1555 3137 1728 3197 Atho,

722 3228 903 3268 monte
935 3213 1066 3265 adeo
1110 3227 1275 3275 vasto,
1305 3227 1361 3264 ut
1392 3234 1497 3265 non
1527 3228 1730 3267 tantum

717 3310 830 3348 toto
846 3296 976 3344 mari
1002 3299 1174 3361 AEgaeo
1200 3293 1287 3342 sed
1311 3292 1466 3343 etiam
1497 3314 1555 3344 ex
1578 3295 1731 3347 litore

719 3374 946 3426 Asiatico
962 3371 1190 3440 conspici
1214 3374 1544 3440 posset.—In
1570 3393 1731 3444 pauca

717 3453 948 3514 contuli,
981 3470 1095 3520 quae
1134 3449 1289 3500 docte
1327 3464 1377 3501 et
1414 3453 1623 3521 copiose
1663 3453 1730 3506 ad

719 3535 863 3585 hunc
912 3532 1085 3582 locum
1130 3528 1358 3598 disputat
1402 3532 1623 3584 Vossius.
1651 3564 1732 3574 —

716 3615 978 3667 Caeterum
1012 3611 1066 3660 τὸ
1096 3609 1360 3660 Idomem'os
1391 3610 1528 3679 leges
1568 3626 1623 3663 ut
1655 3626 1729 3664 te·-

713 3691 1072 3763 trasyllabum.

820 3791 943 3841 ¹79·
998 3770 1203 3819 Pontum
1260 3770 1448 3819 Venet.
1515 3770 1722 3841 Grypli.

705 3854 836 3905 Stat.
873 3870 971 3921 pro
1002 3868 1108 3918 quo
1151 3849 1386 3917 reposuit
1416 3854 1555 3915 poem·
1586 3853 1718 3902 Vos-

697 3935 801 3983 sius
825 3950 892 3983 ex
924 3941 1126 3979 vetusto
1149 3928 1286 3979 libro
1311 3928 1716 3995 Mediolanensi,

687 4025 942 4063 tecte.—
967 4010 1182 4059 Patriam
1216 4008 1410 4058 Muret.
1444 4022 1492 4059 et
1524 4010 1711 4061 atii.---

1813 1229 2010 1280 Statius
2040 1243 2211 1285 totum
2246 1251 2451 1286 versum
2481 1237 2691 1310 refingit
2716 1240 2781 1292 sic
2807 1261 2813 1290 :

1821 1335 1843 1354 «
1864 1328 1893 1360 a
1917 1310 2122 1379 gurgite
2147 1326 2288 1363 vasto
2308 1314 2619 1368 Discurrens
2634 1320 2820 1389 penitus

1817 1389 2171 1440 truculentum
2197 1392 2288 1442 uhi
2312 1392 2576 1448 clauditur
2600 1418 2813 1468 aequor.-

1813 1499 1892 1508 --
1919 1469 2204 1520 Disce-ruens
2234 1472 2432 1535 dividit,
2469 1494 2556 1526 me
2587 1475 2818 1532 discernit

1815 1560 1868 1599 et
1886 1547 2188 1600 intercludit
2205 1590 2217 1610 ‚
2240 1553 2524 1622 quominus
2556 1556 2674 1608 illos
2688 1558 2820 1610 adire

1815 1630 2253 1697 queam—Ponti
2271 1652 2432 1703 «equor
2448 1635 2658 1704 plenior
2673 1637 2821 1691 dictio

1816 1719 1872 1757 ut
1902 1708 2053 1758 solum
2084 1721 2242 1762 tert-ce.
2276 1713 2462 1765 Πόντου
2489 1711 2665 1768 πεδίων
2693 1739 2818 1771 com·

1816 1798 1964 1855 parat
1991 1790 2018 1838 l
2032 1788 2310 1842 'ulketmrius
2328 1789 2394 1842 ad
2416 1792 2666 1867 Euripid.
2689 1799 2822 1850 Phoe

1816 1867 1934 1917 niss.
1981 1872 2088 1919 216
2108 1907 2122 1931 ,
2164 1889 2218 1940 p·
2257 1873 2350 1923 81.
2378 1904 2456 1914 —
2476 1875 2679 1947 AEquor
2700 1883 2826 1949 pomi

1813 1959 1986 1997 autem
2008 1984 2023 2009 ,
2055 1961 2112 2000 ut
2143 1951 2383 2002 observat
2414 1952 2634 2007 Vossius
2653 1998 2669 2022 ,
2700 1960 2819 2011 aeci·

1816 2023 2068 2093 piendum
2100 2026 2167 2078 de
2190 2048 2249 2080 ea
2277 2030 2435 2083 maris
2458 2037 2625 2104 AEgaei
2655 2053 2792 2108 parte
2810 2079 2823 2099 ‚

1815 2122 1931 2172 quae
1946 2105 2215 2176 interjacet
2232 2109 2599 2166 Macedoniam
2618 2131 2669 2168 et
2685 2120 2821 2171 Diam

1817 2184 2038 2235 insulam
2058 2226 2072 2247 ‚
2102 2188 2192 2238 ubi
2223 2190 2524 2245 versabatur
2546 2196 2789 2250 Ariadne.

1905 2282 1923 2313 1
1939 2266 2031 2315 80.
2069 2267 2280 2333 Quemne
2296 2290 2315 2321 .·
2340 2273 2602 2340 particula
2634 2296 2694 2328 ne
2721 2293 2823 2350 post

1816 2361 1878 2391 αη
1906 2346 2133 2412 παρέλκει
2163 2362 2219 2399 ut
2244 2369 2377 2401 vers.
2404 2353 2496 2405 83.
2520 2386 2600 2395 -
2620 2357 2740 2409 Non
2757 2379 2826 2410 sa·

1818 2421 1881 2473 tis
1907 2424 2129 2478 attendit
2171 2429 2512 2501 Doeringius,
2549 2437 2646 2506 qui
2675 2438 2826 2509 parti·

1815 2502 1984 2553 culam
2015 2507 2321 2574 privativam
2343 2512 2403 2562 ηέ
2428 2532 2554 2567 cum
2584 2519 2824 2586 particula

1819 2583 2185 2653 interrogativa
2218 2587 2287 2635 116
2315 2592 2615 2648 confundit.
2636 2599 2706 2650 At
2729 2599 2825 2651 hac

1820 2662 1872 2712 in
1899 2661 2000 2714 hoc
2032 2683 2183 2717 versu
2208 2681 2258 2719 et
2294 2671 2400 2724 183
2429 2673 2685 2730 abundat.
2720 2679 2782 2730 N.

1906 2761 1926 2793 1
1942 2742 2031 2795 83.
2061 2746 2235 2797 Lentos
2266 2754 2516 2803 incurvans
2537 2774 2690 2825 gurg.
2725 2779 2824 2809 ren.

1822 2822 1961 2871 Leutc‘
1980 2829 2098 2873 remi
2124 2840 2240 2878 sunt
2267 2828 2539 2897 flexibiles,
2570 2837 2666 2905 qui
2687 2839 2829 2891 facile

1820 2900 1873 2950 in
1907 2919 2039 2970 aqua
2078 2904 2342 2959 lentamur
2372 2910 2408 2961 i.
2443 2930 2490 2964 e.
2526 2933 2828 2971 curvantur.

1821 2983 1909 3030 bic
1946 2984 2140 3034 natanti
2170 2985 2413 3040 Leandro
2453 2991 2619 3045 ovid.
2652 2998 2829 3049 tribuit

1823 3055 1842 3119 (
1880 3059 2097 3112 Heroid.
2148 3064 2337 3118 XVIII
2359 3107 2376 3132 ,
2435 3072 2507 3123 58
2531 3111 2548 3136 ,
2578 3070 2600 3136 )
2643 3076 2830 3129 brechia

1822 3140 1965 3190 lenta.
2002 3142 2082 3193 Cf.
2113 3144 2292 3198 Senec.
2320 3148 2599 3222 Hippolyt.
2625 3174 2679 3211 v.
2710 3159 2826 3210 306.

1908 3237 1927 3268 ι
1943 3222 2033 3281 84.
2058 3222 2272 3276 Vossius
2293 3227 2388 3297 legi
2412 3231 2565 3300 jubet
2590 3235 2831 3288 Proetem

1819 3299 1949 3349 nullo
1982 3300 2149 3355 (littus
2178 3305 2363 3364 solum)
2395 3311 2552 3362 insula
2592 3325 2734 3370 tecto.
2757 3350 2829 3360 —

1818 3378 2063 3429 Praeterea
2115 3384 2247 3433 nullo
2296 3386 2436 3450 litus,
2490 3394 2598 3443 sola
2639 3399 2798 3449 insula
2814 3440 2828 3461 ,

1820 3468 1940 3508 tecto
1967 3458 2017 3509 in
2033 3460 2314 3533 plerisque.
2337 3468 2447 3519 Nos
2468 3469 2718 3528 dedimus
2727 3480 2828 3548 jam

1819 3536 1871 3586 in
1917 3537 2042 3590 edit.
2080 3541 2309 3615 Gotting.
2346 3565 2615 3621 receptam
2652 3556 2831 3611 lectio·

1816 3634 1935 3667 nem
1985 3621 2295 3685 Corradini,
2339 3630 2547 3699 egregie
2587 3633 2834 3689 facilitate

1817 3714 1905 3746 sua
1937 3716 1990 3748 se
2018 3702 2494 3759 commendantem.
2520 3741 2591 3751 —
2615 3711 2740 3765 Sola
2767 3719 2831 3765 in·

1813 3777 1918 3825 sula
1935 3817 1947 3838 ,
1979 3776 2212 3844 deseri-'13
2237 3796 2292 3834 ut
2314 3785 2421 3836 sola
2447 3806 2587 3859 rupes
2608 3810 2659 3844 v,
2692 3813 2712 3846 ι
2731 3798 2799 3856 56
2819 3835 2833 3857 .

1812 3869 1863 3907 et
1884 3858 1987 3907 sola
2012 3879 2158 3909 arena
2176 3900 2190 3921 ,
2228 3881 2275 3914 v.
2303 3864 2395 3932 57.
2416 3868 2675 3924 —Multa
2693 3873 2752 3925 in
2774 3894 2831 3925 re

1807 3948 1926 3985 nota
1966 3939 2202 4010 exempla
2261 3961 2636 4003 coacervarunt
2688 3954 2830 4005 Coa-e.

1804 4012 1868 4063 ad
1904 4014 2108 4069 Sallust.
2137 4020 2387 4089 Jugurth.
2434 4027 2570 4092 103,
2600 4049 2653 4101 p.
2691 4034 2833 4096 883,
