2986 4935
708 400 857 469 270

1235 376 1311 440 C.
1344 374 1781 439 VALERII
1841 372 2308 441 CATULLI

810 511 1064 574 Aurora
1100 505 1469 587 exoriente,
1503 507 1650 598 vagi
1694 504 1816 572 sub
1853 502 2101 572 lumina
2136 501 2326 584 solis;

812 616 979 699 Quae
1016 610 1200 679 tarde
1237 611 1525 704 primum
1560 610 1864 678 elementi
1897 610 2160 678 flamine
2196 607 2399 704 pulsae

813 717 1218 798 procedunt,
1260 714 1386 784 leni
1426 732 1737 785 resonant
1771 715 2089 811 plangore
2124 715 2468 802 cachinni3

816 829 997 905 Post,
1029 837 1227 890 vento
1271 838 1641 905 crescente,
1677 824 1884 917 inagis
1921 823 2128 916 magis
2161 821 2655 906 increbescunt,
2770 854 2843 904 ²7⁵

814 933 1279 1023 purpureaque
1317 927 1545 1021 procul
1586 944 1818 996 nantes
1859 956 1897 996 a
1934 927 2079 996 luce
2117 926 2478 1020 refulgent;

712 1157 833 1209 bula
848 1157 932 1208 cui
950 1156 1131 1208 titulus
1147 1156 1213 1206 :le
1228 1156 1385 1207 Che'ne
1398 1169 1446 1205 et
1459 1157 1503 1206 le
1519 1157 1729 1207 Roseau:

819 1255 868 1290 Le
886 1252 1062 1288 moindre
1080 1259 1171 1288 vent
1196 1250 1264 1301 qui
1288 1249 1516 1288 d'nenture

830 1323 910 1358 fait
935 1322 1039 1360 ride-r
1056 1319 1091 1357 ln
1114 1320 1194 1357 sace
1221 1319 1267 1356 de
1286 1319 1400 1357 l'enu.

714 1392 867 1445 Haud
931 1393 1082 1443 aliter
1148 1409 1323 1441 rerum
1393 1411 1722 1462 progressum

712 1492 868 1543 quem
915 1474 1072 1523 Poeta
1113 1470 1367 1532 instituit,
1408 1471 1629 1535 habeas,
1675 1486 1726 1523 et

716 1553 858 1603 vocis
907 1550 1183 1619 horrificans
1232 1563 1408 1620 pereat
1434 1552 1727 1620 proprietas

718 1631 1027 1683 felicissima.
1059 1630 1217 1681 N.—
1247 1629 1411 1679 Undas
1451 1631 1718 1698 proclivas,

715 1710 1011 1763 delabentes
1040 1730 1052 1762 ε
1088 1709 1221 1760 nihil
1250 1710 1497 1778 amplius.

795 1802 865 1859 27
879 1810 928 1840 2.
952 1791 1052 1840 Pro
1073 1790 1251 1839 lumina
1278 1788 1589 1840 substituere
1607 1801 1722 1840 ten-

719 1883 788 1923 tat
804 1872 966 1921 limina
981 1871 1311 1920 Burmannus
1321 1868 1432 1921 Sec.
1448 1867 1512 1918 ad
1535 1867 1720 1920 Claud.

715 1951 767 2002 in
804 1951 950 2020 Eleg.
987 1948 1054 2000 de
1085 1947 1331 1999 Phoenice
1365 1968 1417 2018 p.
1457 1953 1590 2009 1041
1612 1988 1625 2010 ,
1670 1962 1721 2000 et

715 2029 780 2082 ad
807 2029 1083 2097 Antholog.
1104 2029 1258 2079 Tom.
1287 2028 1339 2077 ΙΙ
1359 2067 1373 2092 ‚
1398 2048 1454 2097 p.
1488 2035 1615 2091 441.
1644 2061 1721 2069 —

715 2112 1001 2161 Peccarunt
1024 2107 1241 2158 omnino
1265 2125 1399 2176 saepe
1422 2108 1473 2158 in
1496 2108 1720 2160 consun-

711 2188 898 2242 dendis
920 2189 1002 2240 his
1026 2186 1230 2238 duabus
1248 2187 1466 2238 vocibus
1484 2186 1686 2238 librarii
1707 2205 1721 2238 :

711 2268 819 2321 vid.
880 2269 1057 2319 Heius.
1108 2265 1173 2317 ad
1221 2265 1405 2317 Claud.
1454 2267 1510 2317 in
1555 2266 1719 2317 Mallii

712 2347 919 2401 Theod.
946 2349 1101 2398 Cous.
1124 2365 1172 2396 v.
1209 2347 1315 2397 205
1337 2386 1351 2408 ‚
1378 2359 1428 2396 et
1457 2365 1589 2416 quos
1607 2348 1718 2398 lau·

713 2427 802 2479 dat
842 2425 1110 2479 Drackenh.
1149 2422 1213 2477 ad
1251 2424 1340 2477 Sil.
1378 2426 1495 2477 Ital.
1534 2427 1591 2489 I,
1625 2430 1721 2479 66.

715 2507 863 2559 Adde
888 2508 1208 2557 But-mannum
1239 2504 1303 2555 ad
1334 2507 1551 2557 Sueton.
1585 2507 1721 2558 Cali-

712 2588 821 2657 gul.
843 2606 887 2637 c.
913 2586 1079 2635 XLV.
1101 2582 1200 2634 Sed
1231 2598 1370 2635 recte
1392 2598 1568 2636 monet
1589 2587 1718 2637 Bm·-

712 2686 909 2716 mannns
930 2657 1016 2731 (ad
1035 2662 1226 2731 Vir-gil.
1244 2662 1557 2727 AEneid.V1,
1583 2686 1608 2716 2
1623 2660 1717 2731 55)

710 2748 849 2796 limen
866 2745 976 2795 soles
1004 2743 1308 2803 memorari,
1331 2761 1495 2813 quum
1516 2742 1719 2797 deloco

709 2845 768 2877 ac
796 2825 1006 2895 regione
1036 2822 1232 2892 agitur,
1254 2822 1397 2873 unde
1418 2824 1493 2874 sol
1523 2825 1717 2887 oritur,

706 2904 773 2957 de
795 2917 897 2955 tem
906 2922 1033 2974 pore
1049 2921 1175 2952 vero
1195 2914 1341 2953 ortus
1360 2903 1720 2954 lumem—Va-

704 2988 759 3053 gi
776 2986 917 3046 solis,
938 2984 1004 3034 cf.
1036 3001 1151 3051 sup.
1182 2979 1246 3032 ad
1277 2984 1337 3033 C.
1363 2984 1485 3033 LXI
1504 3022 1517 3044 ,
1556 3000 1572 3032 1
1595 3001 1682 3050 ¹7·

792 3065 918 3133 273.
976 3064 1208 3114 Clementi
1235 3064 1457 3131 flamine.
1503 3064 1715 3114 Clemens

691 3147 876 3214 flamen
919 3156 993 3193 est
1031 3140 1300 3213 placidum
1341 3154 1392 3192 et
1426 3140 1600 3193 minus
1626 3162 1714 3193 ve·

707 3225 921 3274 hemens
952 3241 1107 3291 quam
1140 3222 1190 3271 in
1220 3222 1464 3291 procellis
1492 3241 1599 3271 esse
1629 3242 1712 3272 so-

703 3304 790 3354 let.
828 3302 910 3353 Cf.
945 3302 1209 3352 Burmann.
1243 3299 1309 3350 ad
1330 3301 1506 3350 Valer.
1546 3302 1711 3355 Flacc.

702 3383 783 3431 VI
802 3422 815 3443 ,
842 3388 973 3450 7157.

783 3466 910 3528 274.
947 3459 1049 3509 Pro
1080 3458 1171 3508 lem·
1201 3458 1383 3509 vitiose
1415 3459 1469 3508 in
1497 3460 1713 3529 quibus-

700 3540 820 3592 dam
861 3540 980 3597 levi,
1026 3536 1166 3589 unde
1208 3538 1361 3589 metri
1398 3557 1547 3589 causa
1579 3540 1711 3591 fece-

698 3634 821 3672 runt
851 3619 1112 3686 leviterque.
1129 3617 1321 3667 —Pro
1342 3619 1576 3685 plangore
1603 3638 1710 3670 ma·

694 3700 805 3750 vult
834 3699 954 3750 Jan.
1001 3698 1173 3747 Dousa
1214 3696 1311 3747 Fil.
1359 3698 1608 3763 clangore,
1659 3714 1712 3751 et

697 3779 901 3849 Lennep.
934 3776 998 3828 ad
1036 3776 1248 3827 Colutb.
1282 3788 1469 3846 praeter
1496 3796 1706 3829 omnem

690 3859 1043 3909 necessitatem
1074 3856 1227 3906 scribi
1253 3855 1402 3925 jubet
1424 3856 1605 3926 lenique
1632 3879 1710 3907 so-

690 3950 915 3988 nan!.—-
937 3939 1056 3987 Leni
1082 3955 1230 3985 reson.
1261 3935 1498 4004 plangore
1525 3937 1708 3988 cachin.

693 4017 865 4082 paullo
914 4014 1160 4067 audacius
1201 4028 1249 4065 et
1288 4014 1563 4065 sublimius
1611 4036 1706 4085 pro

1818 1156 2018 1226 vulgari
2086 1181 2106 1200 α
2148 1155 2336 1208 leniter
2390 1164 2736 1224 perstrepunt
2792 1169 2845 1208 et

1819 1248 2168 1288 murmurant,
2197 1261 2218 1282 ι
2240 1267 2314 1275 -
2336 1234 2611 1286 cachinnus
2649 1231 2844 1287 audaci

1816 1314 2121 1384 metaphora
2152 1313 2218 1366 ad
2252 1312 2513 1365 undarum
2553 1310 2843 1384 quemdam

1815 1394 2092 1465 strepitum
2140 1395 2207 1446 ab
2247 1394 2362 1446 aliis
2409 1411 2628 1463 quoque
2669 1395 2846 1462 poetis

1817 1475 2095 1525 translatus
2123 1486 2215 1525 est.
2257 1470 2565 1524 Laudat-unt
2603 1473 2710 1541 jam
2749 1474 2842 1524 In·

1814 1565 2068 1622 terpretes
2091 1553 2359 1604 Theocrit.
2390 1550 2553 1622 Idyll.
2586 1552 2694 1611 vl,
2737 1569 2803 1603 n
2825 1592 2841 1615 ,

1813 1635 2014 1702 κύματα
2032 1634 2195 1699 ἅσυχα
2207 1632 2535 1698 καχλάζοντα.
2554 1630 2644 1681 Sic
2658 1635 2841 1699 γίλισ-

1815 1732 1888 1780 μαι
1914 1710 2057 1782 apud
2080 1712 2314 1783 AEschyl.
2336 1711 2514 1763 Proin.
2538 1710 2720 1761 Vinct.
2743 1731 2840 1778 90,

1815 1792 1905 1842 ubi
1926 1790 2036 1844 vid.
2057 1791 2314 1843 Stanleius.
2330 1820 2411 1830 —
2424 1787 2578 1842 Adde
2601 1789 2835 1860 Oppinn.

1814 1870 2040 1922 Halieut.
2064 1873 2162 1933 IV,
2196 1870 2306 1932 334
2329 1908 2345 1934 ‚
2377 1870 2470 1921 ubi
2503 1871 2724 1938 κύματος
2760 1873 2838 1939 γε’·

1810 1957 1921 2009 λως.
1957 1951 2022 2001 Et
2053 1951 2126 2001 sic
2151 1954 2295 2020 γελᾷν
2336 1948 2403 2001 de
2432 1950 2538 2000 leni
2569 1947 2836 2000 undarum

1813 2048 2086 2082 murmure
2131 2031 2216 2081 vel
2255 2030 2403 2081 molli
2444 2047 2629 2080 earum
2671 2029 2837 2097 agitn-

1814 2110 1954 2159 tione
1986 2109 2194 2177 passim.
2234 2109 2350 2161 Huc
2381 2108 2610 2179 pertinet
2639 2107 2833 2159 Leoni·

1810 2186 1902 2239 das
1962 2187 2300 2240 Alexandr-in.
2371 2190 2428 2240 in
2496 2187 2649 2239 Anal.
2709 2187 2832 2239 Ver.

1810 2268 1955 2319 Poet.
1979 2269 2146 2320 Graee.
2174 2269 2408 2320 Brunck.
2439 2267 2543 2337 Ep.
2566 2266 2831 2329 xan,

1812 2359 1938 2398 torn.
1972 2349 2058 2412 11,
2077 2368 2130 2417 p.
2170 2355 2271 2418 196
2289 2386 2305 2411 ,
2326 2348 2416 2399 ubi
2441 2346 2600 2398 simul
2629 2347 2830 2417 Zephy-

1811 2446 1889 2477 rus
1913 2427 2188 2498 horrificans
2206 2428 2260 2480 in
2282 2447 2333 2481 v.
2362 2446 2431 2497 ²7
2447 2446 2491 2488 ι,
2518 2426 2828 2480 illustratur.

1810 2503 1935 2559 Οὐδ’
1990 2510 2032 2561 εἴ
2079 2529 2160 2578 μοι
2198 2510 2420 2578 γελόωσα
2447 2510 2824 2576 καταστορέσαι

1811 2588 2001 2643 Γαλήνη
2035 2590 2288 2658 Κύματα,
2317 2588 2399 2639 καὶ
2426 2588 2655 2658 μαλακὴν
2686 2591 2827 2655 §pize

1809 2670 1935 2734 φέροι
1976 2670 2195 2738 Ζέφυρος.
2225 2668 2392 2719 Suave
2430 2680 2606 2719 autem
2652 2679 2704 2717 et
2744 2668 2826 2736 ju·

1809 2744 2043 2797 cundum
2092 2747 2452 2799 cachinnantis
2489 2764 2643 2815 aquo
2681 2763 2823 2796 mur·

1810 2844 1929 2876 mur
1956 2827 2191 2879 auribus.
2224 2825 2359 2878 Hinc
2393 2821 2590 2896 μιιὸιᾷν
2627 2829 2713 2885 τῆς
2739 2830 2823 2875 Oe.-

1805 2907 1992 2959 λάσσηε
2020 2907 2322 2975 γαληνιώσης
2348 2908 2656 2975 χαριέστερον
2685 2901 2821 2974 apud

1809 2985 2046 3054 Alciphr.
2089 2986 2196 3047 111,
2236 2987 2333 3056 Ep.
2382 2987 2434 3048 1,
2467 2985 2559 3036 ubi
2591 2984 2661 3036 cs.
2711 2985 2821 3035 Ber—

1803 3065 1983 3131 glerus.
2017 3064 2104 3116 sed
2142 3064 2264 3117 vide
2300 3084 2433 3136 quos
2456 3062 2638 3117 laudat
2667 3064 2819 3116 Abre-

1804 3144 1961 3195 sclu'us
1984 3142 2052 3195 ad
2073 3144 2298 3216 Hesych.
2325 3158 2362 3196 t.
2385 3146 2436 3206 1,
2458 3164 2513 3216 p.
2538 3162 2560 3195 1
2577 3147 2705 3213 167.

1892 3224 2018 3290 275.
2054 3224 2219 3293 Magais
2259 3228 2444 3293 magis,
2482 3221 2551 3275 ad
2576 3242 2693 3275 rem
2733 3241 2816 3275 au·

1802 3301 2024 3370 gendam
2091 3304 2204 3355 sine
2258 3304 2468 3375 copula.
2526 3303 2612 3355 Sic
2668 3319 2814 3372 snpra

1804 3383 1980 3435 Carin.
2029 3383 2322 3435 XXXVIII
2343 3422 2359 3448 ‚
2416 3383 2482 3436 3:
2519 3410 2540 3430 ι
2567 3384 2636 3435 Et
2659 3399 2814 3434 uncis

1803 3480 1971 3513 nucis
1991 3463 2042 3512 in
2071 3460 2181 3513 dies
2211 3476 2264 3514 et
2285 3464 2461 3516 horas.
2484 3490 2506 3509 ·
2538 3461 2624 3515 Sic
2644 3466 2810 3531 μᾶλλον

1802 3545 1980 3608 μᾶλλον
2029 3540 2171 3612 apud
2215 3543 2469 3605 Grac-0⁸3
2506 3544 2578 3595 cs.
2622 3541 2809 3594 Ouden-

1799 3621 1938 3691 dorp.
1972 3620 2038 3673 ad
2077 3623 2287 3690 Apulei.
2306 3624 2432 3675 Met.
2461 3624 2550 3688 11,
2570 3642 2628 3693 p.
2657 3640 2769 3688 ¹7⁰·

1885 3706 2016 3769 276.
2055 3702 2405 3772 Pur-puraeque
2445 3701 2594 3763 (scil.
2627 3695 2805 3759 undae)

1800 3782 2026 3850 conjecit
2052 3782 2277 3833 Lenze‘us.
2297 3782 2403 3834 Pro
2425 3795 2591 3833 nantes
2613 3782 2663 3833 in
2680 3779 2801 3834 aliis.

1799 3872 1857 3910 ut
1901 3872 2119 3912 testatur
2162 3861 2354 3913 Muret.
2403 3867 2644 3913 variantes
2677 3860 2798 3915 luce.

1798 3958 1902 3989 non
1938 3940 2413 4003 malel—Nantes,
2439 3940 2595 3993 unde
2627 3959 2676 3991 se
2699 3937 2803 4008 agi·

1796 4031 1962 4070 tames
1993 4032 2045 4071 et
2081 4021 2467 4090 provolventes.
2498 4020 2746 4087 Resulgent
2770 4036 2798 4066 a
