2986 4935
857 474 1304 544 CARMEN
1369 476 1652 545 XLIV.

2178 478 2316 575 137

755 691 1312 780 CARMEN
1393 661 1741 784 XLIV.

979 912 1088 956 AD
1155 913 1526 959 FUNDUM.

388 1082 453 1147 O
487 1102 723 1148 FUNDE
757 1094 1017 1164 noster,
1056 1103 1170 1147 seu
1207 1079 1482 1165 Sabine,
1520 1106 1635 1150 seu
1672 1082 1947 1168 Tiburs,

394 1187 567 1254 Nam
597 1200 664 1253 te
696 1210 837 1253 esse
866 1185 1207 1254 Tiburtem
1241 1202 1623 1271 autumant,
1660 1189 1900 1282 quibus
1929 1215 2071 1257 non
2112 1207 2212 1261 est

390 1292 598 1361 Cordi
645 1291 981 1361 Catullum
1019 1291 1255 1361 laedere
1286 1318 1302 1359 ε
1342 1308 1411 1361 at
1449 1294 1690 1387 quibus
1724 1295 1911 1364 cordi
1945 1312 2076 1384 est,

386 1399 648 1487 Quovis
683 1399 1001 1467 Sabinum
1041 1400 1318 1494 pignore
1353 1425 1496 1468 esse
1532 1401 1946 1471 contendunt
1984 1428 1997 1470 ε

387 1504 521 1573 Sed
560 1529 675 1573 seu
710 1504 985 1590 Sabine,
1019 1506 1156 1574 sive
1193 1507 1412 1574 verius
1447 1507 1722 1593 TiburS,

383 1612 513 1679 Fui
557 1608 839 1679 libenter
883 1613 950 1679 in
995 1627 1107 1680 tua
1152 1612 1533 1681 suburbana

384 1716 599 1802 Villa,
635 1716 1009 1811 malamque
1047 1733 1315 1812 pectore
1348 1719 1571 1813 expuli
1603 1721 1868 1809 tussim3

257 1901 391 1953 Ana.
419 1899 509 1954 Ad
535 1917 739 1953 coennm
762 1918 928 1971 quum
952 1899 1203 1953 invitatus

185 1994 303 2033 esset
321 1981 564 2034 Catullus
591 2000 620 2032 a
643 1979 811 2032 Sestio
835 1978 1068 2050 quodam
1087 1998 1201 2032 ora-

186 2071 289 2111 tore
323 2062 587 2132 pessimo,
623 2060 865 2130 praelecta
888 2060 954 2110 ab
990 2079 1054 2110 eo
1084 2059 1197 2111 ine-

184 2139 403 2207 ptiarum
433 2153 489 2193 et
521 2140 752 2210 stuporis
771 2139 925 2208 plena
958 2139 1197 2190 oratione

182 2217 304 2271 adeo
331 2221 557 2272 affectus
588 2219 721 2284 suit,
763 2230 823 2269 ut
866 2219 1007 2270 illico
1045 2237 1198 2289 quas-

183 2311 373 2352 santur
404 2300 537 2351 tussi
568 2311 622 2350 et
654 2296 953 2369 gravedine.
985 2299 1060 2350 Ut
1101 2298 1193 2369 igi-

183 2390 287 2443 tur,
311 2377 459 2450 quod
498 2378 553 2430 in
581 2379 683 2431 hac
708 2397 854 2431 coena
882 2377 1200 2441 devorasset,

181 2460 467 2513 acerbitatis
491 2459 639 2512 virus
663 2471 957 2523 evomeret,
988 2472 1038 2510 et
1065 2460 1200 2511 male

179 2539 419 2592 affectum
439 2559 637 2609 eorpus
655 2552 929 2599 recrearet,
956 2537 1087 2590 adiit
1107 2539 1202 2590 vil·

178 2618 327 2672 lulam
361 2639 535 2683 suam,
562 2619 617 2670 in
646 2621 792 2689 cujus
821 2620 937 2670 sinu
969 2638 1090 2670 mox
1115 2639 1198 2671 re·

177 2712 378 2752 curatus
404 2701 510 2752 fuit
533 2699 645 2750 otio
668 2712 719 2750 et
743 2698 1198 2750 medicaminibus.

176 2810 249 2821 —-
267 2778 473 2832 Laudat
493 2798 619 2848 ergo
647 2780 700 2829 in
725 2779 827 2829 boc
845 2779 1076 2831 carmine
1101 2779 1198 2829 vil-

173 2857 288 2912 lulae
320 2879 426 2913 suae
460 2858 817 2931 praestantiam
849 2871 901 2909 et
931 2859 1196 2929 egregium

177 2939 237 2991 ab
271 2940 356 2992 illa
390 2940 493 2991 sibi
528 2939 821 3008 praestitum
856 2938 1195 2995 beneficium,

175 3018 428 3090 Sestiique
469 3019 666 3071 nefaria
710 3017 902 3089 scripta
939 3018 994 3069 in
1022 3030 1196 3087 poste-

176 3115 286 3151 rum
325 3118 379 3151 se
423 3117 700 3169 nunquam
739 3116 899 3149 manu
943 3098 1194 3150 triturum

175 3197 275 3230 esse
299 3190 478 3231 sancte
509 3177 806 3249 pollicetur.
827 3208 907 3218 -—
937 3175 1192 3229 Eamdem

176 3258 278 3310 fere
309 3272 540 3322 sortem,
578 3276 737 3328 quam
769 3256 1004 3310 Catullus
1039 3275 1065 3307 a
1101 3258 1195 3309 Se-

173 3343 296 3402 stio,
325 3339 656 3392 Philoxenus
685 3337 815 3389 olim
845 3350 1092 3406 expertus
1119 3348 1195 3388 est

175 3436 201 3468 ι
224 3418 482 3490 Dionysio
499 3456 515 3481 ,
545 3419 695 3488 cujus
722 3416 978 3486 praelectis
1002 3416 1192 3468 carmi-

173 3498 323 3551 nibus
351 3498 488 3551 adeo
520 3497 786 3549 cruciatus
817 3507 869 3547 et
891 3514 1040 3566 paene
1065 3514 1192 3547 con·

174 3578 335 3631 fectus
362 3578 499 3644 fuit,
530 3589 590 3629 ut
614 3574 789 3627 redire
822 3575 1000 3626 mallet
1031 3576 1085 3626 in
1116 3575 1190 3627 la·

174 3655 508 3710 tomiaavid.
523 3653 681 3708 Diod.
693 3653 842 3707 Sic.1.
859 3655 982 3718 XV,
993 3673 1039 3706 c.
1053 3658 1190 3704 6.-

172 3738 404 3808 Egregiae
416 3755 541 3790 vere
555 3732 808 3805 loquendi
823 3735 1075 3786 libertatis
1089 3734 1190 3786 hoc

173 3818 474 3887 exemplum
492 3835 619 3869 curn
645 3812 772 3865 ludo
785 3814 1080 3866 Catulliano
1097 3816 1190 3865 mi-

169 3898 305 3948 nime
351 3895 622 3948 convenit.
676 3893 788 3945 Hoc
829 3914 962 3965 saepe
1006 3907 1188 3964 peccat

172 3976 452 4045 Doering.,
494 3973 640 4046 quod
683 3973 989 4043 joculariter
1032 3992 1185 4025 exco-

166 4057 318 4125 gitata
350 4058 488 4107 serio
513 4054 652 4107 dicta
680 4065 844 4123 putat.
871 4054 934 4104 N.

255 4153 301 4190 1.
342 4138 398 4188 O
422 4136 595 4188 Funde
623 4145 746 4185 nost.
778 4155 818 4185 s.
851 4133 966 4185 Sub.
1004 4154 1043 4184 s.
1077 4134 1184 4186 Tib.

1285 1899 1430 1953 Situs
1457 1899 1713 1953 nimirum
1747 1901 1849 1955 suit
1876 1902 2070 1955 Catulli
2102 1921 2226 1974 ager
2255 1905 2309 1957 in

1284 1980 1603 2033 Sabinorum
1654 1992 1706 2032 et
1751 1982 2064 2034 Latinorum
2116 1983 2311 2036 finibus

1285 2059 1391 2126 ita,
1424 2073 1482 2111 ut
1513 2059 1793 2112 commode
1823 2059 1889 2112 ad
1921 2074 2197 2133 utramque
2230 2083 2315 2116 re-

1283 2140 1496 2210 gionem
1529 2140 1716 2190 referri
1753 2151 1943 2210 posset.
1977 2140 2098 2193 Fuit
2136 2155 2311 2195 autem

1283 2237 1406 2290 ager
1422 2219 1561 2271 circa
1578 2220 1769 2284 Tibur,
1791 2218 2051 2289 oppidum
2078 2222 2214 2273 Latii
2234 2220 2303 2274 ad

1283 2301 1539 2350 Anienem
1557 2317 1787 2365 amnem,
1807 2300 2200 2364 amoenissimus,
2222 2321 2319 2354 cu·

1281 2380 1365 2449 jus
1387 2378 1740 2430 suavissimam
1767 2379 2174 2450 descriptionem
2195 2382 2308 2452 lege

1288 2457 1429 2531 apud
1457 2458 1640 2511 Horat.
1671 2458 1772 2512 Od.
1798 2461 1855 2522 1,
1884 2476 1941 2529 7,
1976 2480 1997 2512 1
2018 2479 2036 2512 1
2071 2480 2211 2532 seqq.

1372 2558 1398 2589 2
1409 2580 1421 2590 .
1444 2539 1685 2590 Tiburtem
1703 2541 1864 2610 igitur
1877 2540 2134 2605 Catullus,
2146 2561 2312 2612 quum

1285 2620 1355 2671 ob
1389 2619 1703 2672 celebratam
1746 2622 1857 2688 ejus
1889 2620 2117 2690 regionis
2145 2641 2313 2674 amoe-

1285 2699 1539 2757 nitatem,
1575 2712 1684 2750 tum
1721 2701 1790 2751 ob
1826 2702 2078 2769 majorem
2116 2702 2311 2755 villulae

1285 2778 1672 2830 conciliandam
1704 2778 2045 2849 dignitatem,
2082 2780 2310 2834 fundum

1285 2877 1438 2909 suum
1472 2859 1649 2910 vocari
1698 2860 1912 2922 maluit,
1959 2877 2119 2928 quam
2164 2862 2309 2912 Sabi-

1283 2957 1411 2988 num.
1448 2937 1643 2989 Eadem
1678 2937 1745 2989 de
1777 2956 1928 2989 causa
1958 2951 2105 3007 optat
2135 2940 2308 2992 Hora-

1284 3017 1388 3069 tius
1411 3017 1517 3069 Od.
1544 3020 1594 3068 II
1615 3056 1628 3079 ,
1659 3021 1719 3080 6,
1749 3020 1778 3069 5
1805 3035 1961 3087 seqq:
2000 3043 2020 3063 ι
2043 3019 2309 3070 Tibur——

1283 3099 1456 3168 Argeo
1489 3099 1717 3168 positum
1744 3097 1935 3148 colono
1965 3097 2045 3148 Sit
2074 3116 2202 3150 meae
2228 3119 2309 3150 se-

1282 3175 1374 3228 des
1398 3177 1600 3228 utinam
1624 3188 1841 3229 senectae
1861 3196 1874 3240 3
1896 3176 1974 3227 Sit
1997 3175 2186 3228 modus
2207 3179 2306 3230 las-

1282 3275 1339 3308 so
1386 3257 1544 3308 maris
1589 3269 1640 3308 et
1671 3257 1879 3309 viarum
1926 3256 2298 3328 Militiaeque..

1282 3337 1360 3387 De
1399 3336 1596 3387 Tiburte
1627 3336 1719 3406 qui
1752 3337 1988 3407 egerint,
2020 3335 2142 3389 vide
2173 3357 2307 3408 quos

1279 3413 1460 3467 laudat
1487 3417 1680 3468 Illustr.
1703 3418 1886 3486 Heyne
1912 3414 1978 3468 ad
2000 3418 2153 3487 Virg.
2180 3421 2300 3471 ΖΕΗ.

1280 3496 1389 3546 VII
1405 3535 1419 3560 ,
1435 3496 1812 3560 Excurs.VlII,
1826 3509 1951 3548 tom.
1971 3497 2080 3561 111,
2094 3517 2148 3569 p.
2173 3517 2194 3549 1
2210 3496 2299 3561 34.

1363 3575 1418 3627 3.
1455 3576 1671 3638 Laedere,
1706 3595 1859 3628 urere
1889 3589 1941 3628 et
1968 3595 2218 3647 pungere.

1365 3660 1417 3716 4.
1466 3656 1649 3723 Quovis
1689 3659 1893 3725 pignore
1934 3677 2033 3707 esse
2080 3658 2297 3709 contend.

1277 3731 1413 3786 Satis
1452 3748 1578 3785 nota
1616 3736 1729 3788 haec
1768 3734 2018 3807 loquendi
2053 3738 2187 3788 ratio
2216 3739 2298 3788 vel

1277 3832 1340 3864 ex
1364 3814 1572 3867 Phaedr.
1596 3817 1694 3880 IV,
1723 3834 1808 3877 ao,
1836 3818 1884 3868 5.
1900 3816 2299 3868 —Sacramento

1277 3895 1557 3945 contendere
1594 3895 1783 3947 eodem
1824 3914 1975 3947 sensu
2015 3896 2148 3947 dixit
2185 3895 2325 3947 Cics

1277 3973 1329 4024 in
1362 3975 1528 4044 Epist.
1561 3973 1627 4026 ad
1656 3976 1772 4027 Div.
1805 3976 1939 4033 VII,
1974 3976 2074 4038 32,
2105 3975 2195 4026 ubi
2226 3977 2294 4028 cf.

1277 4051 1343 4104 de
1367 4055 1470 4105 hoc
1488 4053 1697 4106 dicendi
1717 4074 1905 4124 genere
1922 4054 2205 4106 Manutius.

1359 4153 1409 4202 7.
1449 4136 1554 4185 Pro
1600 4135 1761 4203 expuli
1793 4138 1951 4186 tussim
1983 4134 2214 4205 Scaliger
2246 4148 2299 4187 et
