2986 4935
708 457 848 530 138

1227 460 1301 528 C.
1340 460 1774 528 VALERII
1833 461 2307 528 CATULLI

908 593 1062 661 Non
1096 594 1469 660 immerenti
1504 617 1703 685 quam
1744 593 1905 660 mihi
1940 616 2123 660 meus
2162 608 2392 661 venter
2415 646 2432 672 ‚

911 702 1091 767 Dum
1129 715 1550 794 sumptuosas
1584 714 1861 792 appeto,
1896 698 2111 785 dedit,
2143 724 2382 768 coenas.

909 806 1120 892 Nam,
1155 808 1502 875 Sextianus
1540 805 1697 873 dum
1739 804 1891 874 volo
1931 831 2070 873 esse
2104 808 2417 889 conviva,

909 914 1300 981 Orationem
1345 914 1412 980 in
1454 914 1728 981 Antium
1768 914 2115 1005 petitorem

909 1018 1176 1086 Plenam
1222 1021 1459 1087 veneni
1492 1035 1559 1087 et
1600 1017 1983 1114 pestilentiae
2021 1016 2193 1112 legit.

909 1127 1035 1193 Hic
1081 1151 1186 1210 nie
1224 1125 1515 1219 gravedo
1560 1125 1833 1218 frigida,
1866 1139 1931 1191 et
1969 1124 2279 1217 frequens
2315 1125 2510 1192 tussis

697 1339 913 1390 Vossius
942 1338 1149 1390 malunt
1171 1343 1337 1408 exspui
1356 1380 1368 1400 ‚
1402 1337 1549 1409 quod
1577 1337 1716 1408 apud

695 1419 1010 1471 Terentium
1037 1419 1280 1469 Eunuch.
1308 1419 1422 1482 111,
1455 1438 1505 1480 1,
1536 1422 1602 1470 16
1634 1417 1717 1469 di-

692 1500 866 1562 citur,
909 1501 1140 1549 miseriam
1183 1520 1242 1549 ea:
1283 1503 1442 1550 animo
1476 1519 1715 1568 exspuere.

693 1577 799 1632 Sed
828 1580 939 1630 haec
971 1579 1096 1630 levis
1118 1596 1268 1630 causa
1296 1578 1361 1630 ad
1390 1579 1719 1649 proscriben-

695 1657 818 1711 dam
853 1659 1131 1710 lectionem
1172 1659 1293 1709 satis
1332 1660 1560 1723 bonam,
1602 1678 1718 1729 quae

695 1740 903 1808 egregie
934 1737 1153 1789 stabiliri
1188 1751 1358 1809 potest
1391 1737 1599 1790 Horatii
1629 1758 1717 1791 ex-

696 1819 873 1887 emplo
914 1818 1080 1887 Epist.
1117 1819 1202 1881 11,
1241 1839 1302 1878 α,
1350 1819 1478 1887 137,
1519 1818 1609 1870 ubi
1644 1831 1719 1870 est

694 1898 877 1968 expulit
914 1897 1149 1948 helleboro
1187 1897 1414 1949 morbum.
1454 1899 1716 1950 Caeterum

695 1978 782 2029 hic
816 1979 960 2030 locus
991 1996 1018 2028 a
1040 1977 1186 2028 Viris
1214 1979 1394 2030 Doctis
1424 1978 1719 2031 felicissime

695 2071 902 2111 sanatus
920 2071 996 2109 est
1017 2076 1076 2108 ex
1102 2070 1351 2129 corrupta
1375 2072 1427 2110 et
1447 2056 1586 2109 foeda
1603 2056 1716 2108 MS.

693 2138 920 2191 lectione
942 2139 1179 2209 aliamque
1198 2151 1388 2207 pectore
1413 2136 1517 2199 [vel
1535 2134 1716 2207 petere]

692 2220 914 2289 expulsus
933 2238 1051 2277 sunt,
1078 2238 1171 2269 non
1196 2222 1456 2270 immerenti
1476 2239 1616 2289 quam
1638 2223 1719 2268 mi·

696 2300 746 2348 lu·
765 2319 892 2349 mens
909 2303 1132 2358 'ver-titur,
1151 2300 1233 2350 vel
1257 2319 1383 2352 mens
1401 2311 1613 2360 veretur,
1637 2297 1717 2349 vel

697 2398 823 2429 mens
850 2389 1047 2439 vet-tur,
1083 2375 1163 2437 [ut
1189 2378 1244 2428 in
1267 2379 1395 2431 Stat.
1426 2377 1599 2437 MSS]
1638 2378 1717 2429 vel

696 2479 822 2510 meus
867 2470 1023 2509 vertet
1068 2454 1168 2517 [uti
1216 2458 1270 2509 in
1318 2460 1514 2510 Muret.
1557 2457 1715 2519 MS.].

694 2538 941 2591 Lambini
963 2538 1099 2590 liber
1124 2558 1282 2589 ‘voras
1305 2551 1485 2589 venter.

777 2622 829 2672 8.
864 2638 917 2684 9.
950 2618 1065 2669 Non
1088 2621 1263 2669 immer.
1291 2638 1432 2689 quam
1456 2619 1572 2668 milei
1594 2638 1717 2669 meus

693 2710 824 2750 vent.
852 2700 979 2749 Dum
998 2709 1095 2750 etc.
1118 2697 1171 2749 h.
1191 2718 1236 2750 e.
1257 2717 1436 2769 quam,
1457 2696 1587 2749 dum
1605 2699 1718 2749 lau-

695 2790 772 2829 tas
806 2790 857 2831 et
891 2778 1134 2848 opiparas
1167 2790 1336 2830 sector
1367 2797 1570 2838 coenaS‚
1600 2780 1717 2848 jure

695 2858 992 2929 meritoque
1049 2858 1182 2910 mihi
1236 2848 1411 2926 [dedet]
1461 2859 1719 2909 contraxit

696 2935 902 2999 [venter]
948 2939 1143 2989 ventris
1188 2940 1292 2990 mei
1328 2939 1598 2990 voracitas.
1639 2970 1716 2980 —

696 3018 779 3070 Sic
831 3019 1103 3070 Plautinus
1151 3018 1366 3089 quidam
1417 3019 1670 3088 parasitus
1704 3038 1714 3069 :

706 3126 726 3143 ι
750 3100 853 3150 Has
871 3118 1129 3151 aerumnas
1151 3099 1279 3150 mihi
1305 3113 1486 3151 venter
1506 3112 1660 3149 creat.
1688 3126 1708 3142 ι

696 3179 810 3232 Mil.
836 3180 965 3249 glor.
995 3179 1047 3241 I,
1087 3198 1131 3231 1.
1165 3180 1229 3229 N.

789 3278 872 3311 10.
903 3258 1160 3308 Sextiunus
1183 3263 1392 3309 conviva.
1425 3257 1582 3308 Haud
1615 3257 1713 3308 du·

695 3338 781 3388 hie
822 3337 884 3389 ad
929 3338 1142 3389 Sextium
1178 3340 1255 3390 vel
1298 3339 1475 3407 potius
1512 3338 1714 3388 Sestium

693 3431 933 3470 nostruin
954 3419 1220 3489 pertinent
1237 3418 1366 3468 dicta
1381 3418 1599 3469 Sestiana
1618 3438 1714 3487 pro

695 3497 902 3548 insulsis
927 3511 979 3549 et
1000 3498 1194 3566 ineptis
1216 3496 1357 3568 apud
1381 3497 1624 3550 Ciceroni.
1646 3496 1713 3549 ad

695 3578 814 3629 Div.
835 3578 971 3640 VII,
1003 3577 1068 3628 32
1090 3617 1103 3641 ‚
1130 3575 1195 3629 ad
1222 3597 1382 3648 quem
1408 3578 1583 3629 locum
1605 3579 1710 3647 jam

695 3659 966 3710 Victorius
996 3659 1276 3728 probatum
1306 3658 1432 3716 ivit,
1464 3656 1711 3708 eumdem

691 3738 764 3790 ihi
787 3738 1011 3790 Sestium
1038 3757 1065 3789 a
1086 3737 1341 3789 Cicerone
1364 3737 1530 3798 innui,
1552 3754 1709 3805 quem

690 3819 930 3872 Catullus
965 3818 1020 3869 in
1058 3818 1160 3869 hoc
1193 3817 1425 3869 carmine
1458 3817 1711 3887 perstrin-

688 3900 841 3952 xerit.
857 3898 1094 3951 Fortasse
1108 3895 1175 3949 de
1194 3894 1380 3948 eodem
1390 3897 1548 3959 valet,
1565 3895 1712 3966 quod

688 3980 872 4031 scribit
901 3979 1011 4032 Cic.
1037 3977 1103 4031 ad
1130 3977 1291 4029 Attio.
1312 3977 1440 4039 VII,
1472 3994 1536 4045 17
1558 3994 1571 4026 :
1603 4001 1624 4022 ι
1647 3977 1709 4028 In

689 4078 797 4129 quo
828 4059 1061 4112 accusavi
1097 4076 1303 4110 mecum
1336 4055 1513 4126 ipsum
1553 4056 1710 4108 Pom·

687 4139 887 4207 peium,
901 4139 992 4209 qui
1002 4157 1166 4208 quum
1177 4137 1402 4208 scriptor
1411 4136 1711 4188 luculentus

1807 1349 1937 1388 esset
1954 1376 1968 1400 ‚
1996 1349 2163 1389 tantas
2185 1355 2292 1398 res,
2322 1350 2478 1407 atque
2505 1356 2619 1402 ea8‚
2649 1357 2765 1410 quae
2783 1340 2831 1389 in

1808 1417 2047 1468 omnium
2075 1436 2259 1468 manus
2278 1429 2513 1469 venturae
2534 1431 2727 1482 essent,
2748 1418 2831 1470 Se·

1808 1497 1906 1547 stio
1937 1509 2117 1548 nostro
2146 1495 2448 1548 scribendas
2469 1495 2713 1562 dederit;
2741 1501 2828 1549 ita-

1808 1595 1910 1646 que
1934 1576 2065 1627 nihil
2090 1595 2321 1647 unquam
2344 1577 2446 1647 legi
2472 1578 2734 1647 scriptum
2759 1598 2829 1632 στι-

1809 1651 2160 1725 στιωὸέστιρον
2184 1683 2204 1702 ι
2227 1656 2281 1708 b.
2313 1676 2358 1708 e.
2390 1658 2555 1727 magis
2579 1658 2829 1709 insulsum

1808 1747 1859 1787 et
1890 1734 2161 1806 frigidum,

1894 1834 1915 1866 1
1936 1836 1982 1867 1.
2017 1816 2159 1868 Orat.
2195 1819 2244 1867 in
2267 1816 2392 1868 Ant.
2420 1814 2487 1869 de
2511 1817 2679 1869 Antio
2703 1816 2828 1868 nihil

1807 1895 1933 1947 certi
1957 1895 2290 1965 pronuntiari
2314 1907 2503 1966 potest.
2525 1898 2747 1948 Vossius
2763 1897 2830 1948 in·

1806 1975 1997 2044 telligit
2020 1976 2081 2027 C.
2106 1977 2310 2028 Antium
2335 1977 2626 2038 Restionem,
2653 1977 2744 2048 qui
2762 1978 2828 2028 le·

1806 2073 1925 2123 gem
1955 2056 2074 2107 tulit
2110 2057 2489 2126 sumptuariam
2519 2071 2571 2108 et
2607 2059 2827 2126 prosc-ri·

1806 2146 1929 2205 ptus
1958 2154 1985 2186 a
2016 2136 2307 2187 triumviris
2328 2155 2467 2187 anno
2496 2138 2565 2188 U.
2603 2138 2669 2189 C.
2702 2155 2764 2205 7¹
2784 2156 2827 2189 π.

1808 2214 1939 2265 mira
1968 2216 2099 2267 servi
2126 2214 2381 2268 fidelitate
2401 2217 2591 2279 evasit,
2618 2216 2829 2268 testibus

1807 2294 2082 2347 Macrobio
2105 2307 2156 2347 et
2184 2297 2429 2367 Appiano
2457 2296 2825 2349 Alexandrino.

1806 2406 1886 2415 ·—
1917 2376 2111 2427 Actium
2141 2376 2223 2427 vel
2254 2376 2444 2428 Attium
2476 2377 2529 2427 in
2563 2377 2823 2448 plurimis,

1806 2453 1899 2506 sed
1941 2456 2118 2508 verior
2169 2456 2326 2508 lectio
2371 2454 2588 2509 videtur
2639 2470 2827 2515 nostra,

1806 2553 1964 2603 quam
1990 2537 2121 2589 Stat.
2153 2557 2182 2589 e
2209 2537 2437 2590 lectione
2463 2537 2618 2590 MSS.
2648 2541 2825 2588 minan-

1808 2617 1921 2665 tium
1949 2618 2084 2668 bene
2111 2616 2356 2669 restituit.
2387 2617 2614 2669 Munacii
2637 2617 2691 2669 in
2714 2618 2825 2688 qui

1806 2694 2026 2747 busdam
2057 2696 2444 2749 vetustioribus
2469 2729 2552 2741 —-
2570 2699 2826 2749 Petitarum

1804 2792 2086 2845 perperam
2107 2777 2366 2847 Vulpius‚
2392 2789 2446 2829 et
2475 2796 2616 2848 quos
2643 2778 2730 2829 ille
2755 2796 2825 2828 se·

1804 2855 1984 2922 quitur
2002 2895 2016 2919 ,
2044 2855 2113 2907 de
2141 2876 2204 2907 eo
2233 2857 2495 2926 explicant
2513 2896 2528 2922 ,
2555 2862 2645 2929 qui
2670 2862 2720 2909 in
2745 2877 2825 2908 ve·

1803 2947 1873 2984 stc
1899 2936 2106 2987 candida
2135 2941 2466 3005 magistratum
2490 2957 2522 2987 a
2547 2939 2733 3007 populo
2751 2956 2825 3006 pe·

1805 3018 1947 3067 tierit.
1962 3019 2135 3068 Immo
2140 3020 2320 3086 petitor
2321 3018 2428 3088 jam
2441 3028 2518 3069 est
2525 3032 2714 3072 auctor
2721 3036 2826 3070 can·

1804 3113 1870 3146 sae
1891 3136 1903 3154 ‚
1935 3099 2027 3166 qui
2056 3098 2189 3166 petit
2209 3109 2261 3148 et
2278 3098 2427 3149 litem
2452 3097 2718 3163 intendit,
2744 3098 2823 3149 cui

1804 3178 2097 3246 opponitur
2130 3178 2254 3227 unde
2286 3181 2469 3247 petitur
2497 3178 2554 3229 h.
2596 3197 2647 3230 e.
2683 3197 2823 3238 reus,

1805 3256 1859 3305 in
1906 3276 2013 3326 quo
2052 3276 2203 3307 sensu
2235 3262 2418 3327 petitor
2455 3256 2650 3328 passim
2686 3254 2822 3328 apud

1806 3335 2115 3387 Ciceronem
2149 3335 2362 3397 dicitur,
2397 3337 2544 3388 verb.
2590 3354 2748 3390 causa
2773 3336 2821 3387 in

1806 3415 1952 3466 Orat.
1978 3435 2077 3485 pro
2099 3418 2289 3467 Roscio
2308 3436 2352 3468 c.
2386 3438 2407 3470 1
2423 3424 2476 3480 4,
2498 3413 2631 3471 edit.
2653 3419 2822 3471 Grnv.

1807 3493 1889 3546 Cs.
1914 3496 2039 3547 Ter.
2061 3497 2199 3548 Eun.
2230 3497 2370 3549 Prol.
2392 3516 2441 3548 v,
2476 3516 2497 3549 ι
2515 3514 2566 3559 ῐ,
2607 3517 2697 3550 12.
2726 3497 2822 3548 Pro

1804 3594 1896 3625 reo
1925 3575 2085 3645 igitur
2115 3575 2344 3645 quodam
2376 3578 2429 3628 in
2460 3576 2707 3630 oratione
2736 3577 2821 3627 ista

1804 3655 2047 3724 pestifera
2092 3668 2276 3708 contra
2321 3669 2554 3709 actorem
2609 3657 2819 3708 Antium

1802 3754 2006 3787 causam
2032 3733 2211 3786 dicer«-
2233 3754 2386 3787 ausus
2410 3736 2580 3789 fuerat
2612 3736 2819 3788 Sestius.

1890 3836 1910 3869 1
1928 3836 1978 3867 a.
2011 3816 2150 3868 Pleu.
2182 3836 2290 3868 ven.
2316 3827 2364 3865 et
2378 3817 2540 3887 pestil.
2570 3816 2659 3870 Cf.
2682 3834 2818 3886 supr.

1800 3896 1975 3948 Carm.
2004 3896 2158 3959 XIV,
2190 3915 2276 3965 19.

1887 3996 1907 4027 1
1924 3976 1973 4027 3.
1995 3975 2440 4045 Gravedosra‘ge'da‚
2458 3977 2699 4041 morbus,
2712 3974 2815 4046 qui,

1799 4067 1860 4107 ut
1880 4056 2061 4109 Celsus
2081 4054 2238 4108 docet
2258 4057 2409 4117 lvn
2432 4073 2445 4108 :
2477 4074 2664 4109 «nares
2685 4056 2818 4108 clau·

1799 4133 1898 4200 dit,
1919 4154 2102 4189 vocem
2126 4135 2401 4200 obtundit,
2428 4136 2613 4190 tussim
2633 4136 2815 4189 siccam
