2986 4935
855 464 1298 536 CARMEN
1356 470 1604 535 LXII.

2136 494 2277 538 201

280 596 427 663 Non
465 593 707 663 frustra
743 597 1143 667 meditantur
1173 625 1187 666 :
1228 599 1474 667 habent
1511 600 1936 682 memorabile
1969 600 2150 696 quod
2184 604 2286 671 sit.

280 702 417 769 Nec
459 702 698 769 mirum
734 728 750 769 :
789 717 929 771 tota
967 706 1226 797 penitus
1261 730 1407 798 quae
1445 720 1665 774 mente
1703 705 2024 776 laborent.

280 809 416 875 Nos
452 805 580 874 alio
613 823 902 894 mentes,
930 808 1058 878 alio
1089 811 1429 880 divisimus
1465 835 1675 880 aures.
2246 846 2295 882 ‚s

279 915 432 981 Jure
465 914 666 1006 igitur
697 915 1058 985 vincemur.
1090 919 1286 985 Amat
1314 918 1586 986 victoria
1621 941 1870 986 curam.

280 1021 499 1107 Quare
535 1043 713 1088 nunc
751 1023 1005 1090 animos
1042 1021 1270 1091 saltem
1311 1024 1699 1092 committite
1742 1037 2027 1110 vestros3

281 1126 517 1193 Dicere
545 1123 684 1217 jam
724 1127 1071 1220 incipient,
1097 1129 1233 1220 jam
1272 1130 1670 1223 respondere
1714 1128 2004 1215 decebit3

283 1231 535 1323 Hymen
573 1256 616 1299 o
647 1234 1041 1323 Hymenaee,
1083 1238 1344 1328 Hymen
1385 1235 1541 1304 ades
1578 1261 1621 1303 o
1654 1238 2027 1329 Hymenaee.

1057 1443 1406 1488 PUELLAE.

381 1603 708 1693 Hespere,
746 1602 857 1692 qui
900 1600 1056 1668 caelo
1103 1599 1309 1668 fertur
1349 1600 1678 1669 crudelior
1718 1600 1929 1696 ignis?
2246 1647 2294 1674 ,ο

191 1807 392 1877 quiores.
419 1808 615 1862 Statius
636 1822 809 1861 autem
839 1829 901 1860 ex
921 1808 1189 1879 corruptis

192 1887 508 1954 lectionibus,
546 1907 675 1958 quas
712 1887 765 1939 in
796 1887 1004 1941 duobus
1034 1887 1187 1940 MSS.

193 1965 464 2030 invenerat,
503 1968 655 2019 vario
700 1966 859 2019 modo
897 1967 1037 2019 hunc
1074 1987 1187 2020 ver·

192 2063 290 2097 sum
332 2048 602 2100 restituere
652 2047 863 2099 molitus
903 2060 976 2099 est
1021 2064 1034 2098 ε
1078 2047 1188 2098 vult

192 2123 314 2176 euim
337 2127 417 2179 vel
447 2153 470 2173 ι
493 2126 687 2195 Aspice
715 2144 832 2195 quo
855 2127 1089 2195 innupto
1111 2145 1188 2177 se·

190 2222 298 2255 cum
333 2219 389 2257 ut
425 2204 677 2258 meditata
710 2207 1017 2276 requirunt,
1043 2231 1064 2251 ι
1108 2206 1188 2256 vel

196 2284 437 2353 -Aspicite
465 2285 707 2354 innuptae
733 2303 905 2355 queso
934 2297 991 2336 ut
1023 2284 1189 2336 medi·

189 2374 280 2415 tata
306 2364 584 2435 requirunt
600 2402 614 2429 ,
639 2389 659 2410 ι
689 2365 773 2416 vel
814 2391 835 2410 ι
861 2363 1050 2433 Aspice
1075 2382 1191 2434 quae

189 2443 403 2513 innupta
425 2462 605 2498 secum
628 2456 686 2496 ut
702 2441 1040 2498 meditamina
1058 2462 1193 2515 quae·

190 2536 350 2586 παπ,-
370 2524 451 2575 vel
479 2522 788 2592 -Adspicite
808 2524 1039 2594 innupta
1056 2541 1193 2594 qum·

190 2620 240 2653 so
263 2615 316 2654 nt
342 2602 689 2657 meditamina
721 2615 976 2674 qum-unt.
1003 2628 1023 2648 ι
1064 2603 1192 2653 Pro·

188 2680 309 2733 tecto
331 2681 410 2734 ha
430 2696 556 2735 sunt
585 2682 751 2753 epuloe
778 2681 977 2734 dubim!
1003 2712 1076 2722 —
1109 2683 1191 2732 In-

189 2774 332 2830 aeqttoe
349 2782 501 2815 secum
533 2773 590 2813 ut
611 2762 770 2813 medie.
800 2764 1066 2833 requie-um,
1089 2761 1193 2812 hoc

190 2853 256 2892 est
285 2859 436 2912 quam
469 2840 680 2896 curiose
712 2853 953 2911 repetunt
984 2853 1034 2892 et
1066 2859 1191 2910 pro-

194 2935 320 2973 mere
336 2920 582 2984 student,
603 2939 719 2991 quae
740 2919 1020 2991 diligenter
1043 2933 1191 2971 antea

190 3001 361 3067 puello
393 3019 576 3054 secum
610 3012 970 3052 oonimentatae
998 3011 1048 3050 et
1078 3017 1188 3051 me·

191 3074 345 3133 ditata
383 3093 521 3132 sunt.
570 3079 808 3131 Meditata
853 3078 1085 3148 passive,
1134 3091 1193 3130 nt

191 3164 331 3211 oratio
360 3160 593 3213 meditata
619 3158 784 3210 Tacit.
820 3157 1008 3211 Annal.
1038 3158 1191 3219 XIV,

195 3238 291 3302 ⁵⁵,
323 3258 344 3291 x
363 3277 380 3302 ‚
409 3253 464 3293 et
502 3257 695 3290 camon
736 3237 1008 3288 meditatum
1046 3234 1187 3306 apud

190 3316 311 3371 Ptin.
327 3318 518 3389 Paneg.
540 3336 587 3371 c.
621 3319 682 3383 3,
707 3316 797 3368 ubi
815 3314 923 3369 vid.
945 3316 1189 3368 Schwartz

191 3398 346 3466 pagini.
381 3402 434 3449 6.

268 3483 346 3540 ¹4·
379 3478 540 3531 Hunc
577 3494 783 3528 versum
820 3474 1028 3528 reduxit
1055 3476 1190 3525 Vos-

191 3553 316 3613 nius,
339 3570 536 3610 temere
566 3575 628 3607 ex
654 3559 764 3625 ejus
787 3555 1036 3607 sententia
1059 3573 1089 3606 a
1114 3554 1190 3606 vi·

192 3633 255 3685 ris
275 3633 438 3688 doctis
463 3647 785 3705 expunctum
805 3672 820 3697 ,
842 3652 1004 3703 quum
1029 3646 1079 3685 et
1102 3653 1189 3685 ve·

194 3715 844 3767 iustissimum'rlmanaeum
855 3726 906 3764 et
915 3712 1015 3764 elia
1023 3730 1192 3764 exem·

194 3792 340 3861 plu-ia
374 3812 500 3846 eum
539 3804 833 3863 agnoscant.
873 3792 1188 3843 Sententiam

190 3885 316 3925 certe
343 3886 393 3926 et
421 3873 715 3925 orationem
743 3872 946 3941 egregie
967 3871 1055 3923 hic
1075 3890 1190 3923 ver·

191 3969 267 4002 ms
280 3954 438 4021 invat-
459 3953 567 4004 Pro
587 3951 802 4001 laborent
819 3947 1062 4019 equidem
1085 3969 1191 4002 ma·

191 4029 276 4082 lim
301 4032 539 4082 laborant.
573 4062 650 4072 --
684 4030 787 4082 Nec
820 4033 1015 4090 mirum,
1052 4029 1107 4080 h.
1139 4048 1184 4081 e.

192 4126 276 4160 nee
312 4110 505 4163 mirum
544 4108 676 4160 adeo
713 4108 878 4161 videri
917 4106 1103 4170 debet,
1147 4110 1188 4159 si

1276 1811 1618 1863 memorabile
1649 1807 1781 1883 quid
1810 1811 2073 1881 profertur
2101 1813 2169 1865 ab
2198 1814 2291 1879 iis,

1274 1907 1391 1957 quae
1423 1902 1531 1942 toto
1563 1891 1740 1942 animo
1770 1903 1819 1941 et
1847 1891 2093 1943 omnibus
2118 1891 2289 1946 inten-

1276 1968 1340 2019 tis
1360 1968 1562 2019 viribus
1589 1969 1642 2021 in
1674 1987 1737 2020 eo
1763 1969 2017 2021 laborant.

1363 2066 1382 2100 ι
1399 2046 1427 2099 5
1439 2088 1450 2098 .
1470 2047 1572 2098 Nos
1590 2049 1687 2099 alio
1704 2060 1894 2108 mentes,
1916 2048 2014 2098 alio
2031 2049 2288 2104 divisam.

1275 2145 1371 2178 nos
1395 2126 1512 2177 aliis
1536 2127 1692 2178 rebus
1707 2164 1722 2189 ,
1747 2127 1940 2196 quibus
1965 2127 2119 2181 simul
2141 2148 2295 2182 aures

1275 2217 1328 2256 et
1367 2204 1604 2256 animum
1637 2206 1958 2276 probemus,
1994 2203 2210 2260 districti
2240 2221 2291 2260 et

1276 2281 1486 2336 distenti
1533 2296 1787 2336 tenemur.
1829 2283 2034 2337 Animus
2079 2287 2253 2339 divisus
2270 2322 2292 2348 ‚

1275 2364 1366 2433 qui
1407 2363 1651 2432 pluribus
1689 2365 1844 2416 rebus
1874 2377 1925 2417 et
1965 2365 2289 2434 cogitationi·

1275 2444 1374 2495 bus
1389 2441 1578 2496 eodem
1599 2455 1836 2513 tempore
1853 2457 2153 2516 occupatur.
2170 2445 2290 2498 Vir·

1277 2524 1365 2593 gil.
1390 2522 1600 2575 AEneid.
1620 2524 1782 2583 vlu,
1822 2541 1923 2575 ao:
1959 2526 2161 2597 «Atque
2181 2525 2295 2577 ani·

1276 2620 1424 2654 mum
1450 2620 1595 2654 nunc
1626 2602 1731 2655 huc
1759 2603 2011 2666 celerem,
2040 2625 2183 2658 nunc
2209 2603 2297 2658 di·

1277 2680 1409 2734 vidit
1441 2682 1583 2733 illuc.
1609 2709 1630 2729 ι
1673 2682 1921 2734 Similiter
1949 2682 2094 2753 apud
2127 2683 2290 2738 ovid.

1276 2760 1492 2812 Remed.
1522 2780 1570 2812 v.
1603 2761 1740 2825 443,
1764 2781 1887 2812 mens
1913 2761 2139 2831 bipartito
2162 2777 2290 2815 secta

1277 2837 1471 2893 dicitur
1493 2839 1562 2891 de
1586 2859 1649 2891 eo
1667 2876 1683 2901 ‚
1701 2839 1790 2910 qui
1815 2841 1963 2891 binas
1980 2842 2135 2894 simul
2155 2857 2294 2896 amat

1276 2920 1490 2989 puellas.

1363 3003 1449 3051 16.
1484 3000 1637 3049 Amat
1664 3001 1833 3050 victor.
1871 3019 1981 3051 cur.
2015 3000 2100 3053 Sic
2136 3002 2290 3054 Euri·

1274 3076 1385 3148 pid.
1413 3077 1663 3129 Phoeniss.
1683 3096 1731 3129 v.
1757 3080 1866 3146 726
1894 3095 1907 3129 :
1931 3080 1998 3132 Τὸ
2024 3083 2157 3148 νωιᾷν
2185 3081 2291 3133 ἐστὶ

1276 3161 1372 3209 πᾶν
1407 3155 1652 3209 :saeculia-
1674 3182 1696 3200 ·

1366 3259 1378 3287 ι
1394 3255 1445 3304 7.
1471 3235 1741 3287 convertite
1760 3248 1943 3288 vestros
1963 3238 2197 3290 Vossius.
2216 3270 2292 3281 —

1280 3316 1570 3367 Committite
1586 3315 1840 3368 nimirum
1855 3335 1976 3368 cum
1996 3318 2290 3387 puellarum

1274 3395 1464 3446 animis
1475 3434 1489 3458 ‚
1503 3396 1559 3447 h.
1576 3413 1620 3445 e.
1642 3396 1969 3466 componite3
1988 3397 2290 3449 translatum

1275 3494 1304 3526 a
1318 3472 1692 3543 gladiatoribus
1702 3513 1715 3535 ‚
1730 3475 1819 3545 qui
1839 3480 2065 3528 committi
2075 3477 2157 3529 vel
2172 3497 2294 3528 com·

1270 3559 1392 3623 pom'
1407 3572 1530 3605 cum
1547 3552 1856 3607 adversariis
1873 3552 2197 3608 dicebantur.
2214 3589 2293 3598 —

1276 3632 1422 3685 Falsa
1441 3632 1553 3684 haec
1571 3633 1948 3702 interpretatio.
1969 3634 2161 3687 Catulli
2182 3653 2292 3687 sen-

1278 3712 1436 3764 tentia
1466 3713 1541 3764 sic
1573 3713 1731 3765 habet
1756 3731 1769 3761 ε
1797 3710 1971 3765 adhuc
2004 3713 2117 3765 aliis
2142 3715 2296 3765 rebus

1276 3792 1551 3861 occupati,
1570 3809 1711 3843 nunc
1733 3792 1910 3844 saltem
1935 3791 1982 3842 ei
2002 3792 2109 3855 rei,
2132 3811 2292 3863 quam

1275 3870 1424 3941 agitis
1440 3910 1455 3932 ,
1497 3868 1674 3923 dedite
1693 3908 1707 3933 ‚
1745 3869 2054 3922 committite
2094 3870 2297 3922 animos

1278 3963 1487 4002 vestros.
1506 3950 1692 4001 Noster
1707 3950 1819 4002 MS.
1837 3949 1924 4002 dat
1943 3953 2208 4003 convertito.
2224 3951 2291 4004 N.

1363 4049 1444 4079 ao.
1483 4031 1586 4096 Qut
1606 4049 1696 4098 pro
1718 4035 1837 4099 qui-n
1875 4030 1995 4096 Quis
2024 4029 2141 4078 coelo
2173 4047 2293 4097 per-

1281 4126 1455 4177 peram
1496 4109 1549 4160 in
1589 4107 1935 4178 quibusdam,
1970 4126 2088 4159 nam
2123 4108 2296 4180 sepis-
