2986 4935
723 434 870 506 350

1243 438 1316 504 C.
1356 438 1786 505 VALERII
1844 439 2306 508 CATULLI

921 568 1117 660 Cogit
1150 591 1372 634 amare
1414 571 1661 660 magis,
1706 568 1817 636 sed
1863 570 2027 637 bene
2071 568 2237 638 velle
2283 572 2515 639 minus.

725 809 802 816 -—
831 776 993 843 Cogat
1043 775 1252 846 Gryph.
1298 776 1491 827 Muret.
1523 775 1737 826 Vossius

724 868 775 906 et
804 855 904 906 alii.
937 854 1035 906 Sed
1063 868 1237 906 nostra
1262 854 1417 905 lectio
1445 867 1521 905 est
1545 854 1597 905 in
1630 873 1741 905 om·

722 935 880 985 nibus
912 935 1062 986 MSS.
1093 931 1233 1001 apud
1262 934 1389 985 Stat.
1412 965 1489 973 -—
1514 935 1576 985 In
1608 933 1736 985 edit.

724 1014 928 1086 Gryph.
976 1007 1180 1081 (1537)
1213 1031 1336 1065 cum
1369 1014 1470 1063 hoc
1505 1013 1737 1064 carmine

718 1093 1061 1162 conjungitur
1083 1093 1414 1161 Epigramma
1441 1091 1546 1144 Odi
1562 1105 1607 1142 ee
1631 1112 1738 1143 amo

720 1173 995 1222 LXXXV.
1020 1173 1087 1222 At
1110 1171 1337 1223 Achilles
1356 1172 1550 1222 Statius
1566 1184 1737 1241 putat,

724 1265 812 1302 aut
842 1252 997 1302 simul
1020 1269 1138 1301 cuin
1167 1251 1277 1313 his,
1305 1263 1393 1301 aut
1422 1250 1591 1302 statim
1619 1263 1737 1320 post

723 1331 820 1381 hos
839 1367 854 1388 ,
877 1328 1120 1399 legendos
1143 1347 1250 1380 esse
1270 1348 1449 1380 versus
1465 1348 1525 1381 ex
1551 1329 1732 1400 Epigr.

723 1409 945 1470 LXXV,
991 1409 1051 1470 5,
1084 1409 1225 1459 Νωιε
1261 1420 1332 1459 est
1366 1427 1491 1458 mens
1528 1410 1738 1459 adducta

726 1506 886 1557 usque
924 1487 990 1539 ad
1032 1489 1222 1551 finem;
1260 1501 1313 1539 et
1358 1486 1552 1539 deinde
1592 1489 1735 1551 illos,

732 1568 832 1618 Ode·
857 1579 903 1616 et
930 1587 1050 1617 amo.
1069 1599 1146 1608 —
1164 1569 1225 1618 In
1259 1565 1378 1618 edd.
1396 1568 1608 1619 Venett.
1638 1569 1738 1619 hoc

724 1665 842 1697 cum
875 1647 1108 1717 sequenti
1142 1647 1371 1698 carmine
1411 1647 1741 1714 conjunctim

727 1725 1011 1776 exhibitum
1043 1738 1133 1777 est.
1157 1759 1237 1767 --
1259 1725 1406 1793 Quod
1422 1738 1680 1777 amantem.
1695 1767 1707 1778 .

727 1806 848 1855 velle
869 1807 1033 1855 minus.
1070 1807 1257 1873 lnjuria
1283 1801 1471 1874 (ὕῧρις)
1497 1805 1741 1870 offensio,

1826 776 2063 847 perfidia.
2081 808 2157 818 —
2176 778 2305 828 Bene
2331 778 2477 838 velle,
2515 776 2750 848 diligere.
2777 781 2835 830 ln

1825 856 1960 907 hanc
2016 857 2325 908 seutentiam
2388 856 2628 910 Phaedria
2698 858 2834 927 apud

1826 935 2134 986 Terentium
2154 935 2834 1001 Eunuch.1‚1‚25:«0

1827 1012 2103 1085 indignum
2134 1014 2360 1079 facinus,
2387 1034 2530 1068 nunc
2563 1034 2662 1108 ege
2693 1029 2750 1068 et
2772 1018 2837 1068 Il-

1825 1093 1928 1145 lam
1950 1095 2217 1145 scelestam
2244 1113 2384 1154 esse,
2412 1107 2463 1146 et
2487 1114 2572 1147 me
2594 1097 2837 1148 miserum

1826 1172 2024 1235 sentin,
2042 1173 2111 1224 Et
2129 1171 2317 1236 taedet,
2340 1185 2394 1225 et
2411 1192 2591 1226 amore
2609 1172 2830 1227 ardeo.-

1825 1252 1894 1303 Et
1912 1252 1984 1303 sic
2003 1249 2326 1304 Claudianus
2344 1252 2593 1305 Fescenn.
2615 1272 2664 1306 v.
2709 1272 2732 1304 1
2749 1273 2836 1307 10:

1833 1357 1854 1376 .-
1875 1330 2237 1402 Accenditque
2266 1332 2453 1401 magis,
2476 1351 2593 1403 quae
2618 1334 2837 1403 refugit,

1828 1411 2027 1461 Venus..
2053 1437 2074 1456 ι
2107 1411 2229 1461 Huc
2247 1411 2475 1480 pertinet
2494 1430 2709 1482 quoque
2722 1413 2838 1484 Epi·

1827 1508 2058 1558 gramma
2074 1490 2223 1541 Pauli
2241 1490 2426 1542 Silent
2443 1490 2621 1553 XXV,
2633 1492 2689 1542 in
2709 1493 2838 1544 Am-

1828 1569 1972 1620 lectis
1996 1568 2136 1621 Vett.
2169 1570 2340 1620 Poett.
2380 1570 2473 1621 Gr.
2512 1571 2766 1622 Brunckii
2801 1585 2832 1621 t.

1829 1649 1937 1709 111,
1978 1666 2033 1718 p.
2081 1666 2198 1716 79:
2233 1636 2413 1718 crepa<
2453 1651 2636 1732 ἔρωτας
2685 1651 2832 1701 noos.

1829 1727 1989 1795 μάτην
2022 1722 2107 1778 ὅδε
2142 1732 2284 1796 μῦθος
2315 1729 2515 1781 ἀλᾶται.
2543 1715 2688 1798 Υὸρις
2718 1730 2831 1798 ἔμπα

1830 1807 2004 1875 ἐρέθη
1994 1810 2170 1858 μᾶλλον
2206 1808 2532 1877 &pugnavimu-

1246 2031 1795 2118 CARMEN
1860 2033 2313 2120 LXXIII.

1475 2266 1563 2310 IN

1621 2266 2088 2312 1NGRATUM.

727 2456 992 2521 Dnsnws
1028 2450 1109 2518 de
1151 2476 1478 2545 quoquam
1520 2453 1872 2546 quidquam
1912 2454 2077 2522 bene
2123 2453 2288 2525 velle
2331 2461 2598 2539 mereri,

834 2560 966 2624 Aut
1003 2555 1281 2648 aliquem
1328 2558 1467 2626 fieri
1509 2585 1698 2652 posse
1742 2575 1972 2653 putare
2011 2562 2209 2653 pium.

732 2666 971 2730 Omnia
1015 2677 1165 2730 sunt
1204 2665 1453 2757 ingrata
1491 2691 1504 2731 :
1536 2664 1696 2733 nihil
1743 2666 1970 2734 fecisse
2014 2668 2291 2761 benigne
2326 2685 2462 2752 estz,

812 2885 949 2934 Ano.
968 2883 1119 2934 Facta
1142 2880 1209 2933 de
1226 2881 1447 2953 perfidia
1465 2882 1737 2953 cujusdam

732 2962 1084 3033 experientia,
1112 2963 1397 3014 solemnem
1425 2962 1492 3014 de
1525 2964 1740 3033 ingratis

732 3042 1037 3093 hominibus
1096 3043 1360 3111 querelam
1408 3045 1619 3113 repetit.
1664 3075 1741 3084 —

733 3124 894 3176 Sunt.
926 3122 1013 3190 qui
1031 3121 1333 3191 Alphenum
1354 3124 1555 3174 Varum
1581 3123 1740 3175 Juris-

730 3203 1028 3253 consultum
1057 3200 1158 3252 hoc
1189 3200 1561 3270 epigrammate
1591 3202 1741 3253 innui

732 3280 829 3329 sibi
862 3278 1224 3350 persuadeant.
1257 3281 1342 3332 Cf.
1374 3300 1532 3352 supra
1564 3282 1736 3332 Carm.

732 3360 904 3410 XXX.

820 3455 865 3487 1.
911 3437 1012 3487 Pro
1066 3438 1319 3508 quidqeeam
1369 3439 1422 3489 in
1474 3440 1742 3491 nonnullis

732 3517 886 3568 MSS.
909 3516 1055 3568 Statii
1087 3520 1329 3586 qnisquam
1362 3531 1413 3568 et
1436 3537 1735 3589 quemquam,

734 3594 879 3648 unde
894 3597 979 3647 ille
1002 3595 1274 3665 legendum
1298 3597 1511 3648 fortasse
1526 3599 1742 3667 putabat

732 3681 956 3749 quisquis.

812 3779 859 3809 α.
895 3757 996 3807 Pro
1024 3759 1153 3822 pium
1197 3755 1408 3825 Gryph.
1458 3756 1648 3807 Muret.
1690 3771 1741 3809 et

733 3839 816 3889 alii
866 3848 1010 3886 tuum·
1044 3843 1121 3876 -'—
1146 3835 1229 3886 Sic
1280 3839 1464 3904 passim
1517 3836 1636 3886 libri
1687 3837 1740 3887 in

726 3921 833 3983 pius
876 3930 926 3967 et
970 3928 1076 3964 mus
1098 3955 1110 3974 ,
1157 3934 1280 3965 meus
1309 3929 1359 3966 et
1385 3936 1493 3966 suus
1518 3916 1739 3967 variant.

734 3995 836 4045 vid.
862 3997 1027 4045 Heius.
1049 3993 1115 4046 ad
1134 3993 1294 4046 Ovid.
1322 3995 1588 4052 Met.v11,
1617 4005 1742 4062 172‘.

737 4106 807 4113 --
847 4076 982 4125 Pius.
1030 4073 1186 4126 Nulla
1233 4076 1501 4127 sententiae
1549 4075 1742 4127 Catulli

1828 2884 2196 2954 expromendae
2251 2904 2354 2936 vox
2415 2885 2577 2956 magis
2633 2884 2829 2938 idonea.

1828 2964 1954 3016 Pius
1990 2976 2096 3028 est,
2143 2965 2381 3036 quisquis
2428 2964 2608 3018 debito
2647 2966 2831 3018 affeetu

1831 3044 2023 3095 amoris
2048 3045 2270 3096 alterum
2286 3082 2302 3107 ,
2320 3044 2589 3115 praecipue
2606 3064 2763 3116 quem
2784 3064 2832 3096 se

1829 3125 2078 3190 majorem
2097 3136 2372 3175 veneretur
2384 3124 2833 3193 ‚eolit.Undee1-ga

1786 3203 1965 3254 ‚Deos
1987 3216 2285 3272 Mparentes
2311 3203 2501 3274 pietas,
2531 3216 2728 3275 etet-ga
2757 3205 2834 3254 be·

1830 3282 2022 3333 neficio
2054 3295 2360 3333 merentem.
2390 3282 2459 3334 N.

1911 3363 1961 3414 3.
1993 3363 2088 3412 Est
2109 3360 2288 3412 deest
2273 3381 2328 3413 m
2357 3362 2513 3414 MSS.
2538 3363 2664 3415 Stat.
2691 3360 2828 3414 edin.

1830 3440 2038 3492 V.enett
2063 3440 2275 3511 Gryph.
2301 3454 2353 3493 et
2374 3441 2507 3496 aliis.
2528 3474 2606 3483 —
2625 3442 2831 3509 Bw

1829 3530 1928 3583 est,
1975 3520 2075 3571 hoc
2126 3519 2274 3589 quod
2303 3521 2418 3572 aliis
2443 3523 2581 3573 bene
2625 3522 2835 3582 seceris,

1827 3557 1961 3650 niliil
1984 3600 2118 3650 valet
2134 3636 2148 3659 ‚
2171 3611 2227 3651 ut
2250 3612 2424 3651 tecum
2447 3601 2676 3670 benigne
2696 3613 2832 3652 uun·

1830 3692 1915 3729 tur
1945 3716 1960 3740 ‚
1995 3690 2055 3729 ut
2103 3679 2168 3730 sis
2215 3679 2430 3731 beatior.
2475 3680 2634 3733 Cous.
2678 3697 2829 3731 cann-

1829 3758 2148 3821 XXXVIII,
2182 3776 2202 3809 1
2223 3795 2240 3822 ,
2275 3783 2297 3804 ι
2323 3759 2458 3811 male
2493 3772 2587 3811 est.
2611 3785 2634 3805 ι
2674 3759 2830 3809 N.—

1834 3839 2010 3888 Omm‘o
2036 3849 2147 3888 sunt
2164 3840 2382 3904 ingrata,
2404 3851 2504 3890 etc.
2519 3840 2690 3904 fecisse
2713 3837 2835 3887 beni·

1826 3936 1941 3985 gne,
1959 3916 2208 3968 beneficia
2223 3918 2278 3967 in
2295 3917 2522 3986 aliquem
2542 3916 2834 3977 contulisse,

1830 3997 1953 4046 nileil
1969 4009 2040 4047 ‘ese
2056 4036 2068 4057 ‚
2092 3995 2223 4047 nibil
2250 3997 2394 4066 pensi
2415 3996 2666 4060 habetur-3
2693 4008 2835 4047 vetus

1829 4088 2000 4127 autem
2039 4075 2149 4128 haee
2178 4073 2245 4126 de
2285 4075 2499 4146 ingratis
2536 4076 2834 4129 hominibus
