2986 4935
822 488 1264 557 CARMEN
1325 491 1624 558 LXIII.

2167 516 2316 584 ²¹9

299 620 756 717 Trepidantem
797 646 947 691 eum
981 623 1230 716 recepit
1260 624 1403 689 Dea
1436 622 1736 691 Pasithea
1776 625 1945 692 sinu.

302 733 398 797 lta
439 728 520 797 de
565 730 784 821 quiete
825 727 1007 797 molli
1046 729 1276 797 rabida
1321 731 1459 797 sine
1504 729 1686 796 rabie

303 833 502 903 Simul
540 837 679 929 ipsa
717 849 987 928 pectore
1027 841 1184 929 Atys
1220 859 1337 903 sua
1376 835 1553 904 facta
1587 836 1898 920 recoluit,
2074 865 2079 872 “
2272 866 2322 908 ⁴³

307 940 705 1036 Liquidaque
749 957 973 1009 mente
1017 940 1181 1010 vidit
1225 944 1362 1009 sine
1401 944 1580 1035 quis,
1618 943 1861 1036 ubique
1902 944 2108 1027 foret,

301 1051 532 1116 Animo
573 1062 889 1117 aestuante
933 1073 1195 1116 rursum
1245 1048 1526 1116 reditum
1574 1048 1658 1116 ad
1702 1048 1870 1116 vada
1909 1049 2158 1118 tetulit:

304 1154 395 1221 lbi
438 1157 642 1222 maria
678 1166 861 1223 vasta
901 1157 1117 1223 visens
1162 1153 1654 1223 lacrimantibus
1691 1153 1898 1224 oculis

281 1365 363 1430 43.
388 1367 665 1435 Fugientem
687 1386 790 1417 eum
816 1369 990 1435 recepit
1010 1366 1204 1417 Mutet.

209 1448 365 1497 (ii-mr.
398 1444 541 1517 quod
573 1445 719 1498 haud
760 1445 923 1498 dubie
956 1446 1211 1515 glossema

210 1525 297 1576 snit
327 1531 406 1578 τοῦ
434 1526 762 1595 trepidantem.
794 1526 894 1577 Vir
932 1527 1127 1577 Doctus
1154 1525 1205 1576 in

209 1603 411 1658 Observ.
443 1603 667 1657 miscell.
708 1618 886 1657 tentat.
927 1604 1205 1674 ereptklanee.

209 1685 373 1737 Sinum
421 1699 597 1737 autem
649 1685 958 1754 trepidantem
1004 1682 1206 1736 dictum

208 1774 338 1832 putat
370 1777 426 1817 ut
455 1784 549 1816 cor
587 1765 666 1816 vel
697 1778 877 1836 pectus
906 1763 1172 1835 trepidans
1195 1803 1209 1826 ,

207 1844 277 1894 vel
318 1844 554 1914 tepidante
602 1863 702 1913 pro
748 1844 982 1908 fovente,
1020 1844 1208 1896 calefa-

204 1924 357 1975 ciente
377 1962 390 1987 ,
425 1924 590 1976 nimis
612 1923 902 1993 ingeniose!
934 1957 1014 1965 —
1041 1924 1209 1992 Trepi-

203 2002 375 2054 dantem
394 2022 498 2054 eum
521 2004 639 2056 scil.
662 2021 922 2054 somnum.
952 2003 1209 2055 Somnum

204 2082 534 2152 trepidantem
565 2082 724 2134 nimis
753 2096 933 2153 argute
961 2082 1211 2138 Werthe-

204 2164 296 2214 sins
335 2163 564 2233 explicat
596 2188 618 2209 ι
646 2175 845 2214 terrore
881 2161 1056 2214 adhuc
1098 2163 1209 2233 ple·

204 2260 319 2293 num
341 2243 411 2294 ob
439 2244 696 2294 miserum
716 2282 731 2305 ,
760 2241 815 2294 in
843 2261 950 2312 quo
981 2244 1208 2294 Attinem

203 2322 467 2393 reliquerat
485 2362 497 2383 ,
533 2333 745 2374 statum.
774 2347 794 2367 ι
830 2320 1090 2392 Equidem
1117 2334 1210 2372 tre·

197 2402 424 2471 palantem
440 2420 658 2452 somnum
681 2401 888 2473 explico
911 2402 991 2454 vel
1014 2402 1214 2473 simpli-

201 2482 318 2534 citer
331 2499 431 2552 pro
441 2485 759 2549 festinantem
779 2476 869 2546 [in
891 2501 994 2551 qua
1021 2482 1212 2552 signifi-

198 2561 389 2614 catione
416 2562 658 2632 trepidam
680 2561 872 2631 passim
897 2560 1112 2617 dicitur,
1142 2563 1211 2613 cf.

203 2640 369 2694 Horat.
405 2641 512 2694 Od.
542 2641 635 2706 II,
672 2648 732 2706 4,
765 2639 891 2704 2313
931 2642 1036 2701 vel,
1067 2640 1213 2712 quod

202 2720 349 2792 magis
367 2719 603 2786 arridet,
633 2720 978 2791 trepidantibus
1005 2721 1096 2771 alis
1123 2722 1211 2772 ad·

201 2800 414 2851 „lancem
425 2821 446 2861 ‚-
457 2819 588 2855 nam
605 2819 770 2872 quum
784 2800 878 2852 alte
894 2801 1048 2853 celeri
1066 2812 1212 2853 motu

196 2879 382 2948 aginta
417 2893 563 2934 recte
591 2891 643 2932 et
677 2880 941 2951 eleganter
970 2878 1214 2933 dicantur

199 2960 474 3029 οφὶάωιειε
495 3002 511 3024 ,
553 2960 669 3030 ipse
703 2960 931 3011 Somnus
960 2979 1175 3031 quoque
1199 2999 1213 3024 ,

197 3039 282 3109 qni
321 3041 488 3093 alatus
531 3039 772 3109 fingitur,
798 3058 828 3091 a
863 3052 1020 3110 poeta
1053 3040 1213 3093 subli-

199 3120 343 3172 miori
368 3119 547 3173 dictus
574 3117 744 3171 videri
768 3131 934 3189 potest
955 3119 1212 3189 trepidans.

195 3198 448 3270 ——Apud
486 3198 690 3253 Tibull.
729 3200 818 3261 11,
853 3217 920 3259 π,
968 3217 1057 3267 17,
1100 3201 1216 3252 Alae

199 3280 476 3347 macutes
491 3279 807 3331 tribuuntur
815 3279 1005 3330 volanti
1020 3281 1072 3331 A
1074 3287 1215 3342 mort,-

195 3358 281 3411 ubi
318 3357 387 3412 de
425 3359 601 3413 verbo
642 3358 880 3428 trepidare
918 3359 1217 3411 conferatur

197 3437 457 3492 Bmklnus.
511 3451 565 3492 et
612 3438 782 3510 Heyne
831 3438 1105 3491 observat.
1163 3460 1212 3510 p.

204 3523 334 3585 ¹0⁴3
395 3516 542 3581 adde
594 3515 758 3570 ovid.
820 3518 1036 3571 Metam.
1072 3519 1178 3570 VII
1199 3559 1215 3582 ‚

199 3595 316 3650 382.
365 3624 435 3641 a-
492 3598 725 3651 Pase'theo
783 3597 837 3649 in
893 3597 1212 3668 quibusdam

194 3689 308 3730 vett.
330 3680 442 3731 Dea
476 3678 739 3739 Pasithea,
782 3695 887 3729 una
916 3676 985 3730 de
1019 3677 1217 3729 Gratiis

192 3766 239 3807 et
261 3775 393 3810 uxor
425 3758 619 3811 somni.
643 3753 772 3809 Vid.
803 3776 900 3810 nos
931 3758 984 3809 in
1020 3758 1211 3810 Prolus.

191 3833 247 3885 de
265 3836 486 3907 lanugine
511 3837 682 3889 Somni
701 3837 842 3907 Lips.
878 3837 1021 3906 1783
1043 3878 1058 3901 ,
1076 3857 1130 3908 p.
1159 3856 1215 3905 9.

266 3923 359 3980 44.
407 3916 607 3969 Sensus
657 3929 766 3968 est:
801 3916 1034 3969 Simulac
1087 3920 1216 3987 Atys

191 3995 365 4064 igitur,
382 3996 589 4048 solutus
611 4014 708 4068 per
733 3994 943 4048 dulcem
971 4015 1213 4050 somnum

192 4078 376 4129 mentis
401 4076 555 4129 rabie
574 4114 590 4140 ,
615 4076 734 4128 facti
766 4076 845 4127 mi
870 4075 1212 4129 temeritatem

188 4155 362 4207 animo
397 4155 614 4225 repetiit
633 4195 648 4220 ,
693 4169 780 4217 et,
829 4155 880 4206 in
925 4175 1032 4225 quo
1075 4175 1214 4207 nunc

1299 1376 1460 1424 esset,
1501 1365 1751 1416 miserum
1798 1378 1987 1417 statum
2031 1369 2277 1437 cognovit
2309 1407 2323 1429 ‚

1298 1443 1484 1513 plenus
1527 1461 1773 1496 curarum
1820 1443 1889 1496 ad
1931 1464 2073 1498 mare
2130 1445 2318 1517 pedem

1298 1523 1493 1575 retulit.
1525 1524 1605 1575 Ita
1642 1525 1754 1575 scil.
1788 1524 2001 1578 excitus,
2036 1559 2109 1568 —-
2131 1527 2321 1596 Rapc'da

1296 1605 1397 1653 sine
1423 1602 1558 1654 rabie
1585 1605 1735 1656 Voss,
1772 1637 1843 1645 —
1873 1605 2123 1658 Vossiana
2168 1606 2322 1659 lectio

1297 1681 1410 1734 sine
1448 1682 1614 1735 dubio
1648 1682 2002 1754 panset-enda,
2037 1698 2088 1737 et
2119 1704 2325 1756 expun-

1295 1762 1463 1830 genda
1518 1765 1687 1815 rabida
1734 1768 1835 1815 sine
1880 1765 2013 1816 rabie
2046 1779 2103 1817 ut
2139 1767 2321 1818 absur-

1298 1839 1387 1892 da.
1418 1844 1484 1893 N.

1382 1924 1471 1984 45.
1509 1925 1620 1992 Ipsa
1668 1923 1805 1974 refer
1840 1921 1905 1973 ad
1927 1931 2108 1987 fhcta‚·
2138 1937 2189 1977 et
2229 1945 2317 1976 ex-

1298 2000 1436 2071 plica
1496 2027 1517 2049 ι
1564 2003 1729 2073 ipsam
1787 2003 2046 2055 factorum
2106 2022 2321 2057 suorum

1298 2092 1536 2133 naturam
1564 2094 1614 2133 et
1639 2079 2016 2134 conditionem.
2038 2108 2058 2128 ι
2078 2085 2319 2136 -Ιίενο-

1306 2159 1398 2210 luit
1431 2160 1564 2213 Stat.
1593 2161 1646 2211 in
1672 2161 1844 2212 Patav.

1411 2246 1439 2301 ά
1450 2245 1503 2293 6.
1553 2240 1758 2310 Liquido
1805 2257 1956 2291 mente
1974 2283 1989 2304 ,
2040 2253 2218 2311 aperte
2274 2257 2324 2294 et

1301 2318 1455 2371 clare.
1489 2319 1605 2372 Sine
1634 2323 1757 2390 quis,
1800 2320 2040 2372 virilitate
2061 2359 2076 2384 ,
2117 2322 2284 2390 patria
2308 2362 2323 2382 ,

1301 2399 1604 2469 parentibus
1623 2438 1637 2462 ‚
1661 2412 1757 2451 etc.
1795 2400 1980 2471 Ubique
2002 2400 2058 2451 h.
2083 2419 2130 2452 e.
2156 2414 2204 2450 et
2219 2402 2318 2464 ubi,

1302 2479 1354 2529 in
1385 2498 1493 2549 quo
1525 2480 1642 2532 loco
1664 2492 1716 2531 et
1742 2493 1892 2533 statu.
1928 2480 2055 2533 vid.
2091 2481 2223 2534 Cort.
2256 2481 2321 2535 ad

1302 2558 1510 2611 Sallust·
1532 2559 1686 2612 Catil.
1713 2561 1927 2612 XXVII
1949 2600 1964 2623 ,
2010 2580 2031 2612 t
2053 2595 2068 2619 ‚
2096 2580 2150 2631 p.
2187 2562 2289 2631 173
2309 2602 2324 2627 ,

1302 2651 1353 2689 et
1385 2638 1768 2692 Drackeahorch.
1802 2638 1870 2692 ad
1909 2642 2024 2693 Liv.
2056 2642 2171 2706 111,
2218 2643 2285 2696 3ο
2308 2683 2323 2707 ,

1304 2712 1334 2775 S
1367 2736 1398 2785 7
1421 2756 1437 2781 ‚
1461 2731 1588 2771 tom.
1614 2719 1672 2775 Ι,
1710 2740 1766 2791 p.
1794 2724 1926 2773 662.

1384 2804 1478 2867 47.
1513 2800 1693 2850 Animo
1721 2812 1952 2851 oestuante
1970 2841 1984 2861 ,
2021 2801 2246 2854 sollicito
2276 2816 2328 2854 et

1303 2879 1606 2948 perturbato
1628 2916 1645 2941 ,
1696 2880 1923 2949 graviori
1971 2881 2327 2934 commotione

1304 2958 1618 3010 incenso.—
1628 2960 1808 3008 Tetulit
1827 2960 2042 3028 antique
2058 2978 2158 3029 pro
2180 2960 2294 3011 tulit
2310 3001 2322 3021 ,

1302 3050 1362 3089 ut
1390 3055 1523 3107 saepe
1554 3035 1698 3107 apud
1723 3037 1964 3089 Plautum
1999 3051 2049 3090 et
2077 3039 2217 3090 alios.
2250 3073 2337 3083 —-

1304 3118 1482 3167 Rasum
1530 3118 1773 3186 ἀρχαῑκῶς
1821 3135 1917 3187 pro
1959 3137 2141 3169 rursum
2178 3119 2334 3172 voss.

1307 3228 1384 3237 —
1429 3197 1614 3248 Retulit
1652 3198 1707 3248 in
1743 3196 2077 3267 quibusdam.
2129 3198 2331 3251 Rursum

1305 3276 1506 3327 reditum
1532 3278 1665 3343 ferre
1704 3294 1803 3345 pro
1830 3277 1998 3329 redire.
2028 3277 2115 3329 sic
2146 3276 2330 3329 adetum

1294 3357 1430 3423 serre
1453 3357 1631 3409 Carm.
1661 3356 1786 3408 LXI
1809 3395 1824 3419 ,
1853 3360 1940 3409 26.

1390 3439 1479 3498 158.
1511 3436 1590 3488 lbi
1634 3440 1786 3487 maria
1820 3449 1995 3498 vasta,
2040 3449 2140 3489 etc.
2184 3438 2334 3491 Litus

1305 3517 1463 3567 maris
1491 3518 1600 3584 jam
1631 3516 1863 3567 Homero
1894 3515 2175 3569 fundendis
2205 3535 2330 3587 que-

1304 3596 1425 3647 relis
1445 3608 1598 3665 aptus
1620 3596 1765 3647 locus
1795 3596 1936 3647 visus
1957 3608 2031 3647 est
2050 3634 2065 3659 ‚
2088 3595 2238 3648 Iliad.
2261 3598 2287 3647 1
2310 3636 2327 3659 ,

1308 3674 1419 3739 34,
1476 3692 1565 3737 xx,
1611 3674 1900 3743 349350,
1945 3688 1995 3727 et
2031 3674 2220 3748 Odyss.
2259 3675 2333 3740 V,

1313 3774 1332 3806 ι
1351 3755 1414 3807 51
1448 3772 1560 3825 sqq.
1593 3787 1672 3797 --
1699 3756 1867 3804 Visere
1894 3753 2033 3806 idem
2063 3775 2115 3825 q.
2148 3755 2328 3808 videre.

1311 3861 1333 3881 ι
1356 3832 1611 3903 Undique
1644 3833 1848 3913 visendi
1875 3832 2052 3886 studio
2076 3861 2096 3882 ι
2120 3834 2328 3887 AEneid.

1304 3915 1393 3979 11,
1411 3914 1667 3966 63.·Vise
1683 3955 1699 3978 ‚
1723 3927 1894 3984 specta
1914 3926 2007 3965 tuo
2024 3914 2284 3968 arbitratu
2301 3939 2323 3961 ι

1304 3995 1477 4047 Plaut.
1538 3995 1692 4046 Most.
1751 3994 1835 4045 111
1856 4030 1871 4053 ‚
1935 4013 1962 4045 2
1984 4032 1998 4055 ‚
2046 3997 2170 4048 106.
2224 3994 2331 4059 Qui

1304 4075 1476 4126 tristes
1502 4074 1683 4125 animo
1715 4092 1891 4125 sensus
1920 4073 2176 4139 volvunt,
2209 4094 2297 4128 eos
2315 4115 2330 4140 ‚

1305 4155 1344 4205 si
1395 4151 1553 4204 datur
1591 4152 1793 4204 occasio
1815 4192 1829 4216 ‚
1860 4165 2061 4205 vastum
2105 4155 2341 4207 marium·
