2986 4935
963 450 1410 519 CARMEN
1465 452 1550 517 X.

504 579 799 648 Deferri.
833 580 1068 667 Mane,
1108 582 1312 674 inquii
1352 580 1620 674 puellae3

505 686 735 774 Istud,
770 687 950 780 quod
983 686 1184 755 modo
1214 686 1510 755 dixeram
1538 712 1645 756 me
1678 688 1957 774 habere,

523 794 718 885 Fugit
758 818 866 861 me
906 796 1111 861 ratio:
1146 818 1331 862 meus
1369 794 1608 862 sodalis

518 900 737 966 Cinna
779 914 879 968 est
920 902 1120 969 Caius
1159 925 1173 966 :
1213 901 1265 968 is
1302 901 1421 969 sibi
1461 902 1735 994 paravit.
2285 930 2333 967 30

520 1006 777 1073 Verum
799 1057 817 1087 ,
849 1020 1072 1074 utrum
1110 1005 1311 1091 illius,
1352 1032 1436 1074 an
1472 1009 1636 1093 mei,
1668 1007 1827 1100 quid
1861 1007 1944 1075 ad
1978 1005 2123 1076 me?

192 1246 392 1298 nullius
421 1241 632 1295 codicis
651 1242 846 1295 auxilio
875 1243 1018 1295 hunc
1044 1242 1223 1295 locum

195 1327 387 1378 fatetur
410 1324 585 1375 sanari
611 1342 761 1393 posse
778 1363 793 1387 ,
823 1337 873 1375 et
892 1341 1056 1394 quum
1081 1336 1228 1375 uten-

196 1404 322 1457 dum
348 1404 419 1468 sit
444 1404 775 1473 conjectura,
793 1421 938 1454 suam
958 1402 1227 1472 proponit,

196 1504 353 1557 qnam
413 1483 646 1534 libenter
687 1482 936 1552 recipiam
962 1500 975 1534 :
1014 1482 1192 1549 Quoeso
1208 1523 1224 1543 ‚

198 1568 369 1637 inquit,
389 1564 532 1625 mihi,
563 1567 628 1612 mi
653 1562 861 1624 Catulle,
873 1562 1086 1631 paullum
1105 1561 1230 1612 Istos

197 1639 335 1712 (suh.
362 1642 435 1695 da
453 1681 470 1707 ‚
490 1632 748 1709 concede)
766 1661 782 1705 ς
801 1642 1088 1693 commodum
1110 1645 1231 1691 enim

198 1725 313 1775 volo
330 1724 405 1774 ad
432 1721 660 1791 Ser-apin.
695 1720 1052 1774 Commodum
1074 1720 1232 1791 signi-

201 1806 359 1856 fimre
382 1814 659 1872 opportuno
681 1813 883 1871 tempore
901 1841 915 1863 ,
939 1804 988 1851 in
1012 1814 1229 1870 tempore,

200 1884 388 1953 gallice
416 1893 524 1933 tout
536 1885 826 1950 juseement,
854 1882 1044 1933 evincit
1070 1881 1236 1931 allatis

203 1964 376 2015 Plauti
387 1975 443 2014 et
461 1960 961 2031 Terentiiexemplis
973 1961 1133 2011 Stich.
1150 1960 1203 2010 11
1219 1998 1235 2022 ‚

205 2062 273 2095 111
289 2081 306 2106 ‚
329 2041 790 2105 40,Mercat.1,11
808 2081 823 2105 ,
846 2046 973 2104 106,
994 2040 1234 2091 Eunucb.

206 2125 295 2187 II,
321 2140 429 2185 ιιι,
464 2122 496 2173 3
519 2159 535 2185 ,
566 2123 651 2173 51.
682 2121 748 2173 N.
774 2121 1095 2171 —Paullum
1126 2123 1238 2170 istos

206 2201 462 2254 commoda
486 2222 507 2253 .·
534 2201 809 2252 affectabat
853 2213 1027 2251 autem
1073 2219 1238 2250 mere-

206 2284 310 2335 trix
346 2301 465 2333 non
506 2281 620 2332 sine
659 2298 811 2332 causa
851 2279 1201 2350 octopborum
1222 2316 1239 2342 ,

211 2374 398 2435 utpote
430 2357 583 2431 quod
625 2360 833 2411 muneri
871 2360 1007 2410 mitti
1046 2359 1245 2409 solebat

211 2441 423 2514 puellis.
445 2439 680 2493 Martial.
703 2441 781 2492 IX
799 2477 815 2501 ,
836 2457 901 2491 ιιι
917 2478 931 2503 ,
957 2457 974 2490 ι
996 2455 1040 2490 1:
1073 2438 1242 2491 «Octo

213 2523 362 2594 Syris
379 2520 603 2573 suffulta
626 2519 781 2571 datur
798 2519 979 2571 lectica
997 2519 1201 2590 puellae.
1215 2544 1236 2564 ι

215 2604 345 2656 Nam
362 2602 491 2652 volo
506 2601 577 2652 ad
590 2599 792 2669 Set-apin
810 2600 1004 2666 deferri,
1031 2599 1087 2650 h.
1113 2617 1157 2649 e.
1178 2595 1245 2648 ad

213 2682 481 2754 templum
496 2678 766 2751 Serapidis
777 2718 793 2744 ,
812 2678 954 2732 haud
969 2698 1086 2731 raro
1105 2678 1246 2729 euim

214 2764 315 2833 ipsi
346 2760 432 2813 dii
451 2780 556 2831 pro
580 2760 787 2828 templis
806 2759 932 2830 poni
952 2759 1133 2810 solent.
1161 2757 1249 2809 Sic

211 2840 362 2913 apud
419 2840 698 2893 Chariton.
745 2839 838 2890 lib.
881 2840 981 2901 IV,
1029 2857 1142 2907 cap.
1196 2844 1248 2899 ά.

219 2925 472 2992 Ila-poium<
513 2921 579 2980 ὲίς
609 2912 885 2988 Ᾰφροδίτην
939 2916 1214 2977 Gaditanum
1238 2957 1252 2982 ,

220 3002 313 3053 ubi
346 2999 460 3052 vid.
492 2999 783 3051 Dor-villius
829 3011 878 3049 et
916 2999 1159 3050 Albertus
1197 2998 1252 3048 in

221 3082 508 3133 Observat.
545 3080 601 3130 in
643 3098 765 3130 nov.
799 3078 940 3130 Test.
972 3097 1025 3149 p.
1061 3078 1253 3139 254——

227 3163 364 3216 256.
394 3159 527 3212 Erat
552 3172 727 3210 autem
761 3158 862 3210 hoc
897 3157 1152 3227 templum
1191 3177 1255 3207 eo

223 3254 473 3312 tempore
530 3252 676 3291 extra
731 3238 891 3290 Urbis
940 3239 1255 3306 pomoerium

219 3315 582 3391 [quapropter
618 3318 899 3388 speciosam
941 3317 1134 3368 lecticae
1159 3336 1255 3387 po-

222 3397 489 3452 stulandae
514 3416 723 3450 causam
744 3397 970 3449 habebat
993 3391 1257 3458 meretrix]

223 3479 376 3551 quod
424 3476 645 3530 adibant
670 3477 989 3528 mulierculae
1026 3476 1107 3526 vel
1143 3496 1262 3547 pro-

221 3556 482 3611 curanda
498 3555 814 3608 valetudinis
829 3595 845 3620 ,
861 3557 944 3608 vel
963 3553 1263 3607 exercendae

225 3637 478 3692 libidinis
490 3634 801 3688 musa.Vid.'
821 3635 1037 3687 Vossius
1059 3634 1124 3685 ad
1147 3635 1204 3687 h.
1226 3636 1259 3686 l.

224 3732 275 3771 et
302 3716 663 3771 Jahlonskius
694 3716 747 3766 in
779 3715 1015 3767 Pantheo
1048 3718 1260 3785 AEgypt.

226 3799 321 3852 lib.
349 3799 438 3857 11,
469 3814 588 3866 cap.
619 3795 682 3858 5,
707 3798 759 3848 6.

313 3896 416 3946 ²7·
442 3876 597 3928 Mane
624 3893 696 3926 me
713 3915 727 3934 ,
756 3877 929 3944 inquii,
953 3874 1128 3941 puella·
1157 3876 1266 3945 ple·

229 3954 526 4028 riquelibri
545 3967 760 4007 veteres.
775 3950 917 4005 Nam
937 3973 1008 4003 me
1021 3957 1268 4023 παρᾶλκιι,

231 4038 308 4089 uti
347 4055 492 4106 sape
528 4033 673 4105 apud
720 4034 959 4085 Plautum
990 4046 1039 4084 et
1069 4034 1267 4085 Tereu-

229 4117 391 4172 tium.
427 4116 618 4185 Itaque
655 4133 760 4165 non
805 4110 1013 4164 extrudi
1048 4111 1269 4165 debebat

1317 1263 1389 1294 me
1428 1244 1483 1295 in
1533 1243 1659 1297 edit.
1691 1245 1901 1316 Bipont.
1938 1246 2177 1317 quamvis
2211 1247 2338 1297 alias

1317 1322 1576 1391 ejusmodi
1601 1325 1772 1377 hiatus
1791 1339 1929 1378 amet
1957 1326 2208 1379 Catullus.
2233 1325 2336 1376 Alii

1320 1422 1455 1454 mane
1495 1416 1591 1454 tum
1634 1404 1716 1457 vel
1743 1406 2007 1456 manedum.
2039 1406 2241 1457 Ultima
2282 1406 2336 1455 in

1321 1503 1456 1533 mam·
1482 1484 1785 1554 corripitur,
1817 1485 1894 1536 uti
1929 1485 1982 1535 in
2014 1505 2154 1550 cave,
2188 1486 2334 1545 vale,

1311 1564 1428 1631 jube
1448 1604 1461 1626 ,
1523 1564 1657 1625 vide,
1716 1565 1958 1633 responde.
2003 1564 2132 1618 Vid.
2183 1567 2338 1615 Voss.

1323 1640 1390 1694 de
1418 1644 1644 1714 Analog.
1681 1644 1775 1696 lib.
1823 1645 1938 1709 111,
1980 1663 2098 1716 cap.
2141 1645 2231 1697 25.
2260 1645 2339 1695 Ex

1323 1723 1485 1775 veteri
1522 1726 1777 1794 scriptura
1822 1727 2002 1795 inquit,
2040 1739 2178 1776 recte
2216 1724 2342 1776 fecit

1324 1802 1555 1872 Scaliger
1585 1808 1749 1874 inquii.
1781 1804 2024 1855 Heinsius
2051 1804 2105 1856 in
2137 1818 2244 1856 not.
2275 1801 2344 1854 nd

1327 1884 1439 1934 Cat.
1472 1895 1639 1934 totum
1669 1902 1876 1935 versum
1904 1882 2169 1947 audacter,
2189 1898 2244 1935 ut
2270 1903 2348 1933 so·

1327 1962 1422 2024 let,
1443 1962 1517 2013 sic
1547 1964 1791 2031 refingit:
1821 1965 2032 2028 Defert-i.
2065 1966 2243 2014 Itane?
2271 1968 2345 2013 in-

1329 2045 1440 2112 quio
1450 2042 2178 2112 puellae.-—Snpervac.·1neun1
2201 2046 2256 2094 τὸ
2282 2063 2350 2092 me

1331 2119 1478 2191 quod
1522 2134 1643 2173 vett.
1691 2123 1843 2173 MSS.
1888 2136 1940 2173 et
2002 2122 2178 2172 multae
2236 2121 2348 2173 edi-

1331 2200 1500 2252 tiones
1527 2213 1867 2269 receperunt,
1893 2221 1959 2251 ne
1987 2220 2163 2252 versus
2203 2202 2348 2253 clau·

1333 2279 1566 2331 dicaret:
1605 2299 1835 2350 namque
1864 2281 1916 2330 iu
1947 2302 2080 2331 mane
2125 2280 2350 2332 secunda

1333 2360 1531 2428 syllaba
1568 2377 1664 2428 per
1699 2361 1995 2424 elisionem,
2028 2380 2136 2411 non
2171 2361 2351 2413 absor-

1335 2441 1506 2503 betur,
1525 2438 1612 2490 sed
1638 2437 2097 2494 dimidiatur.Vid.
2120 2459 2235 2511 quae
2263 2460 2354 2493 no·

1335 2520 1558 2572 tavimus
1585 2539 1699 2590 p-l·
1729 2521 1790 2572 N.

1423 2601 1511 2650 28.
1539 2600 1708 2661 Istud;
1727 2603 1858 2671 quod
1887 2621 1949 2651 m.
1979 2601 2030 2654 d.
2064 2622 2124 2652 m.
2155 2603 2356 2672 lt.fiegit

1340 2698 1411 2729 me
1436 2683 1564 2730 ratio
1590 2699 1608 2731 :
1636 2699 1735 2750 pro
1769 2681 1900 2732 istud
1925 2682 2152 2732 rationes
2184 2701 2357 2750 graun-

1340 2759 1542 2810 maticae
1573 2761 1902 2830 postulabunt
1928 2765 2079 2813 istius.
2102 2760 2202 2811 Sed
2235 2781 2361 2812 cnu-

1342 2838 1476 2889 sulto
1500 2852 1551 2889 et
1574 2841 1832 2908 eleganter
1847 2842 1947 2910 jam
1973 2841 2196 2908 neglexit
2212 2855 2359 2910 poeta

1343 2921 1809 2982 constructionem,
1834 2932 1891 2970 ut
1915 2920 2145 2970 hominis
2172 2933 2363 2970 temere

1345 2998 1565 3048 errantis
1597 3010 1647 3049 et
1677 3012 1890 3067 repente
1923 2997 1990 3050 ad
2018 3016 2070 3048 se
2100 2997 2365 3049 redeuntis

1345 3078 1614 3128 confusam
1650 3077 1901 3147 loquendi
1942 3078 2196 3129 rationem
2243 3078 2363 3128 imi-

1346 3168 1556 3208 taretur.
1575 3157 1763 3208 Sensus
1785 3171 1885 3209 est:
1909 3159 1968 3208 In
1994 3177 2055 3208 eo
2073 3196 2086 3220 ,
2110 3155 2252 3227 quod
2281 3176 2363 3207 me

1347 3236 1612 3305 possidere
1645 3236 1878 3289 dixeram
1902 3277 1916 3301 ,
1943 3237 2110 3288 erravi
2131 3250 2180 3288 et
2211 3235 2363 3288 dece·

1350 3328 1470 3383 ptus
1489 3316 1561 3367 fui
1580 3355 1594 3378 ,
1608 3316 1731 3368 alibi
1746 3317 1980 3368 animum
1996 3316 2186 3378 habui,
2200 3335 2363 3386 quum

1347 3394 1401 3445 id
1431 3393 1658 3447 dicerem
1683 3435 1697 3459 ,
1725 3410 1881 3448 status
1912 3397 1986 3448 rei
2019 3417 2102 3448 me
2125 3396 2327 3448 fefellit.

1435 3477 1523 3526 3ο.
1579 3477 1753 3529 Cinna.
1808 3477 1962 3526 Poeta
2002 3476 2226 3538 nobilis,
2275 3477 2367 3546 qui

1351 3555 1557 3624 scripsit
1605 3575 1814 3607 carmen
1866 3557 2184 3626 Smyrnam,
2224 3555 2367 3626 quod

1353 3633 1536 3686 decem
1587 3636 1736 3686 annis
1798 3634 2046 3686 elimavit.
2105 3634 2372 3686 Laudatur

1354 3714 1489 3764 infra
1514 3715 1689 3766 Carm.
1718 3716 1886 3779 XCV3
1909 3715 2172 3784 cf.Virgi1.
2192 3715 2369 3784 Eclog.

1356 3795 1464 3854 lx,
1492 3795 1591 3852 35,
1622 3808 1673 3844 et
1702 3794 1923 3845 Martial.
1955 3796 2036 3858 Χ,
2065 3814 2154 3846 21.

1436 3875 1526 3925 31.
1557 3875 1801 3924 Vossius:
1842 3875 1895 3920 V
1890 3893 2077 3924 eruntne
2115 3873 2269 3935 illius,
2308 3893 2372 3922 cm

1357 3957 1459 4002 mei.
1482 3953 1632 4004 Idem
1659 3973 1789 4004 vers.
1817 3972 1922 4022 seq.
1950 3954 2073 4022 legit
2096 3971 2110 4004 :
2140 3973 2244 4023 (μιαν
2264 3955 2377 4003 mihi

1350 4035 1562 4102 paravit.
1602 4032 1792 4083 Statius
1844 4052 1904 4082 ex
1953 4032 2111 4084 veteri
2156 4033 2377 4083 lectione

1354 4117 1588 4181 par-assim
1612 4113 1732 4164 fecit
1752 4116 1956 4179 paratis.
