2986 4935
778 468 1215 537 CARMEN
1281 470 1653 536 LXVIII.

2117 469 2265 563 339

255 601 381 670 Sed
422 615 493 668 tu
531 601 767 668 horum
804 626 1075 692 magnos
1113 600 1318 669 vicisti
1354 600 1489 668 sola
1521 601 1800 682 furores;

358 709 452 776 Ut
498 705 695 774 semel
746 733 814 775 es
864 708 1036 774 flavo
1082 705 1422 775 conciliata
1468 709 1649 790 vit-03
2039 767 2041 769 ,
2197 743 2268 778 ‚³0

256 817 386 880 Aut
425 811 622 895 nihil,
667 828 779 880 aut
828 811 1047 905 paullo
1091 814 1246 905 quoi
1289 827 1426 880 tum
1470 812 1830 881 concedere
1878 813 2105 906 digna,

363 921 510 986 Lux
552 942 698 986 mea
742 943 809 986 se
852 933 1148 986 nostrum
1194 918 1470 986 contulit
1515 920 1579 984 in
1620 919 1958 1010 gremium.

148 1101 346 1153 amoris
391 1098 688 1152 Laodamiae
734 1100 856 1153 satis
900 1100 1163 1170 exprimit.

152 1214 232 1223 —-
251 1180 305 1232 Si
348 1197 491 1231 nunc
534 1176 746 1249 vestigia
789 1179 1051 1249 relegens,
1098 1179 1165 1230 si·

150 1278 408 1320 nuosum,
443 1277 545 1329 qua
566 1270 617 1310 te
643 1271 785 1310 vates
802 1260 906 1311 huc
928 1257 1168 1321 deduxit,

154 1339 421 1391 tramitem
446 1336 771 1402 consideres»,
800 1357 921 1389 eum
947 1357 1053 1389 uon
1086 1335 1168 1389 di·

150 1437 388 1487 gressum
408 1417 567 1469 fuisse
586 1453 601 1480 ,
627 1415 717 1469 sed
740 1429 1011 1487 evagatum
1040 1418 1168 1468 sate-

153 1498 259 1548 aris
274 1515 480 1550 necesse
496 1508 572 1549 est
587 1513 601 1547 :
620 1514 845 1566 namque
857 1495 1169 1548 diverticulo

155 1574 526 1629 diverticulum
547 1594 753 1644 semper
766 1575 1040 1645 implicans
1051 1615 1064 1638 ,
1085 1593 1172 1645 pa·

153 1675 277 1708 rum
292 1654 605 1707 cohaerentia
619 1654 802 1723 collegi
810 1667 843 1713 t,
864 1655 1027 1706 immo
1042 1672 1169 1706 con·

152 1736 344 1804 gessit,
366 1734 545 1786 infelix
563 1733 736 1803 operis
751 1753 950 1785 summa
968 1771 983 1795 ,
1003 1752 1169 1804 quan-

154 1833 320 1885 quam
344 1814 580 1885 partibus
605 1810 977 1875 nitidissimum
1002 1830 1170 1883 neque

157 1907 337 1946 tamen
374 1893 636 1944 omnibus.
667 1892 800 1955 Quis
833 1892 974 1943 enim
1008 1892 1170 1962 proli-

155 1973 359 2026 κίοι-ειη
375 1971 519 2023 illam
545 1971 824 2023 locutionis
847 1969 993 2024 Goeobv
1015 1974 1170 2042 ἔρωτα

154 2050 621 2121 amplificationem
644 2050 774 2102 ferat
796 2070 848 2101 v.
885 2070 1047 2120 ¹07·¹
1069 2051 1170 2113 14?

155 2132 279 2202 quis
322 2149 553 2182 amorem
591 2148 698 2199 quo
741 2143 960 2182 venusta
998 2130 1172 2199 puella

153 2210 360 2279 flagrat,
373 2228 492 2261 cum
508 2209 628 2261 bara
636 2208 755 2259 thro
770 2208 861 2260 ubi
880 2208 1076 2260 limosae
1088 2227 1173 2278 pa-

153 2287 301 2340 ludis
328 2287 578 2341 colluvies
615 2288 921 2339 absorbetur
939 2326 954 2350 ,
983 2295 1172 2356 παραλ-

151 2370 313 2428 λήλους
339 2367 585 2437 componi
607 2385 816 2437 aequum
835 2366 1069 2418 censeat?
1106 2367 1171 2417 N.

243 2464 372 2515 129.
392 2447 492 2500 Sed
514 2459 564 2498 eu
587 2448 749 2498 laurum
779 2447 1047 2507 Muretus,
1075 2447 1173 2497 Ra-

152 2527 410 2598 pheleug.
457 2558 535 2568 -—
569 2526 669 2578 Sed
700 2539 752 2577 tu
801 2527 912 2577 olim
953 2526 1175 2595 jungens

148 2609 273 2658 olim
307 2625 501 2675 magnos
528 2597 677 2672 (τους
703 2611 857 2657 πάλαι
896 2605 1053 2674 μεγά)
1056 2624 1141 2664 ους
1154 2601 1174 2665 )

150 2687 371 2756 primus
385 2704 445 2737 ex
461 2684 640 2737 codice
652 2704 746 2735 suo
761 2682 907 2736 dedit
922 2683 1175 2752 Scaliger;

149 2764 253 2817 sed
303 2766 356 2816 in
400 2765 551 2816 nullo
595 2762 778 2815 codice
817 2764 959 2832 apud
996 2762 1175 2814 Sante-

151 2845 315 2896 nium
344 2856 609 2913 comparet
641 2843 750 2895 haec
777 2843 929 2895 lectio
946 2882 960 2905 ,
986 2843 1094 2893 imo
1122 2842 1172 2893 in

148 2922 409 2995 plurimis
455 2921 804 2993 deprehendit
849 2922 936 2973 ille
979 2923 1139 2971 horum
1158 2963 1171 2983 ,

148 2999 312 3074 quod
353 2999 624 3065 dedimus,
665 3003 744 3052 vel
780 3015 960 3052 tuoe-um
983 3042 994 3061 ,
1032 2999 1175 3069 quod

147 3094 346 3154 aperte
378 3100 439 3133 ex
471 3093 520 3132 tu
548 3094 600 3132 et
624 3083 786 3131 leot-um
814 3080 1081 3132 confluxit.
1098 3113 1175 3122 —-

151 3164 240 3214 Tu
302 3180 458 3212 eorum
508 3161 564 3211 in
620 3160 1050 3211 Commeliniano.
1099 3191 1177 3200 —-

143 3242 261 3295 Sed
305 3252 354 3291 eu
401 3238 639 3292 Chaonios
683 3239 995 3308 conjiciebat
1032 3237 1175 3288 Eldi-

142 3319 515 3374 ekina—Sed
526 3330 575 3369 tu
586 3320 748 3369 'mrum
764 3339 824 3369 m.
848 3331 948 3369 etc.
970 3344 991 3364 «ι
1004 3319 1176 3369 Immo

144 3414 210 3453 tu
248 3398 368 3451 sola
397 3399 594 3450 horum
635 3400 915 3449 maximum
949 3414 1177 3448 amorem

144 3477 444 3550 superasti.
457 3504 479 3524 ι
496 3478 681 3528 Horam
699 3518 713 3539 ,
735 3477 814 3527 avi
835 3488 885 3528 et
903 3475 1177 3528 columbae.

149 3592 219 3602 —
264 3557 391 3610 Sola
408 3595 421 3615 .
447 3556 844 3626 incomparabili
867 3556 1018 3624 plane
1042 3573 1180 3606 amo·

142 3640 225 3691 ris
254 3655 488 3707 genere,
512 3654 619 3706 prae
645 3636 842 3688 caeteris
875 3634 1181 3686 mulieribus

142 3716 529 3771 omnibus.--
552 3713 755 3778 Quidni
801 3727 850 3765 tu
888 3716 990 3765 sola
1030 3717 1184 3764 vincis

142 3811 418 3866 utrumque
438 3801 680 3845 amorem?
708 3793 772 3844 N.

244 3875 384 3929 130.
413 3875 599 3934 Flavo,
636 3872 876 3942 pulchro.
909 3872 990 3924 Cf.
1033 3891 1188 3941 supra

144 3954 223 4010 ad
261 3954 449 4006 Carm.
477 3953 673 4015 LXIV,
703 3954 796 4021 98.

249 4055 271 4087 ι
295 4034 390 4086 31.
423 4032 627 4084 Paulum
668 4032 722 4083 in
756 4029 1090 4099 quibusdam.
1117 4060 1192 4069 --

158 4116 215 4167 T
210 4136 246 4165 u
267 4133 377 4184 pro
403 4124 500 4163 tum
528 4111 580 4163 in
605 4111 849 4163 omnibus
878 4109 1023 4161 libris
1044 4108 1190 4161 MSS.

1258 1099 1396 1169 apud
1428 1101 1572 1152 Sant.
1613 1132 1666 1140 —
1690 1100 1944 1153 Eamdem
1984 1103 2267 1156 lectionem

1259 1178 1312 1231 in
1348 1179 1495 1230 libris
1536 1179 1641 1230 suis
1673 1180 1873 1232 invenit
1903 1180 2148 1247 Vossius,
2173 1202 2269 1236 nec

1260 1271 1456 1309 temere
1504 1258 1645 1309 illam
1710 1257 2050 1327 rejiciendam
2096 1277 2268 1332 putat.

1257 1335 1361 1389 Sed
1388 1338 1505 1407 quis
1537 1337 1672 1389 hanc
1710 1340 1979 1391 barbaram
2018 1341 2271 1412 loquendi

1258 1416 1515 1468 rationem
1546 1430 1597 1467 tu
1616 1418 1818 1468 contulit
1840 1416 2080 1471 admittat
2105 1433 2157 1474 et
2180 1424 2272 1475 Ca-

1261 1496 1391 1547 tullo
1438 1493 1724 1548 obtrudat?
1770 1507 1866 1548 tum
1910 1512 2051 1551 recte
2078 1502 2182 1569 jam
2216 1503 2270 1554 in

1257 1593 1366 1625 uno
1407 1574 1538 1627 Cod.
1580 1575 1719 1646 apud
1773 1577 1903 1628 Stat.
1928 1580 2167 1631 —Nunc
2216 1583 2268 1633 in

1258 1655 1540 1723 exemplari
1593 1654 1928 1707 bibliothecae
1980 1657 2127 1710 Leid.
2184 1660 2276 1711 ad·

1259 1734 1512 1801 scriptum
1585 1733 1786 1786 invenit
1860 1735 2154 1790 Santenius.
2193 1774 2252 1781 —-

1261 1810 1417 1863 Redit
1464 1811 1674 1863 tandem
1743 1813 1899 1866 Poeta
1925 1853 1941 1878 ,
1997 1817 2141 1870 unde
2199 1818 2278 1870 di-

1259 1909 1458 1960 gressus
1496 1893 1680 1943 suerat.
1729 1892 2065 1961 Respondete
2113 1897 2273 1967 igitur

1259 1969 1412 2021 debet
1446 1970 1533 2022 hic
1565 1989 1743 2022 versus
1781 1972 1951 2023 versui
1981 1973 2049 2041 73
2084 1988 2134 2027 et
2161 1985 2232 2044 74
2259 2018 2273 2039 ,

1261 2046 1349 2100 scd
1370 2087 1385 2111 ‚
1427 2050 1663 2118 quamvis
1702 2051 1908 2101 nullum
1937 2051 2275 2122 interpretem

1260 2129 1346 2179 hic
1379 2128 1581 2180 haesisse
1626 2127 1813 2186 video.
1853 2148 2035 2199 parum
2069 2133 2155 2183 ille
2193 2153 2275 2185 re-

1259 2205 1483 2278 spondet
1515 2208 1585 2258 ob
1616 2208 1890 2268 omissam,
1921 2227 2038 2278 quae
2076 2209 2278 2263 deside-

1261 2298 1441 2348 ratur,
1484 2287 1791 2354 particulam
1847 2291 1959 2347 sic,‘
2012 2291 2276 2344 cohaerere

1263 2366 1401 2417 euim
1426 2364 1650 2417 debebat
1678 2366 1846 2418 oratio
1877 2367 1947 2417 ita
1971 2384 1984 2418 :
2012 2394 2034 2414 ι
2057 2382 2114 2421 ut
2146 2371 2273 2422 olim

1265 2444 1486 2515 flagrans
1523 2463 1700 2497 amore
1738 2446 1793 2497 in
1835 2445 2054 2499 domum
2099 2450 2277 2503 Prote·

1263 2524 1375 2575 silai
1406 2524 1546 2575 veuit
1572 2524 1879 2589 Laodamia,
1899 2527 1970 2578 sic
1989 2529 2120 2579 meis
2140 2549 2272 2600 quo-

1265 2622 1368 2672 quc
1401 2604 1725 2673 amplexibus
1777 2625 1829 2658 se
1865 2606 2059 2659 obtulit
2099 2611 2276 2680 puella

1265 2701 1394 2733 mea.
1424 2710 1444 2727 ··
1467 2683 1559 2734 Est
1589 2683 1749 2751 igitur
1775 2686 1852 2736 vel
1884 2688 2275 2754 anacolutb0n3

1266 2761 1343 2811 vel
1386 2780 1567 2812 versus
1624 2763 1988 2816 rescribendus
2034 2780 2112 2818 est
2157 2769 2274 2820 ita:

1271 2840 1386 2891 ..Sic
1403 2840 1535 2891 nihil
1558 2854 1648 2892 aut
1675 2843 1851 2911 paullo
1870 2844 1995 2913 quoi
2020 2857 2131 2897 tum
2154 2868 2277 2899 con·

1264 2918 1446 2971 cedere
1485 2919 1659 2988 digna.
1688 2947 1708 2967 ι·
1739 2949 1759 2967 ιι
1787 2920 1872 2974 Sic
1906 2923 2081 2991 puella
2126 2945 2239 2979 mea
2260 2966 2276 2987 .,

1264 2998 1425 3068 digna
1449 3038 1463 3062 ,
1512 3018 1628 3069 quae
1676 2999 1725 3051 ei
1758 2993 2105 3068 (Laodamia)
2161 3017 2274 3057 tum

1265 3078 1398 3128 nihil
1426 3090 1515 3129 aut
1545 3097 1730 3147 parum
1768 3093 1909 3132 certe
1942 3080 2150 3134 cederet
2171 3122 2185 3145 ‚
2221 3086 2274 3136 in

1265 3156 1518 3227 gremium
1547 3175 1719 3208 meum
1746 3177 1800 3209 se
1825 3159 2064 3212 contulit.
2094 3187 2114 3205 ι·
2152 3163 2280 3215 For·

1264 3235 1458 3287 mulam
1496 3248 1581 3286 aut
1606 3237 1731 3287 nihil
1751 3250 1839 3287 aut
1852 3239 2021 3307 paullo
2049 3240 2272 3295 illustrat

1265 3315 1481 3366 Dora-ille
1530 3314 1596 3366 ad
1631 3316 1829 3369 Charit.
1870 3337 1984 3387 pag.
2020 3321 2123 3372 581
2167 3318 2273 3383 (ed.

1264 3387 1467 3464 Lips.);
1492 3396 1713 3447 formula
1744 3416 1909 3466 graeca
1940 3411 2041 3461 est,
2068 3402 2221 3470 ὀλίγον
2246 3406 2277 3459 ἢ

1267 3471 1433 3538 οὐδὲν,
1459 3474 1526 3526 ad
1554 3494 1710 3545 quam
1740 3476 1914 3529 abesse
1952 3497 2072 3529 sane
2104 3494 2276 3549 potest

1266 3565 1352 3603 aut
1384 3555 1544 3623 priori
1586 3555 1703 3606 loco
1732 3558 1977 3626 positum.
2013 3557 2115 3610 Sed
2145 3562 2281 3612 malo

1271 3651 1411 3683 nunc
1441 3647 1556 3704 post
1587 3647 1692 3687 tam
1722 3637 1930 3704 longam
1963 3637 2285 3707 interjectam

1272 3714 1558 3764 orationem
1592 3732 1867 3781 agnoscere
1894 3717 2247 3769 anacoluthon
2269 3739 2287 3783 ;

1275 3809 1394 3842 nam
1417 3793 1538 3842 alias
1560 3812 1734 3844 versus
1756 3796 1928 3845 minor
1949 3796 2139 3863 corrigi
2156 3816 2288 3867 quo-

1278 3888 1380 3939 que
1399 3872 1560 3940 possit
1575 3872 1675 3924 hoc
1703 3873 1861 3923 modo
1882 3891 1893 3923 :
1917 3876 2058 3923 «Lux
2084 3878 2285 3928 nicasio

1280 3961 1516 4000 nostrum
1542 3970 1593 4002 se.
1639 3951 1754 4002 tulit
1790 3953 1842 4001 iu
1872 3954 2145 4021 gremium.
2184 3984 2202 4000 ›-

1370 4046 1387 4077 1
1405 4030 1495 4081 32.
1528 4032 1683 4095 (heum
1713 4032 1820 4080 tulit
1839 4031 2081 4085 emendat
2108 4034 2293 4087 Corra-

1286 4106 1468 4173 dinus»,
1483 4121 1539 4159 ut
1563 4110 1765 4167 haheat,
1783 4128 1893 4179 quo
1907 4111 2160 4166 reseratur
2179 4128 2291 4167 eum.

1970 4219 1985 4243 a

1853 4250 1941 4287 29.
