2986 4935
885 424 1329 496 CARMEN
1388 429 1593 495 cxl.

765 657 1346 745 CARMEN
1433 659 1704 746 CXI.

898 893 1001 935 AD
1060 893 1569 937 AUFILENAM.

261 1085 669 1161 Aufinum,
710 1080 850 1145 viro
896 1092 1237 1145 contentas
1277 1081 1498 1146 vivere
1540 1077 1719 1159 sole,

376 1188 751 1279 Nuptarum
792 1183 933 1252 laus
971 1211 1007 1252 e
1044 1182 1345 1252 laudibus
1370 1185 1660 1252 eximiis.

264 1290 398 1360 Sed
437 1292 692 1384 quoivis
725 1292 1023 1383 quamvis
1062 1292 1280 1383 potius
1318 1291 1756 1360 succumbere
1797 1291 1893 1360 fas
1930 1308 2066 1377 est,

373 1399 595 1485 Quam
631 1410 909 1465 matrem
945 1397 1179 1465 fratres
1216 1396 1480 1465 efficere
1517 1422 1597 1464 ex
1635 1411 1892 1490 patruo,

236 1612 380 1661 Ano.
403 1609 657 1660 Aufilenae
672 1646 689 1672 ,
710 1626 835 1659 eum
855 1620 1044 1676 patruo
1067 1626 1191 1659 con-

150 1689 449 1748 sumenti,
474 1687 613 1739 nihil
642 1686 900 1758 ejusmodi
926 1686 1109 1740 illicito
1137 1700 1189 1740 et

150 1770 356 1820 incesto
363 1786 543 1820 amore
554 1767 760 1837 turpius
771 1779 821 1818 et
830 1765 1190 1819 detestabilius

152 1866 295 1911 esse,
317 1861 439 1900 ante
463 1847 647 1900 oculos
666 1846 833 1916 ponit.
858 1879 940 1910 ÷-
965 1848 1189 1916 Expres-

150 1927 221 1979 sit
261 1927 367 1979 hoc
397 1944 610 1979 carmen
651 1926 829 1979 Joann.
871 1927 985 1979 Nic.
1028 1926 1184 1979 Goetz

157 2008 216 2056 V
210 2007 461 2058 ermischee
493 2006 726 2060 Gedichte
750 2007 905 2057 Tom.
932 2006 1011 2057 111
1028 2045 1041 2067 ‚
1071 2024 1187 2076 pag.

162 2106 183 2138 ι
199 2085 295 2138 3ο.

247 2183 293 2217 ι.
335 2164 618 2217 Contentum
654 2166 710 2217 in
753 2163 903 2218 editt.
941 2164 1189 2217 Parthen.

157 2243 375 2315 Gryph.
413 2246 610 2298 Mutet.
646 2245 982 2315 Henricpetr.
1014 2245 1188 2297 Graev.

152 2336 210 2375 et
240 2323 373 2376 aliis.
409 2323 511 2377 Sed
541 2324 800 2395 Scaliger,
835 2325 928 2395 qui
959 2326 1014 2376 in
1047 2324 1185 2377 libro

151 2422 255 2455 suo
287 2404 588 2457 inveniebat
612 2417 831 2456 contenta
860 2417 955 2466 ese,
997 2405 1073 2455 uti
1110 2416 1188 2456 est

151 2502 373 2555 quoque
392 2483 448 2536 in
466 2483 699 2538 editione
725 2487 890 2555 Rheg.
921 2485 1043 2538 fecit
1059 2484 1185 2537 inde

152 2575 431 2627 comentes,
468 2563 614 2635 quod
637 2578 777 2617 recte
798 2566 864 2618 ab
891 2563 1183 2617 editoribus

149 2643 540 2696 recentioribus
566 2657 837 2715 receptum
867 2657 959 2696 est.

245 2741 296 2773 ².
322 2723 595 2794 Nuptarum
622 2725 726 2776 laus
752 2737 822 2775 est
844 2724 1064 2791 laudibus
1086 2728 1184 2775 ezi-

152 2804 268 2852 nu'is
291 2802 347 2853 in
378 2802 528 2857 MSS.
560 2803 736 2868 Statii,
762 2803 909 2857 editt.
934 2803 1179 2856 Parthen.

153 2881 374 2951 Gryph.
410 2896 463 2934 et
496 2884 642 2950 aliis,
674 2883 818 2937 unde
850 2884 1040 2936 Statius
1068 2883 1178 2935 Να-

145 2975 350 3030 peut-um
390 2974 460 3014 est
504 2964 608 3015 laus
651 2985 677 3016 e
720 2965 939 3016 laudibus
982 2965 1179 3015 eximiis.

152 3041 389 3111 Soeliger
422 3044 691 3114 Nupearum
727 3046 831 3096 laus
871 3067 896 3095 e
931 3044 1063 3096 laud.
1103 3065 1177 3094 ex.

152 3139 319 3191 quam
349 3123 629 3175 lectionem
658 3144 839 3176 omnes
868 3143 1010 3176 nune
1036 3123 1181 3175 exhi·

152 3201 288 3254 bent
311 3200 571 3256 editiones
594 3205 923 3257 recentiores.
943 3204 1180 3256 Muretus

1276 1609 1388 1659 sine
1423 1607 1624 1661 indicio
1654 1608 1978 1662 auctoritatis
2014 1608 2162 1663 dedit
2197 1613 2306 1664 Nu·

1270 1701 1465 1756 ptarum
1488 1708 1586 1739 una
1608 1701 1677 1739 est
1705 1710 1730 1739 e
1753 1689 1883 1740 laud.
1910 1693 2052 1744 exe'm.

1359 1768 1411 1819 3.
1465 1769 1716 1831 Vossim,
1755 1771 1905 1839 cujus
1942 1769 2066 1821 libri
2109 1782 2309 1822 veteres

1275 1846 1372 1898 soli
1392 1847 1588 1899 habent
1612 1846 1713 1898 Sed
1731 1852 1876 1899 cuivis
1891 1853 2071 1919 potius,
2096 1852 2308 1921 supplet

1276 1945 1484 1978 versum
1514 1927 1615 1990 ita3
1647 1927 1749 1980 Sed
1772 1931 1918 1979 cuivis
1943 1933 2086 1981 cuivis
2104 1935 2265 1999 potius
2286 1944 2305 1975 :

1275 2025 1374 2058 nec
1396 2004 1567 2057 defuit
1581 2044 1596 2070 ‚
1613 2007 1705 2077 qui
1727 2007 1864 2058 hanc
1885 2008 2164 2061 lectionem
2177 2010 2313 2061 Vos-

1278 2085 1472 2137 sianam
1501 2087 1778 2156 probaret,
1807 2087 2051 2158 VulpiuS.

1366 2183 1387 2216 1
1415 2197 1492 2206 —
1521 2173 1571 2228 4.
1613 2166 1804 2217 Sensus
1832 2183 1845 2216 ε
1883 2192 1904 2211 ι
1931 2166 2014 2218 Ad
2054 2167 2271 2219 eximias
2297 2209 2311 2229 ‚

1275 2245 1549 2309 Aufilenn,
1576 2263 1692 2315 quae
1727 2258 1915 2314 nuptas
1945 2246 2190 2298 mulieres
2217 2269 2309 2299 or-

1278 2336 1408 2374 nant
1421 2362 1438 2387 ‚
1465 2323 1682 2377 virtutes
1701 2325 1932 2395 pertinet
1953 2325 2199 2396 inprimis
2216 2348 2273 2379 ea
2297 2368 2310 2391 ‚

1276 2416 1339 2455 ut
1360 2404 1473 2456 solo
1496 2405 1687 2457 marito
1709 2418 1969 2458 contenta
1992 2407 2204 2470 vivant3
2227 2421 2278 2458 at
2294 2447 2309 2473 ‚

1274 2483 1315 2534 si
1344 2485 1564 2536 omnino
1587 2486 1650 2538 iis
1680 2503 1802 2537 cum
1832 2485 1938 2538 alio
1962 2484 2131 2538 libido
2163 2504 2307 2539 exer·

1273 2561 1440 2616 cenda
1462 2565 1553 2628 sit,
1567 2564 1765 2636 quaevis
1780 2584 1902 2618 cum
1924 2567 2112 2636 quovis
2129 2567 2303 2637 potius

1269 2645 1586 2697 concumbat
1611 2645 1823 2709 licebit,
1851 2664 2011 2715 quam
2044 2660 2101 2698 ut
2134 2660 2299 2699 mater

1270 2724 1591 2793 patruelium
1614 2724 1707 2776 fiat
1727 2742 1795 2777 ex
1817 2738 2026 2796 patruo.
2040 2752 2061 2771 ι
2091 2758 2169 2768 --
2191 2727 2301 2777 Μα-

1272 2813 1387 2853 trem
1410 2805 1595 2868 fratres
1625 2803 1811 2873 efficere
1843 2824 1902 2855 ex
1923 2816 2101 2875 patruo
2117 2846 2130 2867 ,
2162 2806 2215 2857 h.
2248 2827 2293 2857 e.

1269 2895 1487 2935 matrem
1524 2883 1672 2948 fieri,
1708 2898 1760 2935 et
1796 2902 1988 2953 pueros
2018 2903 2081 2937 ex
2105 2898 2297 2954 patruo

1266 2981 1546 3031 procreare
1560 3003 1574 3028 ,
1597 2963 1692 3034 qui
1714 2963 1867 3015 matri
1890 2964 1995 3015 sint
2002 2967 2190 3031 fratr-es
2203 2985 2297 3033 pa-

1269 3044 1472 3106 truelem
1505 3062 1628 3095 nam
1668 3055 1980 3112 patruorum
2019 3045 2126 3095 sive
2156 3042 2291 3095 duo-

1266 3141 1386 3173 rum
1416 3124 1641 3176 fratrum
1671 3122 1767 3175 filii
1800 3123 1977 3174 vocari
2006 3124 2174 3175 solent
2209 3124 2294 3175 vel

1264 3202 1502 3255 absolute
1512 3205 1715 3269 [ωτι-ω,
1738 3203 1818 3255 vel
1833 3205 2017 3268 fratres
2035 3203 2293 3272 patruaeles.
