2986 4935
690 509 841 594 624
1534 507 1966 575 TABULA.

1164 638 1349 708 sodio
1381 652 1449 707 et
1480 639 1761 732 querelis
1788 639 1872 708 de
1903 638 2126 709 fratris
2151 629 2410 732 morte)
2451 643 2613 737 Pag.
2683 643 2824 741 319

892 749 1137 817 LXIX.
1194 745 1298 815 Ad
1336 744 1588 814 Rufum
1636 736 2028 838 (ludificatio
2067 747 2194 815 viri
2234 750 2347 840 qui
2393 748 2485 816 ob
2530 764 2622 818 te-

1165 866 1343 921 trum
1397 850 1647 921 alarum
1703 852 1976 921 odorem
2035 876 2077 920 a
2129 852 2361 948 puellis
2414 873 2612 949 sper-

1164 953 1370 1047 nitur)
1376 1005 2597 1026 ........................
2677 961 2818 1048 345

917 1069 1132 1137 LXX.
1191 1068 1297 1134 De
1343 1066 1783 1134 inconstantia
1828 1064 2092 1133 feminei
2139 1068 2380 1135 amoris
2411 1115 2431 1131 .
2464 1115 2484 1131 .
2522 1117 2540 1133 .
2575 1117 2595 1133 .
2674 1067 2820 1154 346

876 1177 1126 1244 LXXI.
1182 1171 1286 1239 Ad
1332 1172 1688 1240 Virronem
1734 1160 2050 1263 (duorum
2089 1169 2481 1260 ludificatio,
2522 1173 2609 1241 al·

1168 1278 1368 1346 terius
1398 1277 1729 1372 podagra,
1751 1275 2016 1346 alterius
2038 1275 2292 1347 alarum
2324 1278 2565 1349 foetore
2585 1331 2606 1363 ,

1162 1383 1601 1452 laborantium
1617 1372 1647 1475 )
1671 1430 2590 1451 ..................
2665 1385 2762 1472 34
2774 1413 2807 1481 7

839 1493 1121 1563 LXXII.
1178 1490 1281 1558 Ad
1325 1490 1631 1559 Lesbiam
1669 1478 2072 1584 (objurgatio
2107 1490 2196 1559 ob
2224 1482 2606 1585 perfidiam)
2662 1492 2808 1586 349

796 1601 1111 1669 LXXIII.
1169 1601 1246 1663 In
1276 1598 1608 1691 ingratum
1626 1643 2590 1663 ...................
2661 1597 2794 1670 351

803 1707 1116 1776 LXXIV.
1172 1706 1252 1771 In
1281 1702 1570 1772 Gellium
1593 1692 2044 1797 (exprobratio
2069 1702 2368 1772 nefandae
2396 1702 2607 1773 libidi-

832 1797 2588 2009 Lm.¹23³a2...1;;<·.·.2.;.1;.;.·.3...fidu-..53:
2656 1810 2791 1988 {32

791 2026 1102 2094 LXXVI.
1160 2021 1262 2089 Ad
1299 2046 1368 2091 se
1408 2024 1622 2115 ipsum
1661 2018 2096 2115 (querimonia
2129 2020 2214 2090 de
2249 2024 2600 2116 impotenti

1161 2153 1385 2196 amore
1418 2152 1613 2221 quem
1644 2127 1974 2222 deponere
2004 2128 2249 2197 frustra
2278 2119 2589 2221 conatur)
2649 2127 2793 2200 353

759 2238 1104 2306 LXXVII.
1169 2235 1270 2302 Ad
1297 2234 1548 2302 Rufum
1586 2230 1952 2317 (insectatio
1984 2236 2053 2302 in
2085 2234 2415 2328 perfidum
2444 2237 2599 2304 ami-

725 2450 1105 2520 Lxmn.
1153 2330 1524 2517 Ἑῖὲᾳιῐο·
1561 2388 1788 2530 ma·
1928 2389 2588 2518 asnia...
2647 2338 2795 2412 ³⁵⁶

1148 2578 1415 2622 suorum
1453 2547 2004 2648 interceptorem)
2030 2602 2574 2620 ...........
2645 2552 2785 2649 357

783 2663 1099 2731 LXXIX.
1159 2663 1239 2727 In
1276 2660 1588 2729 Lesbium
1618 2650 2037 2752 (detrectatio
2063 2660 2315 2755 praelati
2342 2655 2590 2748 rivalis)
2645 2658 2790 2754 359

822 2770 1098 2837 LXXX.
1154 2766 1259 2835 Ad
1298 2765 1584 2836 Gellium
1629 2758 1990 2860 (inquisitio
2033 2767 2116 2835 de
2165 2767 2343 2837 foedo
2385 2766 2589 2836 libidi-

1145 2874 1245 2940 nis
1281 2863 1551 2966 genere)
1569 2921 2572 2939 ....................
2645 2870 2788 2943 360

774 2983 1087 3049 LXXXI.
1146 2978 1246 3046 Ad
1280 2982 1316 3046 J
1322 2981 1662 3047 uventium
1696 2969 2096 3074 (objurgatio
2127 2980 2214 3049 ob
2243 2979 2442 3048 alium
2467 2980 2590 3048 sibi

1149 3074 1523 3177 praelatum)
1550 3133 2569 3152 ....................
2643 3081 2736 3154 36
2750 3107 2773 3151 1

732 3194 1077 3262 LXXXII.
1106 3190 1204 3258 Ad
1222 3193 1570 3278 Quintium
1587 3181 1994 3286 (deprecatio
2016 3207 2092 3260 ut
2108 3205 2337 3287 parcat
2352 3206 2562 3286 poetae

1139 3286 1519 3387 amoribus)
1551 3345 2565 3363 ....................
2640 3294 2775 3366 362

698 3405 1076 3473 LXXXIII.
1135 3405 1214 3471 In
1271 3405 1582 3470 maritum
1632 3405 1887 3472 Lesbioe
1933 3398 2413 3498 (interpretatio
2465 3405 2583 3471 Le·
2675 3395 2682 3404 ’

1143 3509 1297 3576 sbiae
1337 3508 1652 3578 adversus
1700 3508 2035 3579 Catullum
2083 3497 2577 3598 maledicentiae)
2638 3506 2771 3578 362

695 3618 1075 3684 LXXXIV.
1143 3617 1249 3682 De
1315 3616 1509 3684 Arrio
1569 3605 1801 3706 (lusus
1861 3616 1945 3685 de
2001 3618 2236 3704 vitioso
2292 3639 2576 3711 pronun-

1141 3720 1342 3788 tiandi
1378 3711 1656 3814 genere)
1701 3768 2558 3787 .................
2634 3717 2772 3801 364

735 3829 1075 3894 LXXXV.
1133 3830 1237 3894 De
1267 3852 1492 3895 amore
1521 3853 1641 3896 suo
1672 3817 2026 3921 (professio
2051 3830 2328 3897 amantis
2356 3813 2573 3917 inviti)
2634 3823 2767 3895 365

694 3935 1072 4000 LXXXVI.
1130 3937 1234 4001 De
1268 3934 1545 4021 Quintio
1581 3949 1649 4002 et
1677 3934 1917 4003 Lesbia
1956 3923 2374 4028 (discriminis
2408 3935 2577 4002 inter

1132 4039 1480 4134 pulchram
1525 4055 1593 4108 et
1633 4040 1990 4110 formosam
2023 4029 2400 4132 definitio).
2435 4089 2453 4104 .
2490 4088 2507 4103 .
2541 4088 2557 4103 .
2633 4034 2768 4108 366

666 4146 1076 4213 LXXXVII.
1135 4146 1284 4212 Vid.
1335 4149 1555 4214 Carm.
1608 4149 1867 4217 LXXV
1908 4149 1976 4215 in
2019 4150 2191 4217 notis
2236 4173 2298 4241 p.
2347 4145 2520 4217 352.
