2986 4935
713 404 862 500 37⁰

1243 411 1317 473 (2.
1356 408 1790 474 VALERII
1852 410 2319 477 CATULLI

1337 642 1898 731 CARMEN
1979 642 2243 733 XCI.

1500 877 1584 921 IN
1644 877 2065 923 GELLIUM.

812 1075 973 1140 Now
1020 1068 1199 1153 ideo,
1240 1065 1446 1149 Gelli,
1483 1067 1832 1160 sperabam
1872 1081 1935 1133 te
1974 1067 2139 1135 mihi
2177 1066 2388 1136 fidum

920 1180 998 1243 ln
1037 1178 1278 1243 misero
1315 1175 1445 1244 hoc
1491 1188 1756 1255 nostro,
1794 1173 1923 1242 hoc
1959 1173 2224 1267 perdito
2259 1198 2490 1244 amore
2528 1175 2717 1259 fore;

812 1282 1012 1371 Quod
1050 1298 1113 1350 te
1150 1306 1540 1376 cognossem
1579 1281 1781 1363 bene,
1818 1296 2317 1353 constantemve
2353 1296 2701 1379 putarem,

748 1508 1734 1579 Ano.Utcrescatetcumuletur,quam

706 1593 943 1645 versibus
986 1591 1093 1643 suis
1138 1590 1287 1642 samae
1324 1589 1484 1643 Gellii
1522 1588 1735 1640 inurere

709 1672 911 1735 studet,
940 1670 1228 1740 ignominia
1247 1708 1262 1732 ,
1279 1687 1445 1741 usque
1464 1667 1597 1720 adeo
1612 1686 1734 1719 eum

708 1754 986 1807 scelestum
1008 1769 1115 1803 esse
1134 1748 1391 1815 ostendit,
1408 1761 1465 1800 ut
1479 1749 1577 1799 iste
1592 1749 1736 1800 nulla

708 1834 860 1886 facile
880 1850 937 1883 re
951 1870 965 1895 ‚
990 1830 1092 1883 nisi
1111 1831 1166 1883 in
1187 1850 1289 1901 qua
1307 1827 1511 1900 aliquid
1533 1828 1739 1879 sceleris

709 1914 775 1966 sit
794 1953 810 1977 ‚
834 1910 1087 1965 oblectari
1113 1930 1267 1981 posse
1288 1910 1550 1962 videatur.
1572 1906 1735 1971 Quod

709 1992 927 2064 quidem
951 1990 1061 2062 ipse
1084 2004 1275 2062 praeter
1294 2009 1508 2044 omnem
1525 1989 1739 2059 opinio·

710 2093 833 2128 nem
862 2073 917 2125 in
942 2089 1122 2124 amore
1150 2092 1245 2124 suo
1274 2082 1523 2142 expertus
1549 2070 1736 2121 fuerat.

713 2154 848 2207 Nam
879 2153 1119 2224 quamvis
1145 2153 1313 2223 probe
1342 2162 1593 2212 noverat,
1616 2166 1737 2200 eum

712 2253 814 2303 pro
832 2232 1011 2286 indole
1026 2252 1116 2285 sua
1132 2230 1196 2284 ad
1213 2230 1438 2302 quodvis
1453 2229 1734 2299 designan-

712 2313 845 2367 dum
885 2313 1051 2365 scelus
1092 2327 1333 2382 paratum
1379 2329 1487 2362 esse
1511 2348 1526 2374 ‚
1566 2322 1740 2360 tamen

714 2394 796 2445 vel
853 2392 987 2445 adeo
1040 2393 1273 2461 puellam
1319 2408 1464 2442 suam
1511 2388 1578 2440 ab
1627 2391 1741 2458 ejus

715 2472 936 2526 libidine
958 2484 1125 2523 tutam
1143 2472 1255 2523 fore
1272 2483 1574 2541 putaverat,
1593 2467 1741 2540 quod

714 2552 805 2604 illa
833 2570 932 2603 nec
964 2563 1160 2614 mater,
1188 2569 1286 2603 nec
1313 2569 1464 2602 soror
1491 2564 1655 2612 esset,
1684 2549 1736 2600 in

715 2649 942 2702 quarum
956 2631 1241 2684 concubitu
1253 2629 1409 2683 unice
1424 2630 1522 2682 sibi
1537 2629 1742 2699 placere

716 2709 998 2764 videbatur
1038 2711 1200 2763 homo
1242 2711 1336 2762 iste
1370 2708 1738 2779 nequissimus.

717 2790 826 2842 Sed
862 2790 1120 2843 fefellerat
1149 2809 1241 2842 sua
1272 2790 1327 2841 in
1359 2789 1458 2841 hac
1486 2809 1543 2840 re
1570 2789 1744 2842 Catul-

716 2872 832 2925 lum
858 2871 1078 2943 opinio;
1116 2889 1239 2923 nam
1279 2887 1461 2932 secus,
1493 2888 1556 2922 ac
1597 2867 1744 2920 vide·

718 2952 907 3015 batur,
941 2951 1061 3004 satis
1083 2969 1248 3008 causae
1273 2950 1372 3003 suit
1395 2948 1602 3011 Gellio,
1627 2967 1746 3018 qna

720 3033 766 3084 ei
795 3050 918 3084 cum
946 3032 1157 3084 Catullo
1185 3027 1567 3088 intercedebat,
1603 3027 1742 3079 ami-

721 3111 873 3176 citia,
902 3124 958 3163 ut
987 3113 1098 3180 ejus
1123 3111 1356 3180 puellam
1377 3107 1445 3162 ad
1467 3107 1744 3160 libidinem

722 3191 1027 3244 sollicitaret
1050 3214 1063 3253 ;
1109 3189 1241 3243 adeo
1285 3190 1340 3242 in
1381 3185 1748 3260 perpetrandis

721 3270 1043 3324 facinoribus
1060 3288 1304 3342 superare
1321 3270 1414 3321 iste
1433 3269 1632 3322 solebat
1649 3268 1746 3320 ho·

720 3350 925 3402 minum
946 3349 1385 3421 exspectationem
1406 3349 1519 3400 1-
1531 3349 1749 3402 Proecla-

718 3446 839 3482 rum
847 3442 941 3494 est,
951 3443 1008 3483 ut
1021 3444 1158 3482 recte
1161 3427 1361 3501 judicat
1370 3430 1625 3485 Muretus.
1640 3428 1747 3480 hoc

721 3507 1072 3579 epigramma,
1093 3522 1143 3563 et
1161 3509 1388 3562 mirabili
1408 3507 1643 3581 quodam
1662 3527 1745 3560 ar·

724 3588 887 3640 tificio
907 3607 936 3640 a
956 3590 1118 3641 Poeta
1132 3602 1311 3642 nostro
1325 3588 1703 3658 compositum.

806 3688 826 3721 1
850 3710 863 3729 ‚
896 3689 949 3720 2.
974 3670 1098 3721 Non
1122 3669 1395 3739 sperabam
1424 3681 1476 3720 te
1506 3667 1640 3719 mihi
1671 3667 1743 3720 fi·

717 3746 887 3800 delem
945 3749 1057 3800 fore
1099 3749 1169 3801 ita
1185 3786 1200 3812 ,
1246 3762 1304 3800 ut
1347 3748 1635 3799 abstineres
1675 3749 1743 3800 ab

716 3828 805 3879 illa
845 3830 995 3899 cujus
1035 3846 1217 3880 amore
1249 3826 1499 3897 depereo.
1536 3828 1605 3879 N.

801 3928 852 3960 2.
880 3910 1025 3971 Hoc,
1061 3905 1206 3978 quod
1243 3926 1362 3959 cum
1394 3906 1443 3957 vi
1479 3921 1601 3958 ante
1626 3926 1738 3976 per-

1822 1506 2031 1560 Statius.
2053 1539 2135 1549 --
2157 1506 2339 1563 Misero
2362 1526 2468 1560 vox
2486 1511 2769 1574 amatoria,
2789 1514 2852 1563 cf.

1824 1586 1885 1640 C.
1913 1588 2016 1651 LI,
2048 1588 2100 1640 5.
2125 1587 2726 1653 N.—Perd1'toaaente,
2753 1592 2788 1643 i.
2811 1612 2852 1643 e.

1824 1669 2010 1719 insano
2029 1708 2045 1733 ‚
2066 1665 2292 1719 modum
2312 1669 2597 1723 nesciente.
2621 1671 2704 1722 Ita
2729 1670 2858 1724 dixit

1822 1748 2105 1800 Terentius
2132 1745 2374 1818 «perdite
2403 1767 2586 1803 amare
2604 1776 2628 1796 ι
2645 1788 2664 1815 ,
2690 1750 2859 1803 Han-

1823 1839 1954 1879 tont.
2000 1829 2058 1892 1,
2100 1847 2145 1883 ι,
2195 1828 2265 1891 45
2286 1868 2302 1893 ,
2351 1840 2405 1880 et
2448 1829 2699 1882 Catullus
2746 1833 2858 1902 ipse

1827 1907 2007 1961 Carm.
2042 1907 2216 1972 XLV,
2253 1909 2319 1973 3,
2351 1907 2501 1973 CIV,
2531 1908 2585 1962 3.
2622 1911 2692 1963 N.

1905 1987 1959 2040 3.
1998 1989 2132 2057 Quin
2168 2001 2214 2039 te
2248 1988 2443 2043 Murem.
2474 1990 2579 2059 Qui
2611 2003 2660 2041 u
2686 1990 2859 2043 Scali-

1824 2086 1917 2138 ger
1956 2086 2020 2119 ex
2065 2070 2230 2121 veteri
2277 2069 2556 2139 scriptura.
2610 2071 2853 2123 Constan-

1827 2160 1985 2218 terque
2015 2161 2236 2219 putarem
2266 2149 2425 2201 Hand
2444 2168 2590 2218 pau
2616 2192 2631 2213 ‚
2668 2165 2770 2203 etc.
2805 2152 2858 2202 in

1826 2228 2071 2299 plurimis
2112 2228 2264 2282 libris
2303 2242 2410 2281 tam
2447 2229 2662 2300 scriptis
2698 2250 2857 2302 quam

1827 2307 2010 2372 editis;
2040 2306 2131 2361 sed
2157 2309 2328 2361 multo
2352 2308 2529 2380 aptior
2553 2323 2609 2365 et
2631 2312 2858 2363 orationi

1827 2389 2227 2442 convenientior
2251 2388 2384 2441 mihi
2425 2387 2535 2441 vina
2571 2402 2654 2442 est
2683 2403 2858 2443 nostn

1826 2469 2018 2533 lectio,
2061 2487 2221 2540 quam
2261 2470 2456 2522 Statius
2491 2470 2552 2522 in
2584 2473 2861 2524 nonnullis

1827 2549 1979 2600 libris
2003 2549 2158 2602 MSS.
2188 2551 2418 2615 invenit3
2440 2562 2495 2601 et
2519 2550 2595 2604 nie
2616 2551 2711 2605 hie
2739 2570 2857 2604 m·

1827 2647 1916 2679 sus
1949 2631 2060 2699 jam
2104 2632 2159 2682 in
2203 2629 2330 2682 edit.
2375 2628 2591 2703 Gryph.
2636 2626 2823 2700 (1537
2840 2625 2855 2695 {¹

1828 2709 2039 2778 legitur.
2061 2707 2317 2763 Eamdem
2337 2709 2623 2764 lectionem
2654 2713 2856 2783 recepit

1831 2788 2084 2858 Vulpius,
2110 2821 2190 2832 -
2219 2790 2510 2859 Cognossen
2538 2790 2695 2856 ὄρεσι
2728 2792 2790 2845 h.
2821 2794 2853 2844 l.

1830 2888 2110 2936 cognoscet-e
2125 2910 2141 2931 ,
2186 2883 2245 2921 ut
2289 2887 2523 2939 gracum
2567 2872 2829 2941 γινόσιιειν
2842 2912 2857 2933 ,

1831 2948 1939 2999 vim
1969 2948 2129 3002 habet
2169 2947 2484 3020 judicandi3
2527 2950 2716 3023 itaque
2749 2952 2858 3005 hnc

1830 3026 2028 3080 locutio
2059 3049 2102 3081 c.
2131 3029 2178 3081 b.
2207 3028 2350 3081 idem
2387 3029 2531 3085 valet
2555 3030 2711 3102 quod
2737 3033 2855 3084 bc·-

1832 3106 1892 3158 de
1910 3120 1955 3159 te
1971 3112 2134 3179 ορέηἱο
2157 3110 2274 3161 mihi
2296 3122 2430 3162 esset.
2454 3108 2551 3162 Sin
2569 3111 2758 3178 aliter,
2779 3131 2855 3164 oe-

1831 3188 1936 3241 ries
1977 3188 2230 3242 orationis
2261 3189 2642 3261 abrumpitur,
2689 3211 2857 3265 neq-e

1833 3268 1979 3338 quod
1998 3270 2052 3322 in
2075 3281 2253 3322 mente
2276 3269 2463 3336 habet,
2484 3269 2738 3325 Catullus
2751 3291 2857 3324 ver·

1833 3348 1913 3399 bis
1952 3348 2224 3419 significat.
2267 3375 2289 3397 ι
2312 3348 2606 3420 Sper-,hm
2640 3363 2700 3404 te
2731 3352 2856 3405 unffi

1834 3425 2003 3480 fidum
2027 3430 2140 3481 fore
2155 3466 2172 3493 ,
2199 3448 2308 3481 non
2330 3428 2453 3482 ideo
2476 3428 2632 3501 quod
2655 3444 2710 3484 te
2731 3433 2858 3486 bne

1833 3526 2138 3577 cognossem
2157 3534 2184 3555 ι
2207 3528 2222 3562 :
2246 3509 2290 3561 si
2314 3509 2477 3562 verba
2496 3509 2697 3563 ultim
2722 3513 2858 3566 hue

1832 3605 2040 3640 semum
2085 3588 2262 3640 ferunt
2285 3606 2302 3641 ε
2332 3588 2516 3646 -elm
2548 3608 2856 3661 cogno-un

1833 3667 1924 3738 qui
1958 3681 2010 3720 et
2042 3669 2213 3739 qualis
2243 3687 2376 3721 esses
2395 3705 2414 3732 ,
2446 3669 2482 3721 i.
2512 3687 2563 3721 e.
2603 3673 2858 3741 pessimo

1833 3746 2419 3813 omnium,·absurdam
2441 3749 2762 3803 sententiam
2780 3751 2858 3802 ab·

1831 3827 2534 3899 sonamqueinsequentibus
2545 3842 2858 3882 constantan-

1833 3927 1884 3957 ve
1903 3919 2123 3976 putarem
2150 3913 2475 3979 proponeret
2489 3946 2505 3971 ‚
2532 3926 2660 3980 quo
2687 3923 2858 3964 nostra

714 3985 819 4038 dieo
861 3987 1120 4058 repetitur
1142 4024 1159 4051 ,
1201 3987 1339 4039 male
1379 3986 1433 4037 in
1473 3986 1743 4038 nonnullis
1827 3986 2260 4058 interpretatione
2301 4005 2425 4040 cum
2470 3989 2680 4041 ceteris
2724 4008 2857 4060 qm·

712 4064 1034 4122 editionibus
1046 4066 1296 4120 omissum
1314 4107 1328 4132 ,
1352 4079 1491 4120 recte
1507 4067 1739 4137 reposuit
1828 4064 1972 4119 drat:
1993 4085 2131 4118 onon
2146 4066 2269 4138 quia
2283 4064 2353 4120 de
2370 4078 2423 4121 te
2437 4067 2580 4122 bene
2593 4069 2858 4123 existima-
