2986 4935
730 435 861 504 160

1238 437 1312 502 C.
1355 436 1793 503 VALERII
1854 435 2310 502 CATULLI

1034 571 1110 635 ln
1151 567 1376 660 Magni
1419 564 1608 634 simul
1646 563 2127 652 ambulatione3

1032 671 1346 740 Femellas
1386 697 1648 758 omne5‚
1689 673 1934 757 amice,
1966 672 2231 766 prendi,

1030 779 1214 867 Quas
1253 776 1437 846 voltu
1476 777 1608 845 vidi
1642 792 1861 845 tamen
1898 802 2167 862 seren03

1035 888 1168 951 Has
1207 884 1311 951 vel
1353 898 1420 951 te
1464 886 1558 950 sic
1596 885 1733 977 ipse
1772 884 2188 976 flagitabam:

1032 992 1408 1057 Camerium
1446 990 1648 1070 mihi,
1697 990 1995 1082 pessimae
2035 988 2285 1084 p‘uellae.

798 1165 849 1212 6.
882 1161 938 1210 In
958 1158 1135 1226 Magni
1156 1162 1260 1208 sim.
1285 1157 1460 1209 ambul.
1483 1157 1538 1208 h.
1560 1175 1590 1208 e
1609 1175 1732 1226 por-

715 1241 821 1292 ticu
881 1237 1195 1307 Pompeiana
1248 1255 1416 1307 prope
1473 1237 1731 1288 theatrum

718 1318 983 1389 Pompeii,
1022 1316 1089 1368 ab
1126 1329 1344 1386 utraque
1378 1328 1524 1385 parte
1559 1315 1735 1365 multis

719 1397 994 1450 arboribus
1018 1395 1213 1447 consita
1231 1434 1245 1458 ,
1275 1393 1417 1445 unde
1454 1393 1620 1464 poetis
1653 1392 1733 1444 di·

719 1477 854 1528 citur
887 1475 1050 1527 umbra
1077 1475 1302 1542 Pompeia
1321 1514 1333 1534 ,
1368 1474 1604 1543 Propert.
1634 1473 1735 1535 IV,

724 1559 788 1620 8,
819 1557 911 1625 75,
946 1553 1106 1606 Ovid.
1144 1557 1253 1604 Art.
1288 1552 1516 1605 Amand.
1549 1554 1603 1612 1,
1641 1556 1735 1621 67,

719 1634 786 1687 de
818 1654 921 1705 qua
952 1633 1018 1686 ad
1062 1647 1343 1702 utrumque
1374 1631 1546 1683 locum
1586 1632 1736 1701 plura

720 1727 966 1766 notarunt
1008 1715 1334 1781 Interpretezz.
1379 1708 1531 1762 Adde
1572 1711 1735 1781 inpri-

723 1794 821 1846 mis
834 1792 1128 1854 Vitruv.V,
1154 1809 1208 1859 9,
1232 1803 1282 1841 et
1300 1790 1473 1840 Adleri
1489 1790 1733 1841 ausfiihr·

719 1874 853 1926 licbe
887 1871 1239 1938 Bescreibung
1271 1867 1368 1920 der
1395 1868 1548 1921 stadt
1583 1870 1737 1933 Rom,

720 1972 773 2022 p.
806 1954 835 2005 3
851 1972 932 2004 ιο.
951 1984 1029 1994 -
1047 1949 1330 2019 Pompeius
1363 1961 1539 2000 autem
1569 1947 1738 1998 hono-

720 2033 790 2084 ris
811 2050 961 2085 causa
989 2029 1178 2100 passim
1198 2041 1412 2080 vocatur
1439 2028 1738 2099 simpliciter

723 2113 950 2181 Magnus.
980 2113 1138 2163 Mart.
1171 2109 1282 2168 XI,
1310 2109 1374 2171 5„
1413 2127 1432 2159 1
1453 2126 1512 2159 1:
1550 2134 1571 2154 ι
1595 2107 1661 2157 Et
1688 2118 1737 2157 te

722 2192 926 2262 privato
957 2209 1078 2242 cum
1112 2189 1313 2240 Caesare
1345 2187 1561 2256 Magnus
1595 2205 1737 2237 ama-

728 2272 804 2323 bit
823 2296 842 2315 1·
866 2290 881 2335 ;
901 2268 968 2320 de
981 2289 1087 2339 quo
1103 2265 1413 2336 cognomine
1433 2264 1647 2335 quando
1663 2265 1737 2316 illi

725 2350 931 2410 datum,
966 2349 1151 2416 Scalig.
1186 2345 1252 2398 ad
1289 2346 1476 2396 Euseb.
1514 2366 1565 2417 p.
1611 2345 1734 2406 154.

723 2433 982 2484 Coeterum
1011 2427 1212 2497 egregie
1242 2423 1309 2477 ad
1337 2444 1445 2476 rem
1475 2443 1595 2477 cum
1628 2424 1736 2477 No-

723 2523 826 2561 stro
855 2508 1082 2577 Vulpius
1116 2517 1380 2574 comparat
1406 2505 1572 2556 Plaut.
1610 2508 1736 2554 Am·

725 2589 884 2659 pbitr.
922 2589 1022 2647 IV,
1065 2603 1086 2634 1
1112 2624 1126 2647 ,
1159 2586 1219 2646 3,
1260 2584 1349 2634 ubi
1386 2584 1735 2653 Amphitruo:

731 2697 752 2715 2.
779 2669 913 2719 Nam
961 2683 1145 2721 omnes
1187 2664 1378 2732 plateas
1423 2663 1737 2732 perreptavi,

725 2745 992 2817 gymnasia
1017 2757 1068 2794 et
1095 2742 1414 2812 myropolia:
1446 2741 1600 2811 Apud
1627 2761 1735 2793 em·

725 2828 932 2897 porium
960 2837 1114 2893 atque
1140 2824 1192 2873 in
1222 2820 1439 2873 macello
1456 2859 1470 2883 ,
1493 2821 1546 2871 in
1582 2821 1737 2890 palae-

726 2921 827 2959 stra
864 2918 1018 2974 atque
1053 2904 1202 2963 foro;
1245 2901 1304 2951 In
1345 2899 1616 2952 medicinis
1637 2939 1651 2963 ,
1685 2902 1738 2951 in

727 2985 1018 3045 tonstrinis,
1043 2980 1184 3052 apud
1209 2999 1390 3030 omnes
1417 2979 1551 3032 aedes
1574 2999 1740 3030 sacras

729 3068 856 3118 Sum
877 3062 1104 3115 defessus
1124 3058 1464 3132 quaeritaudo‚
1480 3078 1736 3129 nusquam

727 3144 936 3197 invenio
971 3143 1304 3193 Naucratam.
1331 3163 1351 3184 ι
1389 3140 1453 3190 In
1481 3157 1588 3208 quo
1621 3140 1737 3189 loco

725 3226 940 3276 observa
960 3260 974 3285 ,
1000 3224 1054 3271 τὸ
1083 3225 1133 3271 in
1160 3219 1399 3269 medicinis
1419 3219 1605 3269 eodem
1632 3237 1740 3269 nio-

726 3302 798 3354 do
831 3314 887 3353 ut
921 3321 967 3353 v.
1011 3307 1041 3361 4
1080 3303 1129 3349 in
1167 3299 1366 3359 libellis,
1404 3296 1605 3349 dictum
1633 3316 1739 3349 esse

728 3381 797 3434 de
816 3380 1066 3439 tabernis,
1090 3379 1179 3429 ubi
1201 3375 1456 3428 medicina
1477 3376 1738 3428 venditur.

809 3479 862 3528 7.
896 3458 1079 3509 Prendi
1114 3458 1164 3507 h.
1203 3474 1245 3507 e.
1279 3457 1473 3525 rogavi.
1506 3457 1742 3506 Preudere

725 3541 957 3609 aliquem
991 3536 1247 3604 eleganter
1276 3534 1498 3598 dicitur,
1526 3537 1618 3604 qui
1648 3536 1741 3587 ali·

728 3637 883 3690 quem
915 3616 1169 3687 prehensa
1196 3633 1356 3666 manu
1382 3628 1559 3683 rogat,
1579 3615 1661 3664 vel
1688 3615 1741 3665 iu

728 3700 808 3751 via
827 3698 924 3749 sihi
944 3705 1304 3747 occurrentem
1325 3693 1574 3763 colloquii
1593 3711 1740 3745 causa

728 3777 952 3838 seducit;
971 3777 1182 3826 Terent.
1205 3763 1419 3824 P'horm.
1442 3774 1544 3836 IV,
1565 3774 1619 3833 3,
1644 3792 1664 3823 ι
1681 3776 1708 3823 5
1728 3790 1740 3823 :

731 3857 922 3910 Prendo
949 3857 1176 3905 hominem
1194 3853 1360 3904 solum.
1387 3853 1497 3904 Cic.
1526 3850 1596 3904 ad
1624 3852 1740 3903 Div.

729 3939 889 4000 VIII,
907 3954 928 3988 1
948 3955 968 3987 ι
992 3952 1004 3986 2
1023 3934 1296 4005 prendimus
1317 3951 1440 3995 eum,
1458 3931 1512 3985 h.
1533 3950 1579 3983 e.
1594 3951 1743 4001 roga-

726 4018 908 4069 vimus.
922 4046 1002 4056 —-
1013 4014 1270 4066 Praebendi
1282 4012 1462 4063 vitiose
1476 4012 1531 4062 in
1552 4012 1740 4063 Venet.

809 4099 861 4147 8.
897 4096 1031 4162 Quas
1073 4094 1206 4144 vultu
1242 4092 1348 4143 vidi
1376 4104 1531 4142 tamen
1562 4111 1723 4141 sereno

1821 1157 1890 1207 Η.
1932 1175 1962 1207 e
2002 1156 2117 1208 illas
2153 1169 2326 1208 tamen
2367 1156 2632 1228 procipue
2652 1195 2670 1221 ,
2717 1175 2832 1229 quas

1821 1235 2026 1286 vultum
2049 1254 2289 1287 serenum
2317 1253 2423 1305 prm
2449 1255 2502 1287 se
2530 1236 2671 1289 ferre
2692 1234 2830 1290 vide·

1820 1316 1939 1366 bam
1961 1316 2045 1366 vel
2071 1315 2153 1366 his
2172 1315 2375 1377 verbis,
2404 1326 2463 1366 ut
2487 1327 2538 1366 te
2561 1315 2696 1367 mihi
2722 1315 2831 1368 red-

1821 1392 2017 1457 derent,
2035 1393 2319 1464 impensius
2331 1394 2599 1464 rogabam.
2614 1417 2698 1429 -
2708 1396 2830 1465 Quas

1821 1474 1961 1524 vultu
1989 1493 2127 1543 mage
2147 1474 2355 1524 vidimus
2382 1493 2571 1537 sereno,
2593 1473 2828 1545 Gryph.;

1822 1572 1938 1625 quas
1956 1554 2095 1604 vultu
2118 1553 2226 1604 vidi
2242 1565 2395 1605 tamen
2415 1571 2627 1616 serenas,
2648 1553 2828 1606 Mutet.

1905 1653 1957 1699 9.
1987 1633 2096 1683 Has
2124 1646 2167 1683 te
2182 1633 2478 1701 flagitabam
2506 1651 2611 1702 pro
2643 1633 2831 1704 vulgari

1823 1711 1884 1762 ab
1912 1713 1982 1762 lais
2011 1724 2055 1762 te
2070 1713 2242 1782 flag-it.
2268 1713 2351 1764 vel
2378 1713 2464 1764 luas
2488 1711 2549 1763 de
2569 1714 2829 1781 ecflagiea·

1823 1792 1929 1841 bam
1950 1809 1968 1842 .·
2002 1810 2319 1862 quamquam
2357 1804 2409 1844 et
2443 1792 2607 1863 hujus
2643 1792 2830 1856 formo,

1824 1871 1913 1922 ubi
1937 1869 2144 1924 duobus
2164 1871 2464 1924 accusativis
2470 1872 2709 1941 stagnare
2728 1873 2832 1942 jun·

1823 1950 1990 2018 gitur,
2042 1968 2163 2001 usus
2210 1969 2319 2003 non
2362 1948 2498 2003 adeo
2539 1951 2831 2022 infrequens

1824 2042 1914 2080 est.
1937 2061 2016 2071 —
2033 2030 2241 2081 Aoeua'te
2269 2031 2350 2082 vel
2382 2031 2530 2081 melite
2558 2033 2635 2082 sic
2661 2035 2760 2100 ipse
2782 2029 2827 2081 in

1824 2108 1974 2159 MSS.
2001 2120 2123 2160 teste
2155 2109 2447 2179 Meleagro,
2474 2110 2566 2178 qui
2587 2108 2717 2162 inde
2734 2110 2828 2161 siue

1824 2207 1973 2239 sensu
2006 2189 2253 2258 proponit
2286 2205 2299 2241 ε
2348 2215 2369 2234 ι
2399 2188 2484 2240 Ah
2507 2189 2622 2241 vult
2652 2190 2705 2240 in
2724 2228 2740 2252 ,
2768 2188 2827 2239 sie

1822 2269 1931 2336 ipse
1981 2266 2273 2338 flagitabam
2322 2268 2630 2320 Camerium
2670 2267 2828 2328 mihi,

1823 2346 2055 2415 pessimae
2091 2348 2278 2417 puellm
2314 2375 2391 2390 -
2432 2347 2602 2400 Avelli
2636 2347 2821 2399 sinite·

1825 2428 2010 2497 Avauut.
2034 2458 2111 2469 --
2135 2428 2246 2479 Has
2277 2440 2319 2478 te
2348 2429 2416 2478 sic
2448 2439 2606 2479 tamen
2628 2425 2826 2499 Gryph.

1822 2537 1902 2547 —-
1926 2507 2034 2557 Has
2067 2520 2110 2557 te
2133 2511 2203 2558 sic
2230 2520 2409 2559 tantum
2436 2508 2631 2560 Mutet.
2667 2539 2738 2549 —
2755 2505 2828 2557 Ab

1823 2588 1906 2636 vel
1936 2598 1980 2635 te
2007 2589 2075 2637 sic
2102 2587 2287 2658 Scalig.
2322 2584 2463 2638 unde
2481 2586 2570 2639 ille
2600 2585 2724 2639 fecit
2744 2603 2828 2637 no·

1822 2678 1979 2716 stram
2015 2667 2290 2718 lectionem
2326 2668 2436 2717 Has
2468 2667 2555 2717 vel
2582 2678 2629 2717 te
2655 2669 2741 2717 sic.
2770 2667 2827 2714 At

1826 2745 2041 2795 Vossius
2059 2744 2259 2797 mavult
2286 2746 2369 2798 Ah
2395 2745 2583 2796 avellite
2616 2750 2713 2814 ipse
2740 2745 2826 2805 fla-

1822 2824 2057 2891 gitabam.
2080 2827 2223 2876 —In
2253 2824 2485 2894 margine
2508 2825 2631 2876 libri
2659 2824 2819 2875 Heius.

1826 2904 2025 2972 egregie
2047 2902 2111 2955 ad
2134 2922 2338 2955 sensum
2359 2902 2681 2973 adscriptum
2706 2902 2823 2955 fuit:

1834 3009 1853 3027 α
1876 2983 2099 3053 Jamjam
2128 2981 2332 3034 reddite
2362 3001 2496 3053 saepe
2525 2982 2782 3052 flagitanti.
2801 3005 2820 3024 ·

1826 3093 1906 3101 -
1926 3065 1991 3112 Τὸ
2009 3062 2104 3111 'vel
2127 3080 2279 3113 sensu
2305 3076 2442 3114 caret
2465 3062 2520 3113 in
2546 3062 2651 3115 hoc
2672 3078 2825 3114 versu.

1828 3143 1895 3192 At
1914 3141 2064 3192 lectio
2087 3142 2334 3211 Scaligeri
2360 3143 2431 3194 ita
2460 3140 2602 3193 flecti
2632 3151 2819 3211 posset:

1828 3222 1912 3270 has
1929 3232 2081 3270 autem
2104 3224 2172 3270 sic
2194 3224 2306 3290 ipse.
2331 3221 2398 3271 N.

1915 3318 1935 3351 ι
1950 3319 2000 3351 ο.
2029 3296 2295 3352 Camen'um
2324 3300 2469 3352 mihi:
2492 3301 2749 3371 eleganter
2767 3292 2825 3346 ad

1829 3377 2232 3448 exprimendum
2253 3378 2506 3449 loquendi
2525 3398 2677 3431 usum
2692 3394 2752 3428 ex
2766 3375 2829 3426 vi·

1830 3472 1879 3510 ta
1905 3460 2174 3510 communi
2198 3459 2417 3528 petitum
2441 3458 2685 3510 reticetur
2700 3456 2827 3523 ejus-

1834 3536 1979 3588 modi
2001 3538 2109 3589 fere
2130 3539 2371 3603 verbum,
2390 3537 2593 3599 reddite,
2622 3534 2825 3588 indicate.

1832 3617 1913 3667 ubi
1937 3620 2014 3668 sit.
2039 3615 2284 3684 Spondaei
2309 3616 2428 3669 loco
2448 3618 2503 3669 in
2530 3615 2694 3686 prima
2714 3609 2827 3663 sede

1830 3696 1990 3765 hujus
2007 3715 2179 3748 versus
2203 3709 2278 3747 est
2303 3696 2613 3767 tribrachys.
2632 3723 2704 3735 --
2721 3691 2829 3742 Pes·

1830 3781 1960 3826 sunae
1972 3776 2148 3845 puelloe
2173 3772 2365 3827 blande
2379 3815 2395 3841 ,
2413 3775 2500 3828 ihr
2522 3776 2661 3826 losen
2677 3768 2827 3821 Mud-

1831 3855 1984 3907 chen.
2008 3855 2097 3908 Cf.
2120 3874 2276 3925 supra
2295 3853 2468 3907 Carm.
2491 3852 2722 3906 XXXVI
2738 3887 2753 3911 2
2776 3867 2823 3917 9-

1832 3933 2041 3986 -Vid.
2064 3935 2234 3987 Plaut.
2255 3935 2374 3987 Mil.
2394 3935 2545 3988 Glor.
2562 3932 2655 3987 IV.
2684 3942 2713 3988 4
2728 3967 2746 3991 ‚
2767 3928 2827 3980 5:

1837 4041 1858 4061 ι
1884 4014 1931 4066 N
1938 4013 2055 4066 imis
2104 4014 2267 4066 facete
2306 4015 2566 4083 nimisque
2614 4004 2824 4061 facunde

1831 4094 1963 4145 mala
1995 4107 2083 4145 est.
2115 4120 2135 4140 ι
2169 4094 2238 4145 Ν.
