2986 4935
1104 420 1194 487 C.
1235 418 1674 485 VALERII
1728 417 2188 485 CATULLI

904 551 1029 617 Hic
1064 547 1207 636 illa,
1237 565 1312 616 ut
1345 548 1567 619 decuit
1603 547 2053 629 cinaediorem‚

902 657 1184 744 Quaeso,
1221 656 1466 749 inquit,
1501 654 1699 740 mihi,
1736 656 1826 721 mi
1861 652 2152 739 Catulle,
2188 651 2481 746 paullum

903 765 1076 830 Istos
1120 762 1506 848 commoda3
1544 786 1697 829 nam
1741 759 1894 829 volo
1933 761 2013 829 ad
2047 761 2323 853 Serapin

589 1002 782 1042 tentem
824 989 1062 1042 lecticam
1098 988 1334 1041 humeris
1371 989 1615 1041 subibant

591 1067 858 1121 lecticarii.

681 1149 848 1211 24Ut
871 1149 1029 1199 decuit
1055 1149 1380 1209 clnoecliorcm,
1409 1167 1508 1218 pro
1533 1148 1614 1197 in·

596 1226 718 1280 dole
751 1242 800 1280 et
839 1246 986 1279 more
1020 1228 1253 1298 procacis
1279 1241 1329 1279 et
1361 1227 1619 1298 perfrictae

597 1307 782 1359 trontis
806 1307 1043 1359 scortilli.
1067 1306 1267 1359 Eadem
1294 1326 1426 1359 voce
1450 1308 1621 1376 impu-

599 1386 832 1439 dentiam
863 1387 1096 1439 hominis
1138 1387 1363 1456 turpiori
1396 1385 1620 1438 libidine

598 1466 886 1517 diffluentis
920 1479 1064 1518 notat
1102 1467 1354 1519 Martialis
1383 1466 1480 1518 lib.
1506 1467 1586 1516 vl
1607 1504 1620 1530 ,

600 1539 779 1609 xxxix,
796 1565 817 1596 1
833 1566 860 1598 2
873 1584 884 1596 .
896 1572 915 1592 ι
929 1546 1160 1609 Quartus
1175 1543 1373 1598 cinaeda
1390 1547 1589 1598 fronte·
1608 1586 1620 1596 .

684 1631 770 1677 26.
788 1626 1071 1696 Bipontina
1086 1624 1274 1686 editio,
1299 1645 1458 1695 quam
1483 1626 1624 1694 typis

601 1703 1001 1758 describendam
1043 1707 1374 1769 curavimus,
1413 1705 1624 1756 exhibet

602 1786 880 1838 lectionem
898 1784 1086 1854 Scalig.
1099 1785 1317 1854 paullum
1337 1786 1488 1836 Istos:
1504 1804 1625 1835 com-

603 1865 742 1917 modo
779 1884 887 1915 nam
918 1864 1032 1914 volo
1067 1865 1136 1914 ad
1162 1865 1363 1934 Serapin
1393 1867 1589 1931 Deferri
1607 1904 1619 1924 ,

605 1963 763 2017 quam
806 1958 862 1995 ut
900 1945 955 1995 in
997 1957 1194 1996 textum
1241 1944 1562 2015 reciperem,
1594 1963 1623 1994 a

607 2044 691 2076 me
733 2024 1017 2094 impetrare
1060 2044 1167 2075 non
1213 2025 1382 2095 potui.
1423 2024 1628 2076 Licebit

611 2104 741 2156 mihi
772 2118 821 2156 et
845 2105 898 2155 in
941 2103 1210 2155 nonnullis
1235 2104 1349 2155 aliis
1370 2104 1499 2157 locis
1527 2104 1627 2155 dis-

605 2184 889 2237 cessionem
932 2184 1100 2235 facere
1142 2185 1210 2236 ab
1249 2184 1376 2236 edit.
1412 2182 1624 2255 Bipont.

608 2264 700 2315 ubi
750 2263 991 2314 meliores
1031 2263 1279 2315 lectiones
1322 2262 1529 2315 idoneis
1564 2283 1626 2314 cx

605 2343 772 2396 causis
800 2341 1141 2414 praeferendae
1181 2342 1445 2394 videntur.
1474 2344 1625 2394 Anti-

606 2423 853 2494 quissima
892 2421 1082 2486 lectio,
1119 2422 1172 2473 in
1216 2442 1373 2492 quam
1417 2423 1624 2493 conspi-

605 2516 723 2556 rant
749 2519 932 2552 omnes
954 2501 1100 2553 MSS.
1129 2501 1309 2566 Statii,
1328 2516 1401 2552 est
1420 2516 1594 2555 nostra
1612 2541 1626 2566 ‚

607 2584 816 2635 Paulum
846 2584 959 2631 istos
982 2582 1222 2632 commoda
1243 2602 1261 2634 .·
1293 2601 1429 2632 unus
1452 2594 1627 2633 tamen

606 2662 764 2714 habet
777 2660 1026 2731 paululum
1041 2662 1278 2730 sequenti
1294 2662 1491 2731 syllaba
1515 2661 1630 2712 ulti-

608 2760 750 2794 mam
786 2741 1111 2792 absorbente.
1141 2742 1261 2792 Jam
1292 2761 1418 2792 vero
1460 2760 1626 2812 quum

608 2818 933 2891 producatur
993 2820 1178 2873 ultima
1235 2821 1290 2873 in
1349 2822 1591 2871 commoda
1611 2863 1624 2883 ,

610 2901 761 2953 metri
814 2899 1002 2952 rationi
1072 2919 1372 2954 succurrere
1433 2899 1630 2953 studuit

609 2980 837 3051 Scaliger
880 2981 1207 3051 conjectura,
1253 2994 1454 3032 mutato
1503 3001 1627 3030 com-

611 3062 750 3111 moda
781 3061 834 3111 in
864 3060 1125 3123 commodo,
1156 3079 1344 3131 parum
1376 3060 1628 3112 feliciter!

610 3160 730 3192 nam
772 3140 1007 3209 primum
1060 3139 1217 3210 hujus
1271 3141 1436 3209 ipsius
1485 3140 1630 3191 vocis

613 3219 796 3284 ultima
827 3232 1066 3289 correpta
1098 3234 1213 3290 eget
1242 3220 1549 3272 auctoritate
1580 3233 1628 3271 et

612 3299 853 3369 exemplo
870 3335 885 3359 ‚
911 3301 1062 3368 cujus
1079 3337 1093 3362 ‚
1111 3313 1363 3369 quantum
1389 3319 1484 3368 ego
1503 3300 1629 3363 scio,

612 3379 818 3430 nullum
841 3377 984 3448 apud
1002 3390 1198 3430 veteres
1219 3391 1376 3431 exstat
1392 3377 1630 3443 ;deinde,

612 3459 733 3512 licet
775 3476 897 3511 cum
947 3457 1207 3527 scaligero
1248 3459 1488 3509 commodo
1543 3478 1628 3510 ex-

611 3539 774 3610 plices
815 3541 865 3588 in
909 3551 1143 3607 tempore,
1193 3550 1366 3591 tamen
1424 3539 1628 3600 nescio,

613 3617 746 3690 quid
793 3618 1000 3687 frigoris
1043 3617 1218 3669 habet.
1264 3617 1454 3668 Melius
1504 3637 1629 3669 con-

614 3698 808 3751 sultum
850 3697 949 3749 fuit
983 3710 1086 3747 tam
1136 3715 1478 3748 numerorum
1518 3716 1631 3748 mo-

615 3777 744 3830 dulo
769 3795 924 3847 quam
960 3776 1058 3845 ipsi
1084 3775 1255 3827 sensui
1279 3775 1331 3826 in
1362 3775 1486 3827 edit.
1510 3776 1630 3828 Ald.

615 3859 640 3908 I
661 3897 674 3919 ‚
699 3856 792 3908 ubi
817 3855 1041 3926 legitur:
1062 3856 1187 3906 Istos
1219 3856 1504 3906 commodita
1521 3857 1635 3907 ‘volo

617 3936 687 3986 ad
704 3935 906 4005 Ser-apin
932 3934 1125 4001 defit-ri.
1156 3933 1258 3986 Sed
1292 3936 1485 3987 nullius
1515 3936 1632 3987 libri

616 4015 728 4067 MS.
758 4033 1011 4068 consensu
1045 4014 1302 4066 firmatur.
1329 4014 1448 4066 Pari
1473 4015 1632 4067 modo

616 4092 757 4146 haud
808 4095 980 4164 inepte
1022 4093 1122 4163 legi
1161 4094 1322 4164 possit
1359 4113 1480 4147 cum
1519 4096 1634 4147 viro

1703 986 1860 1040 docto
1905 992 1956 1041 in
2004 989 2297 1042 Observatt.
2344 988 2565 1040 Miscell.
2606 988 2641 1038 l.
2677 1007 2722 1040 c.

1709 1070 1827 1119 Istos
1852 1070 2094 1122 commoda
2113 1109 2127 1132 ,
2161 1070 2303 1120 enim
2339 1069 2454 1119 volo
2486 1068 2558 1119 ad
2580 1067 2726 1119 Sera-

1699 1152 1814 1217 pim·
1856 1146 2018 1201 modo
2064 1147 2322 1220 ejusmodi
2356 1149 2532 1219 lapsus
2569 1149 2730 1200 libra-

1705 1228 1905 1279 riorum
1948 1229 2005 1279 in
2049 1226 2411 1299 permutandis
2459 1227 2733 1299 particulis

1709 1315 1792 1360 τοῦ
1826 1328 1935 1358 nam
1965 1321 2017 1359 et
2042 1313 2163 1358 enim
2195 1307 2425 1359 veritatis
2461 1305 2730 1378 quandam

1708 1387 1923 1439 haberet
1951 1389 2195 1457 speciem.
2221 1389 2405 1457 Itaque
2429 1389 2515 1439 vel
2545 1385 2731 1439 dicen·

1711 1466 1840 1518 dum
1866 1481 1970 1531 est,
1986 1467 2252 1519 Catullum
2275 1468 2590 1537 corripuisse
2610 1467 2731 1518 ulti-

1711 1566 1849 1599 mam
1872 1546 1924 1597 in
1949 1549 2190 1599 commoda
2216 1542 2394 1617 [quod
2418 1559 2568 1618 putat
2592 1546 2730 1599 Vos·

1710 1627 1815 1677 sius
1832 1667 1846 1691 ,
1868 1628 2108 1696 quamvis
2133 1647 2241 1679 non
2272 1627 2390 1678 satis
2419 1626 2557 1678 hanc
2589 1628 2732 1678 inso-

1712 1707 1925 1757 lentiam
1966 1706 2235 1759 adstruere
2273 1704 2548 1758 videantur
2580 1707 2736 1758 allata

1713 1786 1979 1855 exempla,
2007 1802 2130 1856 puta
2156 1800 2206 1837 et
2245 1799 2469 1856 tempera,
2500 1804 2734 1856 quorum

1712 1866 1858 1935 prius
1899 1864 2124 1918 dubium
2171 1864 2314 1937 apud
2362 1866 2501 1917 Pers.
2542 1867 2645 1932 IV,
2680 1884 2731 1933 9,

1711 1945 1793 1996 vel
1816 1943 2184 1998 adverbialiter
2215 1946 2496 2017 exponitur
2516 1964 2547 1997 a
2567 1964 2741 2016 gram·

1714 2025 1943 2087 maticis;
1973 2027 2194 2079 alterum
2229 2046 2335 2078 non
2361 2025 2459 2076 nisi
2485 2026 2538 2076 in
2573 2026 2736 2076 veteri

1714 2104 2053 2173 inscriptione
2104 2100 2372 2168 occurrit]
2398 2117 2412 2162 3
2439 2106 2520 2158 vel
2569 2103 2740 2156 lenior

1714 2183 1945 2235 ineunda
1984 2200 2057 2237 est
2101 2183 2422 2238 emendandi
2459 2185 2609 2237 ratio.
2636 2185 2738 2261 171²·

1715 2263 1986 2315 nissimmn
2024 2278 2197 2317 autem
2243 2278 2399 2335 puto,
2419 2265 2459 2317 si
2490 2265 2607 2335 quis
2639 2284 2740 2334 pro

1715 2345 1958 2394 commoda
1997 2359 2218 2414 reponat
2251 2346 2490 2395 commode
2507 2384 2522 2407 ,
2574 2356 2629 2396 ut
2677 2343 2741 2394 sit

1715 2424 1995 2476 vocativus.
2024 2425 2301 2495 Eleganter
2331 2439 2505 2478 autem
2544 2422 2744 2476 dicitur

1715 2505 2000 2568 commodus,
2026 2506 2108 2557 vel
2138 2505 2228 2575 qui
2256 2518 2330 2556 est
2358 2506 2616 2576 benig-nus
2633 2543 2650 2567 ‚
2675 2504 2742 2555 li-

1715 2584 1902 2635 beralis
1918 2624 1931 2646 ‚
1950 2585 2293 2654 obsequiosus
2310 2625 2324 2647 ‚
2339 2585 2449 2647 bon,
2472 2585 2738 2649 obliga-ant,

1717 2675 1772 2712 ut
1796 2662 1937 2732 apud
1962 2665 2217 2716 Horatum
2237 2703 2252 2726 ,
2267 2665 2365 2729 IV,
2387 2664 2634 2717 Od.vl11
2652 2700 2665 2718 ‚
2692 2683 2744 2725 1,

1722 2762 1748 2792 2
1769 2782 1782 2802 ‚
1810 2770 1830 2789 ι
1842 2746 2105 2795 Donarem
2123 2757 2341 2814 pateras,
2358 2758 2605 2814 grataque
2619 2765 2748 2795 com·

1718 2824 1912 2885 modus,
1947 2823 2262 2888 Censorine,
2293 2825 2423 2875 meis
2461 2843 2562 2875 aera
2596 2822 2748 2875 soda-

1716 2901 1852 2953 libus
1876 2929 1923 2966 »,
1943 2904 2024 2953 vel
2052 2902 2144 2971 qui
2166 2902 2449 2955 commodo
2472 2917 2521 2955 et
2546 2922 2749 2973 oppor-

1717 2994 1846 3033 tuno
1867 2996 2103 3051 tempore
2125 3001 2220 3032 nos
2242 2983 2506 3035 convenit.
2526 2984 2746 3036 Terent.

1718 3060 1963 3125 Andr.V,
1983 3079 2027 3112 11
2045 3100 2060 3123 ,
2080 3061 2130 3112 3.
2155 3062 2299 3132 «Ego
2319 3060 2746 3113 commodiorem

1716 3140 1986 3192 hominem
2004 3179 2018 3203 ‚
2041 3139 2325 3193 adventum
2344 3181 2358 3205 ,
2373 3155 2581 3212 tempus
2596 3181 2610 3203 ,
2633 3161 2748 3193 non

1716 3219 1827 3270 vidi
1842 3247 1862 3265 n
1877 3261 1888 3272 .
1909 3221 2099 3271 Sensus
2120 3221 2276 3290 igitur
2296 3222 2421 3273 erit:
2438 3222 2651 3285 Quaeso,
2670 3222 2752 3272 mi

1719 3300 1953 3363 Catulle,
1967 3301 2204 3370 paullum
2225 3302 2347 3351 istos
2369 3300 2498 3353 mihi
2522 3295 2756 3371 [elegan-

1723 3392 1799 3430 ter
1816 3380 1997 3431 reticet
2009 3381 2152 3431 verb.
2175 3381 2285 3430 cede
2303 3381 2383 3430 vel
2397 3376 2578 3444 mutua]
2592 3420 2606 3444 ‚
2622 3400 2755 3431 com-

1724 3460 1876 3522 mode,
1892 3473 2015 3511 note
2035 3459 2164 3511 mihi
2181 3460 2489 3512 liberalitate
2506 3474 2589 3512 tua
2604 3462 2715 3523 ‚vel
2736 3502 2754 3522 ‚

1721 3550 1776 3589 tu
1799 3539 1887 3609 qui
1913 3538 2195 3591 commodo
2216 3553 2266 3590 et
2285 3553 2588 3609 opportuno
2611 3553 2755 3592 tem-

1723 3638 1850 3687 pore
1864 3620 1970 3686 J‘am
1994 3637 2078 3669 me
2095 3619 2370 3683 convenis;
2386 3638 2508 3670 nam
2531 3620 2656 3670 volo
2680 3619 2752 3672 ad

1723 3699 1942 3768 Serapin
1974 3696 2186 3750 deferri.
2212 3699 2312 3750 Cui
2344 3712 2579 3752 contorta
2603 3699 2755 3753 vide·

1723 3792 1806 3830 tur
1829 3796 1944 3828 mea
1975 3778 2277 3848 explicatio,
2299 3778 2514 3830 meliora
2541 3778 2753 3833 afferat.

1722 3886 1799 3897 —
1818 3855 2056 3908 Haudius
2074 3858 2339 3929 improbat
2364 3858 2754 3911 correctionem

1725 3937 1992 4006 Doeringii
2018 3976 2032 4000 ‚
2065 3950 2122 3987 ut
2159 3950 2283 4008 pote
2314 3956 2432 4007 qum
2474 3956 2577 3988 non
2628 3942 2759 3991 satis

1725 4017 1832 4067 sine
1859 4018 2239 4069 commentario
2276 4018 2501 4068 auctoris
2521 4016 2757 4086 liqueat,

1725 4115 1893 4164 neque
1914 4096 2219 4166 simpliciter
2248 4096 2580 4163 intelligatur.
2599 4094 2757 4149 Idem
