2986 4935
832 510 1281 581 CARMEN
1337 511 1575 579 XCV.

2067 482 2078 494 ·
2125 515 2271 612 375

236 649 517 738 Smyrna
562 665 759 713 cavas
802 645 1021 714 Atacis
1062 647 1323 740 penitus
1367 647 1670 713 mittetur
1713 646 1798 714 ad
1842 648 2089 736 undaS,

343 755 692 846 Smyrnam
738 753 974 821 incana
1016 753 1130 821 diu
1175 750 1394 822 secula
1442 750 1858 846 pervoluent.

236 861 327 926 At
365 857 599 928 Volusi
633 852 951 928 annaloe*
983 908 999 924 .
1035 908 1053 924 .
1088 908 1106 924 .

121 1071 378 1135 caritate,
406 1070 477 1123 ita
503 1071 749 1143 supplere
779 1068 1020 1125 studuit:
1051 1098 1073 1118 e
1090 1072 1154 1124 In

120 1150 272 1223 pede
332 1163 471 1204 stans
531 1150 638 1203 fixo
696 1151 931 1204 carmina
984 1163 1158 1205 ructat

121 1231 301 1284 hians.
319 1256 343 1278 ι
393 1228 543 1283 Idem
571 1246 676 1302 pro
704 1230 871 1283 Millia
903 1232 958 1283 in
1000 1249 1156 1284 versu

124 1311 324 1381 majori
352 1311 590 1381 reposuit
614 1310 671 1364 V
666 1312 767 1363 alm
795 1309 900 1363 Sed
916 1311 1157 1364 Muretus

124 1403 185 1442 et
235 1391 327 1443 alii
373 1402 517 1442 recte
564 1388 832 1461 deprecati
875 1403 999 1445 sunt
1043 1391 1155 1444 haec

125 1470 404 1523 Parthenii
433 1468 625 1522 officia.

215 1550 271 1603 5.
315 1549 523 1619 Smyrna
555 1570 698 1601 cavas
746 1550 950 1603 Atracis
991 1551 1153 1620 vulgo

124 1643 347 1700 recepta
384 1629 542 1682 lectio
567 1652 582 1693 ;
625 1628 717 1684 sed
744 1668 761 1693 ,
805 1642 865 1683 ut
913 1631 1155 1683 observat

126 1709 377 1762 Heinsius
416 1709 477 1761 ¹in
528 1723 640 1763 not.
688 1707 754 1763 ad
805 1710 998 1762 Catull.
1055 1729 1153 1762 nec

124 1788 325 1843 fluvius
342 1801 420 1841 eet
436 1790 630 1852 Atrax,
652 1807 750 1843 nec
768 1790 942 1859 prima
955 1789 1154 1862 syllaba

124 1868 188 1920 in
210 1871 412 1922 Atracis
431 1869 753 1941 corripitur-3
777 1870 976 1941 optime
991 1869 1154 1940 igitur

121 1952 234 2019 jam
280 1949 552 2002 Livineius
597 1947 917 2002 defendebat
958 1951 1152 2004 Atacis.

124 2059 211 2071 —
227 2029 435 2100 Smyrna
455 2030 593 2081 athas
612 2032 786 2083 Aeaeis
809 2030 865 2081 in
889 2041 991 2081 vet.
1013 2028 1147 2083 Cod.

125 2107 315 2162 Heius.
342 2107 487 2181 apud
508 2107 769 2163 editorem
802 2108 1052 2162 Cantabr.
1072 2140 1153 2151 —

124 2188 186 2239 Z
188 2208 354 2261 nyma
376 2209 517 2241 cavas
537 2188 755 2241 barathri
776 2190 829 2241 in
850 2189 1000 2241 libris
1024 2201 1149 2241 vett.

125 2268 341 2331 vossii,
373 2267 515 2322 unde
542 2269 630 2322 ille
646 2269 862 2340 reponit
882 2286 896 2320 ε
914 2263 1153 2321 ’”σανω

125 2348 353 2400 barathri
364 2368 385 2409 ‚·
410 2367 534 2401 nam
552 2388 567 2413 ‚
600 2364 659 2402 ut
685 2347 864 2413 addit,
900 2368 1009 2401 non
1036 2362 1153 2402 tan·

124 2442 248 2483 tum
288 2441 506 2501 quartus
549 2429 706 2501 hujus
747 2429 1154 2500 Epigrammatis

123 2510 422 2562 versiculus
443 2508 618 2573 deest,
642 2508 733 2562 sed
760 2510 915 2562 etiam
941 2510 1153 2561 initium

122 2589 332 2660 quinti,
378 2607 535 2660 quem
562 2630 576 2653 ,
615 2603 675 2642 ut
704 2591 754 2642 ei
788 2601 1155 2641 succurrerent

119 2669 337 2722 librarii
373 2681 465 2721 aut
504 2668 856 2740 intempestivi
888 2679 1151 2720 correcto·

120 2767 248 2812 res,
279 2767 308 2800 e
337 2749 575 2819 sequenti
606 2768 759 2802 versu
786 2749 1034 2818 supplere
1063 2768 1153 2800 co·

120 2828 241 2881 nati
286 2840 423 2880 sunt.
450 2858 529 2868 —·
555 2827 728 2881 Caras.
773 2828 858 2881 Cf.
895 2847 1054 2900 supra
1086 2827 1154 2880 ad

122 2908 363 2962 Carmen
383 2907 544 2959 XVII
565 2947 581 2972 ,
600 2914 650 2970 4.
671 2941 751 2950 -
769 2910 945 2961 Aeaeis
965 2950 979 2970 ,
1004 2906 1152 2960 fluvii

125 2986 321 3042 Galliae
336 2987 985 3040 Narbonensis.——Errore
1000 2988 1155 3040 libra·

119 3069 338 3121 riorum
380 3067 435 3119 in
466 3066 612 3120 hunc
645 3084 856 3121 versum
895 3068 1152 3138 incipien-

122 3161 238 3200 tem
260 3165 454 3199 nomen
471 3146 708 3218 Smyrnae
723 3161 905 3200 contra
920 3159 1152 3199 mentem

122 3226 330 3282 Catulli
356 3227 598 3296 irrepsit3
624 3246 852 3298 namque
876 3245 983 3278 non
1009 3225 1151 3279 idem

118 3305 364 3360 laudanti
390 3306 582 3359 faceret
601 3328 616 3373 3
639 3307 740 3359 nisi
763 3305 912 3358 fluvii
944 3307 1155 3378 penitus

116 3386 412 3457 longinqui
443 3405 637 3438 nomen
674 3387 728 3439 in
767 3387 944 3439 locum
979 3387 1155 3439 Atacis

118 3466 426 3521 substituas.
467 3467 536 3518 At
575 3466 693 3538 quis
732 3485 763 3519 e
802 3467 1038 3519 carmine
1080 3467 1152 3519 ita

120 3546 324 3600 mutilo
338 3545 657 3599 concinnum
671 3545 877 3618 aliquid
897 3546 1153 3599 extricare

116 3625 325 3700 pouit?
361 3626 428 3678 N.

211 3710 265 3759 6.
294 3705 502 3777 Smyrna
539 3709 712 3757 ittcana
744 3706 829 3758 diu
864 3706 1021 3757 secula
1036 3727 1152 3776 per-

116 3787 283 3839 vohis
300 3787 357 3838 in
378 3785 642 3858 plerisque
669 3787 820 3839 MSS.
849 3787 980 3839 Stat.
1007 3785 1153 3840 unde

115 3866 216 3920 ille
234 3867 472 3938 primum
495 3877 657 3918 tentat
670 3868 942 3937 pervolaet3
957 3865 1153 3918 deinde

114 3965 254 4000 vero
271 3946 327 3998 in
340 3957 519 3998 nostra
534 3947 757 3999 lectione
770 3985 786 4011 ,
805 3965 966 4018 quam
984 3948 1151 4017 ipsam

112 4028 180 4084 in
221 4026 495 4079 nonnullis
534 4026 682 4078 libris
720 4029 990 4080 invenerat
1015 4066 1031 4091 ,
1063 4046 1151 4080 ac-

114 4106 384 4179 quiescit3
405 4125 508 4177 pro
532 4109 704 4158 incana
724 4107 958 4160 offerunt
977 4120 1151 4160 tamen

115 4185 366 4258 eju-dem
391 4186 516 4240 libri
539 4205 662 4239 cana
681 4227 695 4249 ,
721 4187 867 4259 quod
890 4187 1057 4241 Statio
1082 4189 1153 4241 ob

1246 1070 1597 1123 imitationem
1635 1070 1892 1124 Martialis
1920 1061 2071 1140 (Lib-
2102 1073 2240 1127 vm
2259 1113 2272 1131 ‚

1245 1152 1430 1221 Epigr.
1468 1152 1570 1215 80,
1599 1169 1626 1202 a
1644 1144 1682 1218 ).
1707 1151 1814 1204 Nec
1834 1156 2015 1222 pateris
2031 1195 2046 1217 ,
2077 1155 2272 1219 Cam,

1244 1231 1404 1282 secula
1425 1250 1550 1282 cana
1574 1236 1693 1283 mori
1712 1230 2103 1301 praeferendum
2131 1233 2277 1286 vide·

1246 1322 1372 1375 tnr3
1417 1309 1512 1364 sed
1552 1311 1676 1363 lieet
1719 1311 1975 1365 Martialis
2011 1312 2268 1366 Nostrum

1244 1390 1480 1444 imitatus
1521 1390 1763 1444 videatur
1786 1430 1803 1456 ,
1845 1410 1970 1445 eum
2002 1405 2179 1447 tamen
2216 1396 2269 1446 in

1241 1472 1361 1523 loco
1388 1482 1573 1524 nostro
1598 1491 1721 1524 cana
1753 1492 1853 1543 pro
1884 1476 2058 1525 hacona
2087 1475 2272 1545 legisse

1243 1550 1369 1603 inde
1401 1570 1511 1602 non
1541 1554 1795 1623 sequitur.
1807 1554 2072 1605 —Incana
2089 1593 2104 1616 ‚
2124 1570 2266 1615 sera,

1242 1631 1611 1683 remotissima.

1325 1705 1366 1764 *.
1380 1750 1395 1763 .
1413 1749 1426 1761 .
1446 1710 1619 1781 Hujus
1645 1730 2049 1783 quoqueversus
2066 1713 2266 1784 reliqua

1239 1809 1363 1859 pars
1379 1789 1725 1854 desideratur,
1745 1803 1804 1842 ut
1826 1792 2063 1844 Muretus
2085 1805 2141 1845 et
2160 1795 2273 1846 Sta-

1241 1871 1343 1922 tius
1357 1883 1629 1934 testtntur‚
1644 1870 1699 1921 in
1714 1870 1861 1923 libris
1871 1872 2154 1936 veteribus,
2168 1874 2269 1925 nisi

1240 1948 1384 2021 quod
1408 1951 1461 2001 in
1479 1950 1637 2002 MSS.
1658 1949 1807 2002 Statii
1822 1952 2046 2003 Paduam
2062 1951 2269 2022 legitur,

1239 2047 1356 2100 quae
1370 2049 1471 2081 vox
1493 2042 1674 2101 aperte
1689 2046 1904 2082 manum
1921 2032 2268 2084 recentiorem

1238 2108 1435 2180 prodit.
1455 2111 1634 2160 Patavi
1647 2110 1985 2161 morientur-ad
2002 2110 2159 2161 urbem
2176 2110 2264 2164 ed.

1238 2189 1513 2241 Parthenii
1531 2201 1584 2241 et
1609 2189 1726 2241 alioe
1753 2188 2012 2241 editiones
2032 2203 2233 2243 veteres
2256 2231 2272 2255 ‚

1240 2269 1387 2339 quod
1411 2269 1619 2339 placere
1635 2268 1734 2321 sibi
1760 2270 1833 2322 ait
1853 2270 2119 2334 Muretus,
2142 2287 2265 2324 mo·

1240 2347 1310 2401 do
1340 2350 1530 2401 veteris
1552 2347 1835 2419 'cujusdam
1875 2348 1998 2401 libri
2029 2351 2264 2404 testimo·
2318 2364 2325 2371 ·

1243 2429 1336 2481 nio
1359 2429 1634 2482 niteretur.
1664 2426 1895 2500 Scaliger
1918 2429 1973 2482 in
2001 2429 2143 2483 libro
2171 2450 2265 2483 suo

1238 2510 1541 2562 inveniebat
1569 2510 1790 2561 Paduam
1809 2522 2096 2580 portentum
2120 2511 2265 2563 unde

1239 2590 1328 2641 ille
1373 2589 1712 2661 exsculpebat
1730 2628 1746 2653 ,
1791 2609 1964 2661 apuam
1999 2604 2267 2660 por-gentar-

1243 2669 1313 2720 ad
1335 2673 1485 2737 ipsam
1511 2690 1531 2730 ,·
1578 2681 1636 2721 ut
1674 2688 1800 2738 apua
1839 2670 1902 2722 sit
1946 2670 2228 2740 pisciculus
2251 2712 2266 2735 ,

1242 2768 1401 2820 quem
1433 2750 1603 2801 muria
1635 2747 1915 2801 conditum
1947 2749 2142 2802 chartis
2181 2752 2263 2802 in·

1245 2829 1378 2899 eptis
1403 2829 1622 2881 amicire
1649 2828 1902 2880 solebant.
1933 2862 2013 2870 —
2044 2831 2263 2899 Capuam

1246 2914 1504 2960 morientur
1533 2908 1603 2958 ad
1627 2911 1773 2978 ipsam
1803 2908 2113 2978 conjiciebat
2142 2910 2264 2962 Pas·

1242 2988 1476 3040 seratius-
1525 3020 1606 3028 -—
1649 2987 1844 3038 Adaam
1893 2991 2152 3040 morientur
2200 2992 2269 3040 ad

1243 3072 1395 3137 ipsam
1417 3067 1670 3138 proponit
1691 3067 1910 3119 Vossius
1925 3104 1942 3130 ‚
1968 3066 2113 3136 quod
2144 3088 2266 3139 pro·

1241 3148 1334 3201 bat
1361 3161 1412 3199 et
1443 3145 1601 3199 docte
1630 3144 1869 3198 defendit
1891 3147 2005 3199 Nic.
2038 3146 2264 3201 Heinsius

1242 3228 1297 3280 in
1324 3226 1462 3278 notis
1486 3224 1553 3277 ad
1578 3225 1848 3278 Catullum
1874 3245 1886 3278 :
1913 3227 2064 3278 Adua
2093 3229 2262 3293 enim,

1243 3320 1299 3359 ut
1329 3306 1403 3358 ibi
1440 3306 1717 3368 observat,
1747 3320 1822 3359 est
1854 3304 2046 3359 fluvius
2079 3308 2266 3362 Galliae

1242 3386 1550 3457 Cisalpina,
1569 3386 1660 3457 qui
1675 3403 1740 3438 ex
1751 3386 1975 3458 Alpibus
1989 3387 2044 3439 in
2063 3389 2264 3442 Lacum

1241 3467 1459 3520 Larium
1490 3483 1546 3518 se
1578 3481 1856 3531 exonerat,
1900 3467 1989 3518 ubi
2013 3469 2266 3521 Volusius

1241 3560 1330 3600 aut
1375 3559 1530 3599 natus
1551 3584 1566 3609 ‚
1610 3557 1703 3598 aut
1743 3559 1882 3600 certe
1931 3546 2160 3600 fundum
2204 3568 2266 3602 ac

1241 3645 1498 3680 secessum
1526 3626 1770 3679 hahuisse
1802 3625 2013 3679 videtur
2031 3668 2046 3692 ‚
2079 3628 2179 3692 ita,
2208 3639 2266 3681 ut

1241 3719 1510 3759 extremus
1553 3706 1739 3758 Galliae
1788 3706 1978 3759 fluvius
2019 3726 2140 3760 cum
2176 3725 2265 3759 ex·

1240 3800 1413 3839 tremo
1465 3785 1630 3837 fluvio
1682 3786 1849 3839 ltaliae
1897 3799 2264 3858 componatur.

1241 3898 1320 3909 -—
1347 3866 1564 3919 Gadium
1594 3878 1849 3935 portentur
1878 3866 1949 3917 ad
1979 3872 2129 3935 ipsam
2166 3870 2265 3918 mi·

1239 3946 1387 3998 riflce
1429 3944 1770 3998 commendat
1820 3945 2149 3999 Corrndinns
2199 3945 2267 4001 de

1240 4027 1396 4079 Allio.
1424 4057 1505 4067 —
1541 4026 1718 4077 Volusi
1737 4027 1950 4077 annales.
1981 4026 2269 4092 Volusius,

1239 4107 1497 4177 pessimus
1513 4118 1685 4174 poeta.
1704 4106 1787 4158 Cs.
1813 4125 1972 4177 supra
1995 4104 2063 4160 ad
2081 4107 2265 4164 Carm.

1243 4187 1490 4239 XXXVI
1512 4225 1528 4251 ,
1568 4205 1611 4238 t.

1758 4292 1905 4381 24⁴
