2986 4935
253 817 579 902 NOVI
647 819 1263 911 EDITORIS
1336 829 1401 911 Λ
1427 828 2100 926 ΝΝΟΤΑΤΙΟ

1143 1096 1228 1139 ΙΝ

504 1325 853 1392 VERSUS
891 1328 1283 1396 CATULLI
1327 1333 1863 1406 ELEGIACOS.

794 1609 1577 1642 ψ

119 1797 223 1917 N
232 1863 520 1927 esem,
574 1839 781 1908 lector
827 1843 1119 1935 optime,
1161 1868 1244 1911 an
1291 1845 1641 1941 diligentiae
1683 1878 1962 1926 morosae
2003 1885 2108 1929 me
2146 1889 2251 1932 ar-

116 1968 364 2057 gueris,
410 1966 521 2058 qui
569 1979 632 2032 te
671 1965 753 2033 de
800 1965 1009 2034 forma
1057 1973 1452 2061 penta-metri
1498 1976 1878 2064 Catulliani,
1924 2001 2250 2075 quatenus

113 2089 191 2155 ab
223 2089 516 2183 elegiaco
564 2104 948 2157 caeterorum
991 2094 1282 2161 carmine
1320 2094 1618 2184 differat,
1663 2107 1981 2173 monitum
2031 2109 2246 2180 velim.

110 2217 192 2279 At
213 2212 346 2280 hoc
379 2211 702 2279 tironibus
722 2211 971 2280 dictum
1003 2215 1101 2281 sit.
1118 2206 1429 2309 Quisquis
1448 2222 1689 2294 Tibulli
1718 2241 1782 2294 et
1803 2230 2024 2297 Ovidii
2047 2231 2247 2303 libros

110 2335 366 2403 assidua
405 2360 607 2402 manu
646 2337 962 2420 versavit,
1003 2342 1391 2406 sententiam
1431 2342 1713 2414 disticho
1762 2352 2138 2423 conclusam
2182 2374 2249 2428 et

109 2459 317 2550 ipsum
354 2472 842 2551 pentametrum
873 2457 1218 2551 dissyllaba
1257 2488 1417 2531 voce
1448 2467 1568 2535 rite
1595 2467 2001 2544 desinentem
2028 2478 2244 2574 legere

104 2584 469 2651 consuevit.
503 2583 622 2648 His
654 2606 810 2648 vero
841 2580 1091 2675 legibus
1123 2584 1335 2653 soluta
1368 2604 1431 2655 et
1466 2591 1778 2679 immunis
1812 2602 2052 2669 Catulli
2086 2631 2242 2698 que-

105 2711 387 2777 rimonia
419 2707 749 2800 procedit,
780 2734 958 2801 quae,
995 2736 1178 2777 more
1211 2716 1594 2783 Graecorum
1633 2722 1971 2810 Camenae,
2010 2731 2077 2796 in
2116 2732 2244 2801 hoc

102 2856 344 2924 genere
384 2830 698 2917 canendi,
736 2829 1148 2899 liberioribus
1175 2837 1510 2929 magisque
1542 2844 1737 2910 variis
1776 2848 1986 2916 modis
2009 2851 2236 2923 fertur.

102 2954 409 3046 Namque
431 2951 609 3045 apud
647 2977 797 3018 eum
832 2978 1008 3019 nunc
1042 2954 1421 3046 trisyllabis,
1454 2984 1632 3027 nunc
1662 2968 2094 3060 tetrasyllabis
2122 3000 2237 3045 vo-

98 3076 287 3144 cibus
322 3076 635 3146 cadentes
673 3078 1067 3169 pentametri
1103 3096 1491 3165 occurrent3
1528 3109 1740 3177 neque
1776 3090 1949 3159 intra
1977 3095 2236 3168 distichi

99 3204 298 3269 unius
334 3199 500 3267 fines
530 3200 811 3266 coercita
848 3225 1107 3292 semper
1143 3204 1452 3270 consistet
1480 3230 1753 3299 quaeque
1786 3220 2137 3306 sententia3
2170 3238 2240 3290 at

97 3325 159 3390 in
189 3326 501 3418 proxime
531 3337 909 3415 sequentem
943 3348 1392 3416 saepenumero
1424 3329 1671 3422 impetu
1701 3334 1946 3407 doloris
1964 3342 2236 3439 abrepta

95 3448 462 3516 exundabit
491 3462 558 3514 et
587 3446 992 3539 evagabitur.
1028 3445 1217 3514 Illam
1243 3449 1505 3541 quidem
1534 3453 2013 3548 inaequabiliter
2030 3468 2237 3537 effun-

93 3572 335 3641 dendae
392 3595 667 3665 poeseos
704 3568 1005 3663 elegiacae
1046 3569 1372 3639 licentiam
1414 3578 1622 3670 magis
1663 3606 1859 3672 quam
1907 3593 2233 3661 minorum

94 3696 194 3764 vel
247 3695 808 3790 elegantissimam
868 3692 1275 3761 sedulitatem
1335 3698 1769 3789 probaverim.
1837 3710 2003 3797 Quis
2060 3718 2232 3783 enim

88 3820 365 3888 distichi
407 3818 722 3911 angustiis
756 3814 1049 3884 dolorem
1097 3817 1433 3885 astrictum
1470 3847 1681 3916 neque
1712 3827 1994 3899 claustra
2024 3836 2242 3905 effrin-

86 3971 245 4039 gere
299 3966 597 4035 unquam
649 3939 997 4008 audentem
1052 3939 1267 4023 malit,
1309 3966 1504 4033 quam
1557 3946 1806 4018 felicem
1849 3952 2052 4043 illam,
2109 3987 2236 4054 qua

86 4093 370 4137 carmen
418 4064 828 4132 illaboratum
884 4088 1095 4154 neque
1134 4087 1210 4130 ex
1251 4070 1617 4157 composito
1657 4078 2121 4149 concinnatum
2178 4088 2241 4153 in

1809 4199 1931 4289 19²
