2986 4935
719 533 865 616 248

1245 539 1320 599 C.
1369 535 1798 600 VALERII
1858 534 2325 601 CATULLI

930 668 1168 733 Sancte
1214 689 1411 758 puer,
1446 666 1620 731 curis
1654 666 1999 732 hominum
2032 665 2145 756 qui
2176 663 2415 757 gaudia
2452 665 2711 751 misceS,
2776 693 2819 739 ,ε

821 773 1118 864 Quaeque
1164 774 1336 864 regis
1375 771 1662 865 Golgos,
1701 796 1976 865 quaeque
2014 769 2294 837 Idalium
2336 770 2748 854 frondosum,

820 877 1147 966 Qualibus
1187 879 1518 946 incensam
1556 879 1850 969 jactastis
1886 891 2107 944 mente
2141 875 2427 970 puellam

822 984 1204 1067 Fluctibus,
1240 986 1307 1049 in
1346 984 1519 1051 flavo
1568 1009 1735 1078 saepe
1773 984 2035 1076 hospite
2072 980 2549 1076 suspirantem!

823 1091 1128 1178 Quantos
1176 1089 1283 1157 illa
1322 1089 1470 1157 tulit
1513 1088 1849 1183 languenti
1895 1088 2096 1157 corde
2140 1086 2440 1158 timores!

823 1199 1165 1284 Quantum
1210 1222 1380 1290 saepe
1415 1199 1622 1290 inagis
1666 1193 1921 1289 fulgore
1958 1194 2271 1290 expalluit
2305 1192 2479 1263 auri!
2764 1232 2823 1255 uo

820 1306 1046 1390 Quum
1089 1327 1332 1369 saevum
1374 1305 1647 1395 cupiens
1685 1317 1916 1370 contra
1958 1301 2359 1370 contendere
2394 1318 2783 1385 monstrum,

821 1416 953 1476 Aut
991 1424 1272 1476 mortem
1317 1423 1661 1502 oppeteret
1698 1409 1990 1476 Theseus
2014 1462 2031 1494 ,
2070 1423 2185 1475 aut
2228 1410 2499 1501 praemia
2545 1408 2763 1477 laudis.

714 1636 973 1688 existimo.
992 1635 1076 1687 Sic
1091 1637 1232 1686 enim
1249 1637 1611 1689 vehementius
1620 1657 1743 1705 pro-

715 1718 854 1768 cedit
878 1715 1069 1777 oratio,
1095 1735 1211 1785 quae
1233 1716 1298 1767 ad
1325 1716 1591 1767 Ariadnen
1622 1717 1741 1767 atti-

718 1813 840 1858 net,
871 1808 921 1846 et
959 1795 1235 1864 augustior
1259 1796 1443 1866 incipit
1480 1796 1742 1847 invocatio

721 1879 845 1929 hinc
882 1895 893 1927 :
938 1902 957 1920 ι
982 1876 1170 1926 Sancte
1210 1895 1343 1945 puer
1380 1890 1477 1928 etc.
1507 1901 1526 1920 ι-
1564 1876 1744 1928 Immiti

723 1978 826 2009 non
853 1955 1114 2023 intelligO,
1139 1966 1197 2005 ut
1214 1957 1443 2026 Vulpius
1462 1998 1476 2020 ,
1496 1956 1743 2006 immatu-

723 2059 783 2092 ro
808 2081 821 2102 ‚
860 2035 950 2087 sed
990 2035 1304 2107 hypallagen
1358 2055 1465 2087 esse
1509 2036 1744 2103 suspicor

723 2138 822 2189 qua
894 2114 1040 2167 coi-di
1104 2115 1413 2187 adjungitur
1474 2113 1743 2186 epitheton

723 2195 866 2268 quod
891 2195 954 2248 ad
985 2196 1216 2247 furorem
1243 2198 1486 2268 pertinet.
1527 2197 1592 2247 N.

809 2279 902 2345 95.
931 2278 1106 2328 Sancte
1128 2297 1265 2343 puer,
1302 2292 1357 2329 ut
1384 2292 1553 2327 sancta
1581 2275 1743 2326 Venus

724 2377 880 2428 supra
907 2358 1080 2408 Carni.
1107 2357 1346 2409 XXXVI
1367 2397 1380 2421 ,
1413 2357 1441 2406 3
1461 2395 1473 2415 ,
1507 2355 1600 2408 ubi
1629 2356 1741 2408 vid.

728 2454 838 2491 not.
877 2470 957 2476 ——
998 2434 1139 2485 Curis
1174 2437 1410 2488 homimem
1450 2440 1532 2508 qui
1559 2437 1745 2505 gaudia

728 2526 886 2570 misces
907 2557 919 2576 ,
953 2514 1218 2566 simillime
1247 2518 1382 2568 infra
1410 2515 1476 2567 de
1505 2520 1744 2580 Venere,

728 2600 903 2649 Carni.
925 2594 1186 2655 LXVIII,
1215 2600 1280 2647 18
1299 2636 1312 2656 ‚
1340 2597 1504 2659 «Quae
1530 2597 1741 2648 dulcem

724 2678 865 2730 curis
898 2674 1074 2724 miscet
1108 2676 1420 2727 amaritiem.
1445 2703 1463 2721 ι
1508 2709 1586 2718 —-
1614 2677 1743 2727 Sua-

725 2759 856 2808 viter
895 2758 946 2807 in
985 2752 1120 2803 lianc
1161 2773 1272 2806 rem
1309 2759 1604 2815 Anacreon,
1637 2754 1743 2806 Od.

725 2838 893 2897 XLV,
922 2837 949 2886 5
979 2851 990 2884 :
1027 2824 1246 2894 «Ᾰκίὸας
1268 2832 1319 2886 δ’
1344 2834 1532 2886 {Gustu
1559 2838 1744 2905 Κύπρις

725 2921 853 2969 Mem
885 2918 939 2968 τὸ
979 2915 1125 2984 γλυκὺ
1160 2914 1384 2967 λαιὲοῦσσ.
1407 2937 1417 2948 ·
1453 2906 1499 2965 ὁ
1530 2911 1581 2965 δ’
1615 2904 1743 2984 Ιῗρως

759 2999 868 3048 omn·
892 2999 1109 3066 ἕμισγεν.
1138 3019 1158 3039 1·
1195 2994 1332 3046 Hinc
1357 2986 1488 3064 Ερως
1511 2996 1746 3064 γλυκύπι-

724 3097 831 3145 κρες
867 3073 1153 3142 Posidippo
1185 3073 1238 3125 in
1270 3075 1420 3125 Anal.
1448 3076 1569 3125 Vet.
1598 3075 1743 3125 Poet.

726 3158 900 3208 Graec.
925 3154 1123 3205 Rrunk.
1146 3155 1243 3222 Ep.
1273 3156 1375 3217 XI,
1401 3160 1430 3215 15
1451 3192 1465 3217 ,
1486 3155 1642 3206 Toni.
1666 3155 1745 3215 11,

726 3256 782 3305 p.
823 3238 912 3297 48.
943 3264 1023 3276 —-
1056 3233 1136 3283 Cf.
1175 3235 1398 3285 Musaeus
1430 3252 1483 3285 v,
1526 3237 1631 3285 166
1654 3272 1668 3295 ,
1694 3246 1745 3283 et

728 3317 880 3386 plura
921 3314 974 3363 in
1020 3313 1156 3364 hanc
1200 3332 1311 3364 rein
1353 3313 1571 3364 collecta
1608 3331 1636 3362 a
1678 3313 1741 3364 C.

729 3396 905 3446 Barth.
946 3391 1013 3441 ad
1050 3390 1237 3443 Claud.
1276 3391 1343 3443 de
1384 3393 1597 3463 Nuptiis
1633 3393 1744 3442 Ho-

729 3493 849 3526 nor.
874 3486 925 3524 et
950 3471 1129 3522 Mariae
1150 3491 1199 3523 v.
1225 3490 1311 3539 70.
1339 3504 1416 3511 —
1445 3470 1597 3524 Adde
1618 3472 1746 3521 Don-

730 3555 837 3606 ville
879 3550 947 3602 ad
1000 3550 1271 3603 Chariton.
1317 3571 1368 3621 p.
1418 3557 1529 3614 426
1549 3592 1563 3612 ‚
1614 3550 1741 3603 edit.

729 3635 874 3704 Lips.
913 3661 993 3671 -—-
1036 3631 1118 3682 Cf.
1161 3631 1329 3682 Plaut.
1377 3632 1571 3683 Cistell.
1606 3632 1659 3693 I,
1695 3649 1745 3693 1,

731 3734 796 3783 71
832 3732 844 3764 :
866 3714 1064 3762 «Amor
1092 3723 1141 3761 et
1168 3711 1322 3761 melle
1347 3725 1396 3761 et
1421 3711 1540 3763 felle
1568 3723 1642 3760 est
1668 3711 1744 3761 fe-

726 3792 1093 3848 cundissimus,
1116 3790 1286 3840 Gustu
1302 3788 1391 3841 dat
1411 3789 1586 3851 dulce,
1606 3808 1745 3841 ama-

726 3892 843 3926 rum
872 3869 942 3923 ad
970 3869 1252 3920 satietatem
1280 3888 1443 3938 usque
1467 3868 1686 3938 oggerit.
1716 3896 1734 3912 ··

729 3950 972 4005 Pseudot.
1003 3951 1055 4011 1,
1082 3968 1131 4010 1,
1161 3952 1250 3998 61.
1270 3947 1338 3999 N.

808 4036 898 4099 96.
942 4030 1130 4100 Quique
1169 4027 1303 4077 male
1339 4029 1390 4078 in
1427 4026 1740 4097 quibusdam

724 4125 846 4162 vett.
879 4140 956 4151 —
994 4107 1288 4159 Frondosam
1317 4107 1524 4157 volebat
1554 4106 1742 4175 Scalig.

725 4187 812 4239 ‚sed
855 4207 949 4238 cur
987 4206 1092 4237 non
1124 4206 1278 4255 supra
1309 4186 1526 4256 corrigit
1564 4187 1741 4238 Carni.

1828 1637 2101 1700 XXXVI,
2138 1655 2201 1689 12
2223 1677 2237 1697 ,
2269 1650 2482 1689 sanctum
2516 1638 2737 1690 Idalium.
2764 1665 2825 1678 -·

1834 1717 2047 1786 Quaeque
2072 1721 2197 1786 regis
2226 1717 2378 1787 Golg.
2406 1718 2474 1769 cf.
2497 1737 2656 1788 supra
2673 1719 2827 1771 carm.

1832 1797 2103 1854 XXXVI,
2129 1815 2190 1847 11
2220 1837 2233 1856 ,
2266 1797 2353 1848 13.

1913 1895 2005 1944 97.
2042 1876 2273 1943 Qualibet
2309 1875 2458 1928 MSS.
2503 1877 2651 1930 Statii
2684 1875 2827 1928 male!

1912 1957 2004 2022 98.
2051 1955 2302 2006 Fluctibus
2346 1974 2417 2006 sc.
2460 1975 2723 2009 curarum.
2759 1955 2828 2006 cf.

1830 2032 1897 2084 ad
1930 2054 1978 2086 v.
2016 2039 2109 2087 62.
2145 2033 2294 2086 Adde
2333 2035 2609 2088 Dmckenb.
2646 2035 2712 2088 ad
2750 2034 2829 2086 Sil.

1832 2114 1948 2164 Ital.
1962 2116 2124 2177 VIII,
2143 2116 2245 2166 32.
2263 2147 2342 2156 —
2361 2116 2562 2184 Inflav.
2584 2136 2698 2186 περ.
2717 2116 2830 2183 hosp.

1833 2200 2003 2263 suspir.
2032 2192 2193 2246 Ovid.
2222 2195 2359 2246 Fast.
2383 2197 2442 2258 I,
2472 2202 2585 2265 417
2612 2214 2626 2247 τ
2657 2222 2679 2241 ι
2701 2195 2831 2246 Hanc

1832 2277 1977 2343 cupit
1997 2314 2011 2338 ,
2040 2274 2176 2326 hanc
2205 2287 2383 2345 optat3
2413 2274 2522 2325 sola
2551 2276 2770 2346 suspirat
2786 2274 2831 2324 in

1830 2353 1933 2405 illa.
1961 2381 1981 2399 ι
2019 2353 2272 2423 Suspirat-e
2312 2353 2379 2406 de
2414 2356 2714 2408 amantibus
2736 2371 2834 2425 pus·

1830 2432 1930 2485 sim
1949 2435 2186 2487 obvium.
2209 2432 2335 2487 Vid.
2357 2435 2664 2489 Brouckhus.
2685 2432 2745 2487 ad
2757 2433 2834 2487 Ti-

1831 2514 1962 2567 bull.
1999 2516 2057 2578 1,
2088 2534 2141 2582 7,
2164 2521 2255 2575 41.
2287 2548 2369 2557 —
2398 2516 2556 2567 Flavo
2585 2516 2647 2568 h.
2673 2535 2717 2567 e.
2735 2514 2834 2586 pul·

1832 2594 1981 2646 ebro.
2019 2597 2200 2647 Flavo-5
2238 2596 2381 2646 enim
2414 2594 2590 2647 crines
2631 2596 2712 2648 vel
2742 2612 2835 2646 ma·

1832 2673 1974 2725 xime
2004 2675 2324 2727 adamabant
2344 2673 2717 2727 Veteres.Vid.
2738 2672 2833 2725 sal·

1835 2773 1949 2804 mas.
1992 2755 2058 2808 ad
2082 2755 2309 2806 Ter-tull.
2350 2753 2418 2806 de
2457 2753 2596 2806 Pau.
2634 2775 2691 2826 p.
2720 2752 2835 2813 35²5

1834 2834 2126 2886 Brouckhus.
2162 2833 2232 2886 ad
2253 2833 2531 2886 Tibullum
2574 2835 2634 2900 1,
2679 2838 2710 2884 6
2726 2872 2741 2895 ,
2784 2835 2837 2890 8,

1835 2926 1886 2964 et
1915 2914 2200 2984 Inter-protes
2233 2913 2302 2965 ad
2332 2915 2548 2965 Petron.
2576 2932 2626 2967 c.
2649 2913 2756 2967 CX-
2774 2941 2835 2951 -··

1834 2992 1918 3044 sic
1948 2993 2110 3054 ξανθὸς
2143 2992 2287 3064 apud
2311 2996 2543 3047 Groecos.
2564 2992 2696 3045 vid.
2715 2992 2838 3044 Pera·-

1835 3091 1945 3124 zon.
1971 3073 2038 3125 ad
2059 3074 2248 3126 AElian.
2275 3075 2385 3138 lx,
2413 3092 2466 3141 9.

1924 3171 2040 3206 100.
2097 3154 2283 3222 Quam.
2326 3174 2451 3224 ηερε
2491 3173 2628 3222 mag.
2663 3154 2837 3222 sulgon:

1836 3234 2014 3300 expell.
2058 3234 2196 3284 infra
2242 3234 2417 3285 Carm-
2466 3233 2737 3297 LXXXI,
2782 3236 2836 3289 ¹53

1837 3334 1856 3351 «-
1875 3310 2075 3383 Hospes
2088 3313 2329 3364 inaurata
2344 3310 2601 3382 pallidior
2618 3325 2776 3365 statua
2788 3328 2802 3372 3
2815 3334 2831 3352 ·

1835 3389 1900 3440 ad
1927 3392 2227 3462 exemplum
2254 3392 2567 3444 Graecorum
2586 3432 2602 3456 ,
2625 3392 2718 3463 qui
2738 3407 2839 3441 euro

1834 3470 2065 3522 colorem
2087 3469 2346 3542 pallidum
2367 3474 2521 3540 ὠχρὸν
2539 3507 2553 3525 ,
2570 3474 2749 3540 χλωρὸν
2766 3468 2839 3520 tri·

1834 3549 2022 3601 buunt.
2050 3583 2126 3591 —
2153 3548 2276 3601 Vid.
2303 3550 2643 3602 Heu-stem.
2667 3550 2734 3602 ad
2752 3548 2838 3599 Lu·

1834 3628 1965 3681 cian.
1993 3632 2151 3681 Tom.
2185 3631 2209 3680 1
2231 3669 2246 3693 ,
2273 3649 2327 3699 p,
2360 3630 2470 3682 503
2492 3668 2509 3692 ‚
2542 3636 2574 3691 4
2598 3671 2613 3694 ,
2648 3643 2700 3681 et
2725 3628 2838 3680 Bm·-

1834 3728 1993 3760 matm.
2027 3707 2094 3761 ud
2126 3707 2284 3761 Ovid.
2318 3710 2448 3762 Met.
2480 3710 2598 3774 XI,
2635 3709 2757 3772 145.

1923 3806 2020 3842 102
2033 3828 2045 3840 .
2068 3790 2331 3859 Appeteree
2352 3803 2403 3841 et
2420 3802 2644 3859 expetere
2663 3789 2716 3840 in
2739 3786 2841 3859 qui·

1838 3867 2057 3920 busdam
2076 3868 2226 3920 libris
2245 3870 2435 3921 Mutet.
2452 3897 2536 3909 —
2554 3871 2761 3922 Mortem
2774 3885 2843 3933 op·

1826 3958 1927 4017 pet.
1946 3981 2028 3991 -—
2048 3948 2253 3999 Mortem
2272 3960 2488 4018 oppetere
2513 3962 2661 4002 recte
2682 3966 2743 3999 ex
2759 3964 2840 3998 usu

1835 4026 2088 4096 loquendi
2106 4025 2320 4091 dicitur,
2331 4047 2439 4080 non
2459 4027 2609 4080 idem
2620 4032 2842 4099 pumici

1835 4105 1922 4157 sed
1942 4146 1955 4170 ,
1994 4120 2049 4158 ut
2085 4120 2313 4169 constat,
2339 4108 2492 4177 plura
2521 4126 2661 4179 sape
2686 4104 2843 4158 verbis

1832 4184 2107 4240 adduntur
2122 4186 2354 4247 nomina,
2371 4187 2619 4257 quamvis
2639 4186 2735 4241 uni
2750 4199 2851 4239 tan·
