2986 4935
740 465 879 549 148

1256 467 1329 532 C.
1371 468 1490 532 VA
1515 467 1805 532 LERII
1862 469 2205 537 CATUL
2226 473 2319 537 LI

1285 687 1834 774 CARMEN
1921 691 2291 778 XLIX.

1410 913 1505 957 Al)
1550 911 1622 956 M.
1657 912 1715 956 T.
1753 910 2181 959 CICERONEM.

1053 1106 1554 1170 Dlsminssmss
1594 1101 1857 1168 Romuli
1895 1118 2207 1194 nepotum

1046 1209 1229 1295 Quot
1273 1221 1464 1284 sunt,
1501 1221 1789 1300 quotque
1832 1208 2014 1275 fuere
2037 1263 2054 1292 ‚
2092 1211 2319 1276 Marce
2350 1208 2545 1294 Tulli,

1047 1315 1358 1406 Quotque
1396 1328 1547 1405 post
1582 1312 1720 1381 aliis
1736 1328 1947 1386 ,erunt
1983 1316 2049 1381 in
2080 1315 2295 1401 annis;

1051 1421 1315 1488 Gratias
1358 1418 1476 1486 tibi
1523 1422 1843 1487 maximas
1881 1419 2179 1488 Catullus

1047 1529 1234 1618 Agit,
1269 1526 1588 1618 pessimus
1630 1527 1927 1593 omnium
1966 1541 2191 1620 poeta3

1044 1635 1257 1698 Tanto
1292 1633 1610 1723 pessimus
1647 1633 1942 1699 omnium
1982 1647 2211 1725 poeta,

1051 1740 1322 1825 Quanto
1363 1752 1433 1803 tu
1479 1740 1766 1830 optimus
1809 1740 2101 1806 omnium
2144 1752 2476 1832 patronus.

818 1941 953 1990 Aac.
994 1939 1068 1989 Μ.
1101 1938 1165 1989 Τ.
1207 1936 1486 2000 Ciceroni,
1527 1937 1612 1988 cui
1657 1938 1752 1987 ob·

741 2020 952 2071 strictus
986 2036 1081 2087 pro
1113 2036 1170 2069 re
1197 2017 1441 2087 quapiam
1476 2017 1754 2068 tenebatur

740 2099 1006 2154 Catullus,
1054 2096 1243 2165 gratias
1283 2096 1338 2146 in
1378 2096 1480 2147 hoc
1524 2096 1754 2147 carmine

740 2180 868 2248 agit,
892 2196 1019 2247 quas
1034 2189 1204 2246 potest
1221 2176 1470 2226 maximas
1484 2211 1501 2238 ,
1526 2187 1578 2225 et
1595 2193 1754 2243 quan·

741 2272 794 2311 to
835 2259 944 2327 ipse
980 2275 1031 2307 se
1061 2256 1306 2307 omnibus
1342 2255 1508 2324 poetis
1541 2254 1753 2305 inferio·

738 2357 853 2390 rem
876 2336 1088 2394 fatetur,
1105 2347 1251 2385 tanto
1269 2334 1416 2383 illum
1439 2351 1620 2384 omnes
1638 2352 1752 2384 ora-

743 2430 881 2467 tores
908 2413 1203 2484 eloquentia
1229 2430 1475 2484 superare
1499 2413 1586 2463 ait.

829 2515 877 2547 2.
905 2495 1037 2561 Quot
1058 2505 1166 2544 sunt
1183 2533 1199 2555 ,
1222 2506 1424 2563 quotque
1433 2495 1575 2558 suere
1591 2533 1604 2553 ,
1632 2506 1754 2545 nota

743 2572 991 2644 loquendi
1015 2574 1183 2624 forma
1207 2570 1273 2622 de
1298 2572 1452 2623 rebus
1474 2574 1555 2623 vel
1581 2573 1753 2623 homi-

741 2654 897 2704 nibus
935 2651 1449 2721 incomparabilibus,
1486 2651 1572 2703 Sic
1609 2671 1752 2721 supr.

743 2733 917 2785 Carm.
948 2732 1149 2792 XXIV,
1176 2750 1196 2782 ι
1223 2762 1299 2772 --·
1321 2736 1386 2791 A:
1420 2731 1501 2782 «O
1522 2731 1613 2800 qui
1635 2729 1752 2783 flos·

741 2813 889 2863 culus
910 2830 963 2862 es
981 2810 1015 2861 J
1021 2810 1352 2861 uventiorum
1370 2849 1384 2871 ‚
1412 2810 1533 2861 Non
1563 2811 1751 2862 horum

744 2887 934 2953 modo,
974 2887 1062 2940 sed
1094 2902 1223 2959 quot
1255 2902 1341 2940 aut
1376 2889 1619 2951 suerunt,
1650 2892 1756 2942 Aut

743 2970 958 3041 posthac
997 2969 1110 3019 aliis
1144 2981 1297 3020 erunt
1329 2970 1382 3020 in
1419 2969 1582 3020 annis.
1610 2994 1629 3015 ι
1669 2970 1750 3022 Cf.

746 3068 886 3118 supr.
913 3051 1088 3102 Carm.
1111 3049 1258 3110 XXI,
1284 3067 1311 3098 2
1342 3060 1392 3098 et
1421 3049 1472 3099 3.

1925 1941 1976 1990 6.
2012 1940 2168 1990 Tanto
2200 1940 2426 2007 pessimus
2456 1943 2666 1992 omnium
2697 1957 2856 2012 poeta.

1843 2017 1996 2069 Hunc
2054 2035 2261 2069 versum
2320 2020 2493 2070 abesse
2553 2021 2609 2071 iu
2674 2024 2857 2074 melio-

1842 2098 1988 2148 ribus
2021 2097 2169 2149 libris
2204 2096 2430 2149 affirmat
2464 2099 2709 2161 Vossius»,
2755 2121 2858 2172 quo

1842 2175 2056 2246 quidem
2083 2177 2289 2228 sublato
2311 2195 2408 2228 nec
2425 2195 2635 2231 sensum
2657 2183 2859 2233 turbari

1843 2254 1985 2307 idem
2005 2256 2292 2319 existimat3
2317 2275 2481 2325 quum
2502 2271 2729 2328 quantus,
2750 2281 2862 2331 qua·

1844 2336 1903 2385 lis
1931 2346 1984 2386 et
2008 2334 2195 2387 similia
2222 2337 2534 2406 pronomina
2557 2338 2760 2409 absque
2780 2360 2859 2392 re·

1842 2415 2014 2466 lativis
2040 2414 2166 2484 poni
2192 2416 2419 2479 soleant;
2446 2415 2591 2486 quod
2622 2421 2862 2489 quamvis

1844 2496 1898 2546 in
1940 2495 2207 2546 nonnullis
2237 2495 2362 2547 locis
2393 2514 2576 2548 verum
2611 2510 2720 2562 est,
2753 2500 2856 2551 vid.

1844 2575 2269 2626 Drackenborcb.
2291 2573 2357 2626 ad
2380 2575 2497 2626 Liv.
2518 2578 2618 2640 lx,
2644 2583 2737 2644 36,
2755 2574 2787 2638 S
2812 2600 2859 2644 τ,

1842 2655 1997 2705 Tom.
2024 2655 2097 2715 11,
2126 2672 2178 2723 p.
2211 2654 2358 2723 9853
2388 2653 2442 2706 id
2470 2668 2643 2708 tamen
2674 2676 2859 2727 parum

1842 2731 2118 2784 commode
2160 2734 2285 2785 huic
2322 2735 2437 2785 loco
2473 2736 2861 2790 accommodari

1842 2831 1989 2882 p0ffie
2003 2810 2231 2865 videtur.
2255 2814 2619 2866 Librariorum
2650 2816 2865 2869 fortasse

1843 2892 2044 2942 incuria
2070 2892 2140 2942 ob
2159 2893 2445 2945 verborum
2471 2895 2865 2963 repetitionem.

1842 2983 1900 3022 ut
1931 2989 2063 3040 saepe
2096 2971 2291 3024 factum
2322 2985 2395 3024 est
2415 3010 2431 3037 ,
2457 2973 2543 3025 hic
2566 2992 2751 3027 versus
2779 2995 2863 3027 cx-

1842 3049 1986 3102 cidit.

1435 3250 1984 3339 CARMEN
2068 3253 2156 3339 L.

1511 3474 1613 3517 AD
1671 3473 2083 3520 LICINIUM.

1055 3662 1471 3744 ΗΕεΤΕΒΝο,
1510 3660 1760 3743 Licini,
1797 3658 1900 3726 die
1943 3663 2131 3728 otiosi

821 3868 959 3916 Aac.
975 3862 1304 3914 Convenerat
1322 3856 1409 3910 die
1426 3857 1656 3928 quodam
1676 3860 1755 3909 in-

741 3958 821 3997 ter
854 3942 1120 3996 Catullum
1153 3953 1203 3991 et
1235 3938 1455 3990 Calvum
1485 3938 1755 3989 Licinium

739 4024 882 4085 otiu,
925 4040 1030 4092 quo
1071 4019 1411 4080 fruebantur,
1451 4018 1522 4069 ita
1555 4018 1662 4080 uti,
1695 4028 1755 4069 ut

739 4103 971 4155 versibus
999 4099 1221 4151 invicem
1254 4116 1305 4148 se
1338 4098 1673 4159 lacesserent,
1702 4110 1753 4149 et

1843 3861 1975 3911 alter
2001 3860 2069 3913 ad
2100 3862 2312 3915 alterius
2342 3864 2397 3921 in
2435 3866 2631 3920 Catulli
2661 3872 2872 3925 tabellis

1842 3940 2063 4011 scriptos
2080 3960 2255 3993 versus
2284 3944 2642 4015 responderet.
2667 3950 2731 4002 In
2760 3971 2869 4023 quo

1841 4019 2057 4089 quidem
2107 4023 2392 4076 certamine
2446 4028 2659 4095 poetico
2715 4032 2868 4083 Calvi

1841 4099 1944 4149 sale
1983 4112 2043 4152 et·
2065 4100 2334 4171 leporibus
2372 4103 2443 4156 ita
2483 4107 2735 4178 abreptus
2768 4111 2873 4162 suit
