2986 4935
708 427 849 510 144

1220 426 1297 493 C.
1333 424 1778 492 VALERII
1836 423 2307 491 CATULLI

1011 555 1329 625 Jucundis
1366 555 1653 649 Zephyri
1694 552 1935 622 silescit
1970 554 2164 621 auris,

1016 663 1435 754 Linquantur
1469 660 1774 755 Phrygii,
1805 658 2098 745 Catulle,
2135 661 2386 754 campi,

1017 769 1386 861 Nicaeaeque
1424 792 1583 861 ager
1623 767 1789 834 uber
1821 780 2133 834 aestuosae.
2825 798 2841 832 s

1016 874 1116 942 Ad
1152 872 1360 942 claras
1388 875 1559 941 Asiae
1591 871 1888 940 volemus
1921 873 2137 940 urbes,

1016 984 1161 1047 Jam
1194 1005 1381 1048 mens
1419 980 1893 1073 praetrepidans
1933 991 2085 1045 avet
2118 979 2378 1070 vagari;

1016 1091 1162 1155 Jam
1209 1086 1334 1154 laeti
1376 1086 1594 1154 studio
1636 1086 1835 1180 pedes
1871 1086 2234 1178 vigescunt.

1020 1196 1082 1260 O
1121 1191 1346 1260 dulces
1392 1194 1709 1261 comitum
1754 1190 1970 1260 valete
2017 1205 2263 1273 eoetuS,

1019 1302 1250 1391 Longe
1282 1325 1447 1390 quos
1484 1297 1676 1367 =simul
1712 1325 1750 1366 a
1787 1298 1986 1366 domo
2026 1297 2361 1391 profectos

1018 1407 1299 1474 Diverse
1339 1409 1533 1474 variae
1573 1409 1693 1473 viae
1733 1418 2093 1498 reportant.

700 1617 882 1670 etium.
908 1615 1097 1667 Statius
1113 1629 1163 1667 et
1177 1616 1264 1668 alii
1287 1635 1474 1686 parum
1492 1635 1728 1668 commo-

702 1697 770 1749 de
790 1697 1132 1767 aequinoctialis
1154 1694 1219 1746 ad
1243 1697 1294 1745 Z
1298 1699 1461 1767 epla—774
1485 1698 1699 1748 trahunt
1713 1737 1727 1761 ,

699 1792 752 1828 at
780 1777 996 1827 Vossius
1034 1790 1082 1827 et
1114 1777 1343 1845 Vulpius
1382 1778 1728 1847 aequinoctiulis

702 1857 938 1908 referunt
960 1855 1027 1907 ad
1040 1856 1163 1906 caeli.
1194 1856 1307 1925 Ego
1327 1859 1493 1926 jungo
1513 1860 1727 1927 aequino·

701 1937 861 1987 ctialis
883 1935 1050 2001 furor.

785 2022 836 2077 4.
867 2016 1073 2085 Phrygii
1092 2019 1281 2084 campi:
1307 2015 1555 2085 Bithynia
1582 2015 1723 2066 enim

704 2096 991 2165 antiquitus
1027 2096 1129 2148 fuit
1171 2114 1293 2166 pars
1335 2096 1581 2165 Phrygiae
1625 2096 1724 2146 mi-

701 2176 859 2227 noriS.

784 2254 835 2307 5.
859 2255 1091 2325 Nicoeoeq.
1121 2276 1201 2324 ag.
1235 2255 1314 2307 ub.
1347 2266 1449 2305 cest.
1483 2252 1626 2304 Vide
1657 2252 1724 2304 de

700 2334 801 2385 hac
822 2336 952 2385 urbe
976 2335 1219 2386 strabon.
1248 2335 1337 2385 lib.
1356 2335 1491 2395 XII,
1513 2353 1567 2404 p.
1592 2332 1724 2400 389,

704 2407 850 2478 [edit.
885 2408 1127 2478 Casaub]
1149 2415 1238 2465 ubi
1268 2415 1523 2479 Nicaeam,
1543 2416 1725 2483 μητρό-

700 2502 836 2545 πολιν
888 2498 974 2554 τῆς
1024 2497 1238 2552 Βιθυνίας
1287 2508 1462 2553 vocat,
1517 2508 1566 2545 et
1615 2498 1726 2562 ejus

700 2570 870 2625 πεδίον
935 2577 1067 2643 μέγα
1107 2572 1188 2624 καὶ
1244 2569 1476 2642 εὔδαιμον
1530 2573 1722 2625 laudat.

705 2654 941 2703 AEstuosa
970 2672 1032 2702 ex
1060 2654 1409 2722 explicatione
1439 2653 1611 2703 Vossii
1641 2652 1723 2704 di·

702 2733 838 2784 citur
871 2734 918 2783 N
925 2733 1076 2793 ieaea,
1110 2731 1283 2803 quod,
1307 2751 1413 2802 quo
1449 2732 1727 2783 vehemen-

702 2813 806 2862 tius
845 2812 951 2875 ibi,
996 2825 1118 2862 teste
1147 2812 1375 2874 Galeno,
1404 2812 1473 2861 ob
1507 2812 1723 2862 crassio-

701 2910 813 2942 rem
828 2911 1001 2944 aerem
1020 2891 1249 2962 hyemali
1270 2905 1505 2960 tempore
1523 2892 1726 2943 saeviret

700 2972 886 3040 frigus,
912 2991 974 3021 eo
1002 2973 1212 3041 gravior
1241 2969 1458 3035 deinde,
1480 2984 1536 3023 ut
1566 2968 1720 3022 docet

701 3053 1029 3115 Aristoteles,
1060 3050 1259 3103 ibidem
1301 3052 1527 3103 ferveret
1556 3051 1715 3102 calor.

782 3135 833 3181 6.
862 3132 952 3181 Ad
971 3133 1088 3181 clar.
1124 3134 1264 3182 Asia:
1305 3131 1408 3182 urb.
1447 3132 1553 3182 huc
1581 3131 1719 3182 refer

695 3211 1008 3278 Pergamum
1028 3250 1041 3273 ,
1075 3212 1384 3282 Smyrnam,
1414 3211 1680 3280 Ephesum
1703 3249 1717 3273 ,

697 3291 941 3341 Miletum
980 3303 1030 3340 et
1065 3291 1205 3342 alias.
1237 3292 1320 3342 Cf.
1352 3292 1573 3341 omnino
1606 3291 1717 3341 Du-

696 3370 823 3420 cker
840 3368 906 3419 ad
932 3369 1044 3420 Liv.
1072 3371 1284 3432 XXVI,
1310 3376 1378 3429 24
1400 3409 1413 3430 ‚
1436 3366 1483 3429 S.
1514 3391 1567 3437 9,
1590 3384 1716 3422 tom.

694 3449 804 3511 111,
836 3467 887 3517 p.
931 3468 951 3500 1
972 3456 1099 3511 104,
1130 3448 1255 3501 edit.
1284 3450 1586 3502 Drackenb.

1896 1634 1949 1686 7.
1982 1616 2121 1668 Mens
2150 1614 2520 1685 praetrepidans.
2560 1615 2837 1688 Preti-epi·

1816 1695 1942 1748 dare
1993 1697 2252 1765 eleganter
2291 1693 2358 1745 de
2400 1694 2464 1745 iis
2481 1731 2498 1757 ‚
2542 1697 2639 1766 qui
2682 1715 2840 1749 mora

1815 1789 1933 1827 sunt
1964 1775 2288 1846 impatientes
2312 1786 2363 1825 et
2390 1793 2498 1844 prae
2518 1773 2736 1840 laetitia,
2758 1777 2835 1829 vel

1816 1854 2067 1926 cupidine
2097 1855 2316 1924 alicujus
2361 1854 2470 1918 rei,
2506 1873 2670 1925 quam
2715 1874 2837 1907 mox

1817 1934 2106 2005 suscepturi
2140 1947 2257 1984 sunt
2279 1972 2295 1995 ,
2333 1933 2466 1986 sicut
2511 1934 2637 2004 equi
2683 1954 2837 2004 gene·

1813 2016 1948 2076 rosi,
1980 2027 2036 2065 ut
2066 2015 2168 2064 hoc
2196 2013 2437 2083 exemplo
2460 2026 2596 2079 utar,
2621 2014 2833 2066 frenum

1814 2092 2113 2145 mordentes
2129 2132 2142 2156 ‚
2165 2090 2447 2162 trepidant.

1896 2175 1948 2227 8.
1968 2175 2079 2223 Jam
2107 2174 2205 2223 laet.
2229 2172 2356 2225 stud.
2378 2171 2494 2241 ped.
2520 2174 2629 2240 νίς.
2661 2190 2838 2225 versus

1813 2254 2172 2305 ornatissimus
2201 2271 2300 2323 pro
2333 2251 2538 2321 vulgari
2563 2269 2576 2302 z
2606 2254 2716 2321 jam
2746 2271 2837 2323 pe-

1815 2331 1906 2384 des
1936 2332 2169 2402 prompti
2211 2344 2262 2383 et
2300 2331 2466 2402 parati
2499 2343 2625 2382 sunt
2660 2330 2731 2382 ad
2759 2332 2838 2383 in·

1814 2411 2165 2482 grediendum
2204 2412 2320 2463 iter.
2344 2410 2519 2463 Studio
2546 2429 2617 2462 sc.
2652 2412 2838 2462 ambu-

1815 2491 2234 2563 landi.Vulpius,
2255 2492 2347 2562 qui
2364 2491 2507 2561 pedes
2534 2489 2603 2542 de
2620 2491 2836 2543 navium

1814 2572 2040 2643 pedibus
2079 2572 2336 2641 explicat,
2364 2572 2594 2642 egregie,
2625 2584 2684 2622 ut
2721 2589 2837 2641 pas-

1812 2653 1936 2718 sim,
1965 2653 2169 2722 ineptit.
2192 2684 2271 2692 —
2303 2649 2457 2703 Haud
2489 2650 2611 2702 satis
2639 2650 2837 2703 benefi-

1811 2734 2015 2784 ciorum
2045 2750 2251 2782 memor
2281 2732 2530 2801 Doering.
2554 2730 2646 2799 qui
2670 2729 2837 2800 pluri·

1813 2831 1897 2864 ma
1918 2831 1946 2862 a
1969 2812 2169 2881 Vulpio
2192 2811 2378 2863 tacitus
2392 2810 2668 2861 mutuavit.
2690 2810 2760 2863 N.

1895 2910 1947 2958 9.
1976 2892 2024 2943 O
2043 2891 2171 2942 dulc.
2200 2894 2358 2942 comit.
2388 2888 2544 2942 Haud
2574 2886 2744 2941 dubie
2762 2888 2836 2940 in·

1812 2970 1997 3041 telligit
2019 2984 2230 3023 caeteros
2250 2989 2317 3021 ex
2332 2971 2550 3021 cohorte
2574 2969 2832 3021 Memmii.

1896 3069 1916 3102 1
1936 3070 1956 3103 1
1974 3091 1985 3103 .
2009 3053 2225 3112 Diverse,
2244 3050 2298 3100 in
2323 3047 2555 3101 diversas
2579 3062 2732 3101 terrm
2753 3067 2833 3100 re-

1807 3130 2007 3199 giones.
2030 3162 2107 3170 -
2125 3131 2322 3183 Diverso
2348 3133 2483 3180 varie
2511 3129 2649 3179 liber
2672 3128 2832 3179 Hein-

1808 3210 1886 3261 sii.
1930 3212 2155 3261 Diversos
2198 3212 2352 3259 vurc'oe
2391 3208 2447 3260 in
2496 3208 2665 3261 MSC.
2709 3219 2834 3259 teste

1809 3288 2011 3340 editore
2043 3290 2340 3359 Cantabrig.
2368 3307 2529 3359 quam
2557 3289 2832 3340 lectionem

1808 3370 2034 3421 servavit
2056 3368 2305 3438 Vulpius.
2340 3371 2560 3420 Diversa·
2586 3370 2726 3418 varie
2749 3364 2832 3417 vel

1809 3450 2004 3500 diversa
2029 3461 2075 3501 et
2106 3451 2264 3499 ‘varioe
2290 3449 2343 3500 in
2376 3445 2712 3518 quibusdam.
