2986 4935
707 530 802 599 70

1221 507 1298 571 C.
1346 502 1786 571 VALERII
1845 507 2311 572 CATULLI

1019 638 1511 721 Saturnalibus,
1541 639 1794 731 optimo
1826 637 2101 705 dierum.
2806 676 2850 708 ω

1020 746 1209 825 Non,
1256 770 1390 811 non
1439 745 1569 812 hoc
1615 745 1769 829 tibi,
1804 743 2004 828 salse,
2042 747 2132 812 sic
2170 743 2418 825 abibit3

1023 852 1231 935 Nam,
1276 854 1326 918 si
1372 850 1646 934 luxerit,
1690 851 1775 918 ad
1815 850 2236 919 librariorum

1024 961 1306 1024 Curram
1357 960 1599 1026 scrinia
1635 984 1648 1024 :
1684 959 1964 1040 caesios,
2004 958 2355 1050 Aquinios,

711 1165 765 1203 ut
794 1167 904 1203 toto
936 1154 1027 1204 illo
1054 1150 1140 1202 die
1161 1191 1175 1211 ,
1201 1153 1471 1221 ipsissimis
1490 1154 1734 1204 Saturna-

707 1232 873 1292 libus,
896 1236 986 1301 qui
1012 1231 1197 1283 diesin
1227 1234 1442 1301 optimis
1470 1246 1520 1284 et
1541 1234 1735 1284 laetissi-

708 1314 805 1363 mis
840 1311 1024 1363 diebus
1067 1313 1205 1363 sestis
1245 1314 1497 1377 habetur,
1523 1318 1734 1381 periret,

710 1393 760 1442 h.
794 1411 842 1441 e.
882 1393 1066 1444 misere
1101 1412 1153 1442 se
1189 1393 1402 1444 liaberet
1435 1407 1484 1445 et
1519 1396 1737 1462 pessime

707 1473 1002 1522 afficeretur
1043 1473 1274 1524 Catullus
1306 1487 1481 1535 ·tuus;
1522 1474 1603 1524 vel
1638 1494 1649 1524 ε
1686 1487 1740 1524 ut

709 1553 999 1602 vontinnoh.
1024 1573 1068 1603 e.
1096 1552 1237 1604 illico
1260 1557 1463 1622 periret,
1488 1567 1736 1623 tanquam

709 1632 969 1702 supplicio
990 1633 1581 1684 afficeretur.Vocantur
1595 1634 1737 1684 enim

713 1714 847 1763 mala
888 1714 1118 1762 carmina
1165 1715 1393 1780 supplicia
1415 1755 1426 1774 ,
1453 1733 1502 1763 v.
1543 1733 1628 1764 πο.
1659 1747 1738 1753 -—

716 1793 955 1844 Continuo
980 1793 1236 1861 posterior
1270 1793 1537 1861 Doeriugii
1568 1794 1738 1862 expli-

715 1873 851 1923 catio
883 1872 991 1922 sine
1020 1870 1185 1923 dubio
1215 1873 1405 1941 potior.
1430 1872 1576 1936 Quid
1596 1874 1736 1923 enim

714 1952 979 2004 Catullum
1015 1952 1255 2019 coegisset
1294 1966 1459 2003 totum
1491 1951 1633 2002 diem
1671 1953 1740 2002 le-

712 2032 886 2101 gendo
905 2030 1129 2083 durare?
1161 2035 1223 2080 At
1261 2034 1430 2083 statim
1462 2047 1618 2103 atque
1648 2032 1737 2084 de·

713 2126 894 2182 ceptus
918 2112 1113 2162 librum
1139 2113 1360 2180 inspexit
1378 2152 1391 2174 ,
1407 2112 1584 2164 lethali
1605 2132 1738 2182 quo-

715 2191 835 2244 dam
852 2190 991 2244 taetlii
1007 2211 1155 2243 seusu
1172 2193 1400 2243 afficitur
1415 2206 1464 2242 et
1477 2207 1737 2244 enecatur.

720 2272 959 2324 Continuo
991 2271 1358 2323 adverbialiter
1392 2271 1741 2336 sumendum,

716 2354 748 2403 i.
777 2371 818 2401 e.
846 2354 945 2403 xita
977 2371 1080 2402 uon
1115 2352 1248 2402 ultra
1275 2353 1374 2402 hoe
1403 2353 1590 2402 festum
1620 2373 1739 2421 pro·

715 2431 872 2483 dueta
921 2433 1032 2499 ipso
1081 2430 1168 2482 die
1190 2472 1203 2492 ,
1251 2434 1453 2500 optimo
1503 2430 1743 2498 dierum,

717 2513 904 2562 scilicet
931 2510 1318 2565 Saturnalibus.
1350 2513 1539 2579 perite.
1558 2514 1619 2562 N.

805 2596 886 2641 15.
914 2592 1193 2641 Saturnalia
1226 2590 1366 2659 apud
1392 2593 1657 2643 Romanos
1689 2594 1741 2642 in

721 2670 1029 2721 memoriani
1073 2690 1240 2721 aureae
1285 2672 1476 2732 aetatis,
1519 2691 1612 2739 per
1653 2673 1742 2723 Sa-

718 2763 932 2800 turnum
953 2790 967 2812 ,
992 2751 1043 2800 in
1067 2751 1208 2816 regni
1235 2751 1532 2801 societatem
1557 2768 1582 2800 a
1608 2752 1743 2802 Jano

721 2844 988 2899 receptum
1008 2869 1022 2891 ,
1047 2830 1208 2881 Italiae
1237 2831 1447 2900 populis
1476 2832 1742 2899 lii-testim,

720 2928 920 2960 summa
950 2910 1205 2962 hilaritate
1236 2912 1287 2961 in
1326 2930 1500 2961 mense
1532 2910 1744 2963 decem-

722 2990 800 3039 bri
831 2990 1114 3052 celebrata,
1150 3006 1198 3042 et
1225 2991 1292 3041 ab
1336 2991 1481 3040 initio
1526 2991 1741 3061 quidem

722 3089 827 3119 uno
880 3084 1080 3121 tautum
1133 3071 1219 3121 die
1267 3084 1467 3138 peracta
1513 3084 1562 3120 et
1602 3072 1743 3122 linita

721 3164 873 3211 suut;
905 3148 990 3200 sed
1026 3164 1196 3219 postea
1231 3148 1355 3201 inde
1387 3151 1506 3202 a-C.
1532 3152 1746 3202 Caesaris

723 3230 1048 3297 temporibus
1096 3232 1266 3298 plures
1307 3229 1417 3280 dies
1466 3230 1570 3280 illis
1609 3233 1743 3282 cele-

723 3307 935 3358 brandis
967 3307 1174 3359 additos
1202 3330 1306 3359 esse
1336 3324 1518 3360 notum
1555 3324 1625 3360 est
1661 3314 1741 3361 vel

722 3406 784 3438 ex
817 3390 1050 3439 Macrob.
1088 3390 1297 3440 Saturu.
1321 3391 1344 3439 Ι
1367 3428 1381 3449 ,
1423 3409 1517 3451 10,
1555 3391 1641 3441 ubi
1678 3389 1743 3441 de

723 3467 820 3518 hac
855 3488 911 3518 re
944 3482 1017 3518 est
1047 3470 1189 3520 locus
1219 3469 1471 3520 classicus.
1498 3469 1635 3521 Hinc
1658 3470 1746 3520 Sa·

725 3550 932 3599 ten-nulio
967 3554 1122 3615 prima
1165 3548 1231 3599 de
1275 3549 1449 3619 primo
1500 3551 1746 3600 Saturna·

727 3627 853 3678 lium
923 3627 1039 3690 die,
1109 3629 1359 3680 dicuntur
1415 3628 1559 3698 apud
1628 3630 1745 3681 Liv.

727 3707 878 3758 XXX
899 3746 914 3770 ,
948 3707 1017 3760 36
1040 3749 1052 3771 ,
1079 3710 1167 3760 ubi
1195 3707 1345 3772 vide,
1369 3727 1485 3777 quae
1511 3710 1749 3761 observat

725 3788 1039 3839 Gronovius.
1056 3790 1273 3839 Secunda
1286 3802 1333 3839 et
1348 3793 1484 3837 tertia
1501 3803 1751 3840 vocantur

724 3888 750 3917 a
779 3869 889 3919 Cic.
913 3867 980 3918 ad
1015 3871 1170 3931 Attio,
1199 3870 1360 3931 XIII,
1395 3868 1481 3919 52.
1517 3871 1750 3937 Apparet

726 3947 900 4015 igitur,
929 3949 1007 3999 vel
1034 3968 1198 3999 unum
1230 3963 1340 4000 tuni
1373 3947 1550 3999 adhuc
1579 3948 1748 4012 diem,

723 4045 886 4095 quum
928 4028 1038 4080 haec
1082 4030 1330 4079 scriberet
1374 4030 1639 4089 Catullus,
1672 4048 1748 4079 sa-

723 4125 870 4156 crum
895 4107 1048 4158 fuisse
1070 4109 1460 4171 Saturnalibus,
1476 4109 1557 4159 vel
1584 4128 1745 4159 unum

725 4199 861 4237 certe
893 4185 1031 4237 diem
1053 4228 1066 4249 ‚
1100 4189 1189 4257 qui
1226 4188 1441 4257 proprie
1474 4208 1746 4257 nuncupa-

1822 1165 1969 1203 retur
1988 1150 2292 1214 Satnmalia‚
2315 1172 2422 1223 prae
2446 1154 2644 1205 caeteris
2666 1154 2848 1204 festum

1822 1232 2216 1302 solemnemque
2269 1233 2509 1285 habitum
2558 1252 2683 1286 esse.
2743 1233 2851 1283 Nec

1824 1330 2145 1381 quemquam
2169 1311 2443 1363 offendere
2465 1311 2617 1363 debet
2638 1314 2851 1383 loquen-

1825 1391 1878 1442 di
1902 1390 1956 1442 id
1979 1411 2142 1461 genus
2164 1394 2339 1462 paullo
2363 1393 2685 1456 insolentius,
2708 1397 2853 1442 conti-

1824 1491 1918 1522 nuo
1937 1472 2033 1531 die,
2053 1471 2410 1533 Saturnalibus,
2429 1492 2591 1543 quum
2612 1472 2722 1541 ipse
2738 1474 2852 1524 Liv.

1826 1551 1962 1602 dicat
1982 1589 1992 1606 ,
2027 1552 2111 1615 II,
2160 1571 2220 1602 21
2247 1590 2262 1612 ,
2300 1552 2578 1603 Saturnalia
2611 1556 2850 1602 institutus

1813 1635 1971 1698 festus
1990 1631 2105 1683 dies.
2131 1634 2285 1682 Cous.
2301 1633 2471 1684 Grou.
2492 1630 2560 1682 ad
2579 1632 2693 1683 Liv.
2721 1633 2745 1681 Ι
2764 1672 2777 1694 ,
2800 1655 2850 1700 9.

1826 1710 2281 1781 Constatdenique
2303 1711 2368 1764 ad
2393 1731 2609 1763 munera
2627 1751 2641 1774 ,
2664 1712 2855 1782 quibus

1825 1792 2051 1842 invicem
2071 1811 2121 1842 se
2132 1792 2856 1861 excipiebantSaturnalibus,

1826 1872 1981 1922 etiam
2009 1872 2175 1921 libros
2204 1872 2511 1941 pertinuisse
2528 1905 2542 1931 ‚
2570 1890 2701 1941 quos
2732 1891 2858 1941 pau-

1827 1970 1979 2020 peres
1997 1949 2252 2002 divitibus
2280 1953 2361 2003 vel
2387 1952 2599 2003 clientes
2620 1951 2858 2018 patronis

1827 2031 2077 2081 obtulisse
2122 2030 2279 2082 tradit
2311 2031 2576 2082 Lucianus
2606 2032 2658 2082 in
2695 2027 2867 2082 Clu-o:

1828 2112 2022 2161 nosolon
2042 2131 2079 2161 s,
2099 2113 2348 2178 legislator
2363 2112 2712 2170 Saturnalium,
2737 2129 2853 2177 αφ.

1830 2209 1948 2252 xvr,
1971 2210 2024 2260 p.
2053 2192 2162 2258 398
2181 2234 2194 2254 ,
2225 2205 2261 2244 t.
2295 2194 2405 2253 111,
2432 2189 2556 2242 edit.
2581 2191 2746 2242 Reitz.
2771 2191 2853 2242 Cf.

1830 2271 2057 2322 Martial.
2087 2273 2155 2332 V,
2190 2291 2328 2323 xvnl
2350 2312 2364 2334 ,
2400 2279 2449 2332 4.
2480 2271 2639 2322 Plura
2664 2269 2733 2321 de
2761 2271 2856 2321 Sa-

1832 2350 2093 2400 turnalibus
2126 2365 2314 2421 praeter
2338 2351 2577 2403 Macrob.
2609 2351 2646 2401 l.
2675 2371 2723 2402 c.
2751 2350 2854 2401 vid.

1828 2429 1970 2501 apud
2004 2432 2118 2482 Liv.
2162 2433 2349 2494 XXII,
2395 2449 2413 2481 ι
2438 2471 2451 2494 ,
2485 2431 2607 2483 Stat.
2637 2430 2770 2485 silv.
2801 2432 2858 2493 1,

1833 2515 1863 2561 6
1886 2549 1900 2573 ,
1926 2524 1971 2561 et
1995 2513 2213 2580 Lipsum
2238 2513 2290 2563 in
2316 2514 2525 2564 Saturn.
2561 2513 2616 2575 I,
2649 2532 2676 2563 2
2697 2551 2711 2574 ,
2743 2532 2856 2582 sqq.

1921 2595 2004 2642 16.
2032 2594 2145 2643 Non
2175 2593 2313 2642 modo
2347 2594 2433 2642 hoc
2467 2592 2552 2642 tibi
2576 2592 2712 2642 male
2748 2605 2858 2643 ten-

1831 2684 1900 2721 tat
1922 2672 2151 2723 Vossius.
2178 2673 2421 2741 Magnam
2446 2672 2557 2722 vim
2587 2671 2749 2723 habet
2780 2692 2861 2723 re-

1832 2750 2011 2820 petitio
2049 2752 2318 2821 particulae
2352 2772 2445 2802 non
2464 2795 2477 2814 ,
2523 2750 2591 2802 de
2621 2770 2727 2821 qua
2756 2752 2862 2802 ele-

1832 2832 2001 2898 gantia
2046 2831 2165 2883 vide
2206 2833 2497 2883 Bentleium
2536 2829 2601 2882 ad
2652 2832 2861 2883 Horatii

1833 2909 1939 2960 Od.
1968 2913 2076 2974 111,
2099 2931 2244 2975 xxrv,
2275 2914 2366 2973 25,
2391 2925 2439 2961 et
2466 2912 2769 2963 Drackenb.
2795 2911 2863 2963 ad

1832 2990 1926 3041 Sil.
1957 2992 2037 3051 ΙΙ,
2076 2992 2345 3052 25.Sc1lse,
2379 2991 2444 3042 ad
2478 2989 2718 3043 fraudem
2749 2992 2865 3042 aliis

1831 3070 2122 3121 faciendam
2139 3114 2153 3134 ‚
2179 3072 2461 3139 ingeniose.
2486 3096 2557 3103 -
2575 3072 2657 3122 Sic
2674 3072 2831 3121 abibit
2848 3114 2861 3133 ,

1836 3164 1937 3201 tam
1984 3151 2203 3219 impune
2242 3153 2451 3202 feretur.
2483 3151 2759 3202 Particulis
2799 3158 2853 3201 si«

1833 3242 1880 3280 et
1902 3233 1969 3279 ita
1995 3250 2128 3301 saepe
2153 3251 2212 3281 ex
2240 3231 2371 3282 serie
2390 3231 2641 3281 orationis
2657 3229 2864 3301 aliquid

1831 3309 2135 3361 addendum
2184 3324 2256 3361 est
2299 3310 2672 3381 explicatione,
2717 3311 2865 3381 quod

1834 3388 2111 3458 diligenter
2146 3392 2423 3441 observent
2458 3391 2669 3442 tirones.

1924 3488 2011 3538 17.
2038 3472 2239 3520 Luserit
2261 3472 2328 3521 V.
2364 3471 2477 3522 MS.
2500 3471 2680 3523 luserit.
2711 3504 2794 3512 ——
2816 3472 2871 3524 Si

1838 3549 2031 3610 luserit,
2058 3550 2110 3600 h.
2137 3572 2181 3601 e.
2208 3550 2439 3601 simulac
2460 3551 2687 3601 illuxerit
2717 3550 2838 3603 dies
2856 3591 2869 3613 ,

1840 3632 2013 3698 primo
2054 3649 2222 3680 mane.
2255 3630 2489 3681 Fortasse
2527 3630 2683 3681 etiam
2718 3631 2873 3683 dedit

1843 3723 1991 3778 poeta
2032 3710 2263 3773 illucet-it,
2306 3708 2450 3779 quod
2484 3723 2558 3760 est
2600 3711 2873 3771 usitatius,

1840 3807 2005 3857 quum
2029 3790 2178 3840 facile
2204 3790 2316 3841 fieri
2342 3790 2571 3859 potuerit
2587 3829 2601 3851 ,
2623 3804 2677 3841 ut
2694 3793 2875 3861 prima

1839 3869 2035 3937 syllaba
2081 3871 2121 3919 il
2147 3871 2213 3920 ab
2242 3868 2580 3921 antecedente
2612 3873 2877 3940 particula

1838 3952 1880 3997 si
1901 3950 2284 4000 absorberetur.

1928 4033 2009 4081 ι8.
2040 4030 2246 4079 Scrinia.
2283 4030 2416 4079 Vasa
2445 4030 2497 4079 in
2531 4029 2735 4099 quibus
2773 4052 2879 4082 ser-

1844 4109 2097 4160 vabantur
2140 4109 2262 4160 libri
2315 4111 2393 4160 vel
2444 4110 2692 4160 thesauri.
2752 4111 2877 4162 [sid.

1840 4190 1985 4257 Orig.
2008 4191 2205 4255 XX,9.
2229 4189 2615 4250 Hor.Serm.1‚
2643 4209 2699 4251 1,
2732 4211 2845 4244 tan
2868 4232 2881 4253 ,
