2986 4935
976 416 1554 480 1⁵nAErAT10.
2080 431 2327 487 -xx111

238 544 833 633 controversiae
880 545 1482 669 cognitorque
1535 574 1824 632 causae
1860 543 2148 636 lector
2186 547 2332 637 ad·

237 692 686 784 biberetur.

338 847 804 934 Poetarum
829 846 1487 958 recentiorum,
1535 877 1750 934 sane
1781 837 2330 962 nostratum,

233 992 483 1084 multa
517 996 716 1085 loca
734 1065 756 1107 ,
791 1026 990 1117 quae
1020 994 1549 1083 Catullianis
1575 993 1981 1085 versibus
2008 1030 2335 1122 cogna-

237 1145 447 1233 tione
484 1144 884 1270 quadam
929 1146 1337 1266 proxime
1388 1145 1876 1259 accedunt,
1918 1154 2334 1269 apposui·

229 1326 443 1409 mus;
499 1327 704 1420 quae
768 1296 837 1383 si
896 1326 1428 1384 coacervare
1487 1293 1751 1383 nobis
1807 1296 2330 1416 placuisset,

227 1443 443 1534 hunc
494 1445 845 1534 librum
900 1477 1413 1565 excrescere
1464 1446 1559 1532 in
1613 1446 1956 1534 molem
2000 1449 2337 1570 impro-

226 1591 409 1685 bam
456 1596 721 1687 facile
768 1595 961 1685 fuit.
1013 1595 1462 1685 Laborem
1504 1629 1714 1685 vero
1754 1632 1800 1686 a
1845 1598 2339 1689 clarissimo

224 1746 392 1835 viro
413 1750 490 1837 N
495 1782 676 1838 oEI,
707 1768 1259 1869 occupatum
1293 1750 1618 1836 iterare
1651 1748 1790 1835 vel
1821 1746 2137 1863 furari,
2180 1785 2339 1840 no-

222 1891 448 1984 bisin
475 1902 896 1987 animum
921 1930 1109 1985 non
1140 1896 1696 2010 induximus,
1732 1898 1988 2017 cujus
2012 1904 2342 1988 versio-

219 2079 409 2135 nem
455 2046 1030 2138 laudavimus
1078 2045 1483 2158 abunde,
1534 2081 1822 2171 quum
1874 2070 2340 2138 auctorem

214 2199 901 2288 nominavimus
947 2195 1119 2287 Sed
1157 2197 1572 2321 quaedam
1610 2197 1737 2283 illi
1777 2200 2103 2290 omissa
2144 2234 2340 2321 pas-

212 2348 366 2435 sim
402 2348 985 2474 collegimus3
1021 2367 1335 2436 caetera
1378 2347 1698 2435 talium
1738 2348 2156 2437 studiosis
2190 2350 2339 2439 ille

210 2496 291 2582 in
321 2499 639 2622 amplo
680 2529 843 2586 suo
883 2497 1309 2587 thesauro
1347 2501 1843 2620 composita
1875 2500 2338 2622 praebebit.

322 2650 506 2737 Nos
575 2645 1084 2771 poenitebat
1150 2645 1442 2770 quod,
1505 2669 1885 2774 urgente
1948 2651 2340 2776 impigro

205 2797 818 2887 Classicorum
868 2796 1257 2909 editore,
1310 2799 1706 2918 spatium
1749 2831 1939 2886 non
1973 2799 2342 2889 daretur

202 2946 307 3034 ad
355 2945 970 3036 conferendos
1017 2947 1683 3067 manuscriptos
1732 2945 2010 3035 libros
2049 2952 2204 3072 qui
2247 2952 2333 3036 in

200 3092 766 3188 bibliotheca
833 3097 1078 3221 regia
1133 3116 1651 3208 servantur3
1704 3095 1930 3184 duos
1988 3119 2342 3187 tantum

195 3247 624 3337 evolvere
693 3244 991 3358 licuit,
1059 3277 1351 3331 unum
1414 3245 1850 3368 sequioris
1906 3267 2142 3335 notae
2208 3253 2288 3337 N
2297 3266 2349 3340 ‚⁰

123 3455 129 3461 -
193 3396 440 3518 7989
473 3398 819 3521 quinto
857 3393 1210 3481 decimo
1251 3393 1574 3481 saeculo
1604 3416 2114 3508 exaratum,
2145 3398 2352 3486 alte-

186 3579 401 3633 rum
438 3545 1093 3653 vetustiorem,
1137 3562 1227 3629 at
1272 3544 1541 3629 nimis
1581 3542 2122 3634 mendosum
2149 3562 2214 3662 ¹3
2263 3570 2351 3638 et

286 3814 302 3839 ¹
327 3816 469 3885 Cui
514 3813 674 3881 haec
715 3809 801 3878 ad
837 3810 1084 3880 calcem
1127 3811 1495 3906 adscripta:

286 3939 465 4003 «Tu
493 3988 514 4015 ‚
566 3931 787 3999 lector
827 3932 1237 4025 quicunque,
1290 3930 1373 3998 ad
1426 3932 1615 4023 cujus
1663 3958 1893 4001 manus
1940 3935 2046 4003 hic
2092 3934 2343 4008 libellus

162 4055 581 4138 obvenerit,
618 4051 928 4142 scriptori
956 4050 1039 4118 da
1063 4052 1352 4135 veniam,
1384 4054 1434 4118 si
1467 4051 1584 4118 tibi
1612 4068 1964 4147 corruptus
1995 4055 2344 4142 videbitur,

167 4177 512 4272 quoniam
543 4195 589 4238 a
610 4170 1110 4263 corruptissimo
1135 4170 1498 4265 exemplari
1521 4173 1974 4266 transscripsit.
1995 4174 2144 4242 Non
2169 4178 2344 4245 enim
