2986 4935
700 436 849 520 304

1227 436 1780 503 C.VALER11
1836 436 2296 505 CATULLI

802 572 1053 646 Invita,
1094 594 1135 634 o
1180 561 1599 660 regina‚'tuo
1643 567 1725 635 de
1771 569 2016 635 vertice
2059 572 2252 654 cessi,

908 676 1126 742 Invita
1156 699 1170 740 ε
1204 674 1435 766 adjuro
1473 687 1669 765 teque
1713 688 2032 767 tuumque
2069 689 2305 769 caput3

798 784 1018 875 Digna
1063 780 1267 864 ferat,
1310 778 1490 872 quod
1537 782 1588 848 si
1633 782 1779 873 quis
1824 782 2107 849 inaniter
2148 780 2483 875 adjurarit.

904 886 1031 955 Sed
1065 889 1177 979 qui
1214 910 1283 954 se
1327 886 1502 952 ferro
1542 886 1830 980 postulet
1871 911 2012 954 esse
2057 886 2333 980 parem?

802 994 922 1062 Ille
953 1017 1218 1086 quoque
1251 1016 1518 1060 eversus
1556 1018 1747 1060 mons
1786 1007 1912 1078 est,
1956 1017 2150 1086 quem
2187 996 2547 1062 maximum
2585 983 2662 1063 in
2698 997 2816 1063 oris

908 1099 1263 1191 Progenies
1287 1097 1468 1165 Thiae
1506 1097 1682 1165 clara
1720 1099 2218 1191 supervehitur3

803 1210 1029 1296 Quum
1063 1203 1245 1271 Medi
1280 1228 1595 1297 peperere
1629 1229 1878 1272 novum
1908 1229 2121 1290 mare,
2153 1230 2491 1299 quumque
2517 1208 2820 1300 juventus

910 1315 1035 1380 Per
1070 1310 1359 1377 medium
1400 1309 1588 1377 classi
1632 1310 1910 1379 barbara
1946 1313 2127 1379 navit
2160 1309 2402 1379 Athon.
2779 1344 2824 1389 ..ι

805 1417 984 1508 Quid
1025 1417 1263 1484 facient
1298 1417 1544 1500 e1·ine8‚
1585 1442 1788 1508 quum
1826 1416 2001 1484 ferro
2034 1415 2186 1485 talia
2219 1415 2494 1486 cedant?

700 1632 926 1685 ‹liaeresis
944 1644 998 1681 ut
1018 1646 1131 1700 sup.
1155 1628 1208 1680 in
1232 1628 1405 1681 Carni.
1425 1628 1514 1689 11,
1540 1647 1558 1679 1
1576 1629 1625 1679 3.
1648 1628 1718 1679 N.

788 1714 877 1780 39.
894 1711 976 1763 Cf.
1004 1711 1151 1779 Virg.
1170 1709 1398 1771 zEn.V1‚
1418 1707 1720 1769 460:·1n-

704 1795 866 1855 vitus,
904 1789 1111 1858 regina,
1140 1801 1230 1839 tuo
1257 1786 1323 1839 de
1348 1788 1500 1838 litore
1523 1786 1665 1839 cessi.
1692 1812 1712 1832 ι.

787 1879 874 1934 40.
916 1871 1107 1937 Adjuro
1145 1880 1277 1938 teque
1312 1880 1532 1937 tuumque
1559 1879 1718 1936 captet.

707 1949 974 2003 Bentleius
1000 1950 1053 1999 in
1075 1948 1165 1999 Fr.
1187 1946 1496 1999 Callimachi
1517 1944 1598 1997 ed.
1623 1946 1721 1996 Er-

708 2030 868 2094 nesti,
903 2049 952 2097 p.
993 2030 1098 2081 582
1119 2065 1132 2086 ,
1168 2045 1231 2078 ex
1264 2026 1493 2096 Etymol.
1527 2026 1722 2093 Magno

711 2110 907 2181 profert
922 2110 1078 2160 verba
1092 2106 1398 2159 Callimachi
1415 2106 1514 2156 sic:
1538 2132 1557 2150 u
1569 2106 1719 2166 Στζντε

706 2193 853 2260 adp-m
894 2190 1097 2258 ὤμοσα,
1129 2188 1209 2238 σόν
1244 2206 1295 2237 τε
1333 2184 1450 2238 cccv.
1473 2211 1493 2230 ι
1532 2185 1725 2253 Adjuro

710 2283 864 2340 caput
884 2309 896 2332 ,
922 2269 978 2319 h.
1003 2287 1047 2317 e.
1076 2287 1169 2337 per
1188 2278 1345 2336 caput
1362 2303 1375 2327 ,
1401 2284 1495 2334 per
1515 2277 1593 2328 te;
1614 2262 1722 2315 vid.

710 2349 776 2400 de
808 2349 909 2400 hoc
951 2344 1205 2415 loquendi
1247 2362 1436 2413 genere
1473 2344 1723 2395 Dracken-

713 2428 869 2479 borch.
896 2424 963 2479 ad
988 2425 1081 2477 Sil.
1108 2424 1219 2475 Ital.
1237 2423 1399 2482 VIII,
1440 2442 1457 2474 x
1474 2424 1564 2474 05.

794 2516 879 2562 .31.
926 2508 1096 2573 Junge
1119 2521 1130 2553 :
1154 2503 1284 2573 quod
1321 2500 1422 2562 (sc.
1469 2501 1652 2570 caput)
1686 2509 1730 2554 si

711 2594 814 2660 quis
838 2600 933 2637 cte.
967 2585 1019 2635 h.
1055 2602 1098 2634 e.
1136 2609 1155 2628 ι
1182 2584 1220 2633 si
1243 2581 1357 2652 quis
1385 2602 1476 2651 per
1505 2595 1552 2632 te
1582 2601 1726 2633 coni·

712 2668 909 2718 miserit
931 2662 1219 2735 perjurium
1238 2702 1252 2725 ,
1272 2660 1479 2730 dignam
1504 2661 1604 2711 hoc
1627 2681 1729 2713 sce·

715 2748 822 2798 lere
844 2746 952 2796 luat
974 2760 1200 2813 poenam.
1229 2769 1248 2787 .-

797 2824 991 2887 43-46.
1027 2823 1244 2873 Maxima
1284 2823 1336 2873 in
1374 2819 1689 2890 quibusdam
1713 2859 1728 2885 ,

717 2901 1112 2957 male.—-Nihil
1128 2941 1142 2965 ‚
1164 2900 1358 2952 nedum
1376 2920 1582 2952 comam
1601 2901 1730 2952 mol·

718 2988 819 3037 lem
861 2996 913 3035 et
952 2996 1182 3034 teneram
1210 3021 1224 3045 ,
1268 2995 1370 3033 tani
1416 2980 1632 3031 firmum
1680 2994 1729 3031 et

715 3063 947 3117 validum
972 3082 1101 3125 esse,
1125 3073 1183 3111 ut
1202 3061 1341 3111 ferro
1362 3060 1595 3111 resistere
1617 3076 1732 3129 pos-

714 3148 775 3198 sit
787 3179 802 3203 ‚
828 3144 1013 3215 probat
1025 3141 1264 3210 exemplo
1275 3140 1468 3192 montis
1480 3139 1703 3190 Athonis
1713 3177 1728 3201 ,

715 3225 805 3296 qui
822 3262 837 3287 ‚
862 3223 982 3274 licet
1011 3221 1287 3271 altissimus
1306 3219 1728 3288 vastissinmsque

715 3304 898 3364 fuerit,
942 3314 1113 3352 tamen
1154 3318 1182 3349 a
1219 3300 1414 3362 Xerxe,
1449 3298 1504 3349 in
1542 3298 1730 3349 Graios

712 3381 982 3442 tendente,
1013 3380 1149 3430 ferro
1172 3379 1477 3429 transfossus
1496 3390 1729 3428 transna-

719 3463 1027 3532 vigatusque,
1040 3458 1119 3510 sit.
1138 3490 1211 3497 --
1230 3458 1465 3508 Mentem
1489 3455 1728 3507 Athonem

718 3548 891 3608 knunc
918 3539 1084 3591 Monte
1115 3527 1290 3603 Samo)
1323 3537 1374 3587 in
1416 3535 1524 3587 oris
1554 3536 1729 3587 Mace·

713 3620 887 3673 doniae
908 3617 1193 3669 maximum
1210 3656 1223 3680 ,
1237 3636 1263 3667 a
1281 3615 1493 3686 planitie
1514 3616 1566 3666 in
1587 3634 1730 3666 mare

717 3704 786 3771 75
812 3700 1196 3768 mill.passuum
1220 3708 1599 3758 excurrentem,
1618 3708 1731 3765 post

712 3784 841 3835 alios
860 3776 1134 3847 descripsit
1149 3775 1314 3826 Solin.
1337 3775 1527 3844 Polyb.
1546 3794 1593 3825 c.
1623 3792 1643 3826 1
1664 3793 1682 3825 ι
1709 3794 1724 3838 ;

709 3879 871 3934 quem
915 3856 1035 3910 vide
1083 3875 1204 3908 cum
1248 3854 1427 3906 multis
1470 3852 1537 3905 ad
1595 3852 1725 3905 Stat.

700 3934 976 4002 Theon,
1001 3938 1067 3989 35
1084 3956 1097 4001 3
1115 3947 1247 3986 nost.
1266 3932 1392 3985 edit.
1416 3946 1542 3985 torn.
1566 3935 1643 3993 11,
1668 3952 1721 4003 p.

721 4023 846 4081 254.
872 4020 968 4069 En.
988 4018 1068 4069 Cf.
1093 4016 1225 4066 Plin.
1246 4014 1345 4077 1v,
1370 4010 1557 4076 xo‚ubi
1572 4014 1724 4082 plura

711 4102 744 4151 Χ
765 4112 960 4150 etei-um
985 4098 1094 4147 lora
1115 4108 1165 4146 et
1184 4092 1253 4144 de
1274 4107 1450 4145 monte
1466 4130 1482 4155 ‚
1499 4106 1549 4142 et
1565 4090 1633 4143 de
1647 4110 1723 4156 re,

1808 1645 1924 1698 quae
1976 1628 2138 1679 Xerxi
2181 1629 2433 1680 tribuitur
2454 1668 2469 1693 ,
2515 1629 2825 1701 exponenda

1808 1707 2049 1759 excitavit
2069 1708 2230 1760 Hard.
2248 1710 2394 1760 Inter
2407 1709 2612 1761 fabulas
2630 1729 2745 1762 rem
2761 1726 2829 1761 re-

1809 1787 1909 1838 fert
1932 1785 2056 1838 Juv.
2091 1789 2175 1852 X,
2202 1790 2342 1857 173:
2381 1815 2403 1834 ι
2423 1786 2676 1841 Creditur
2705 1790 2826 1841 olim

1808 1865 2112 1919 velificatus
2127 1867 2293 1919 Athos
2309 1902 2324 1928 ‚
2344 1880 2395 1918 et
2407 1865 2674 1939 quidquid
2689 1869 2830 1922 Grn-

1809 1946 1888 1997 cia
1911 1944 2135 1997 mendax
2161 1944 2335 1998 Audet
2356 1947 2408 1999 in
2433 1947 2670 1999 historia.
2701 1977 2728 1995 ι

1895 2031 1923 2086 4
1935 2031 1963 2087 4
1973 2065 1984 2076 .
1999 2027 2192 2076 Phthia»
2202 2027 2391 2078 Venet.
2408 2025 2617 2097 Gryph.
2629 2028 2826 2080 Mutet.

1813 2105 1991 2155 Pkita‘oe
2030 2105 2084 2155 in
2123 2105 2276 2156 MSS·
2315 2106 2485 2158 Statii.
2528 2105 2717 2175 Clytia·
2735 2150 2750 2172 ,
2787 2120 2832 2159 et

1813 2182 2031 2244 deinde,
2057 2197 2209 2237 aucto
2229 2224 2243 2251 ,
2264 2197 2319 2236 ut
2335 2186 2431 2250 ait,
2445 2184 2677 2257 judicio,
2702 2189 2835 2240 Tkiae

1811 2260 2094 2332 legendum
2124 2281 2230 2314 esse
2268 2277 2442 2317 censet
2456 2266 2712 2331 Vossius,
2749 2267 2835 2339 qui

1813 2343 1984 2412 longis
2015 2343 2322 2413 ambagibus
2346 2344 2534 2396 Medos
2564 2342 2699 2398 inde
2735 2348 2835 2400 ori·

1814 2421 1986 2475 undos
2023 2441 2128 2474 esse
2165 2421 2358 2476 docere
2398 2421 2584 2477 studet.
2606 2456 2690 2466 —-
2713 2429 2838 2479 Pm-

1810 2507 1972 2571 genies
2004 2504 2139 2554 Thiae
2170 2504 2306 2553 clara
2346 2518 2419 2556 est
2457 2504 2572 2568 Sol,
2595 2504 2760 2560 Th'iae
2791 2519 2839 2559 et

1815 2582 2132 2652 Hyperionis
2160 2582 2299 2634 filius
2319 2620 2334 2647 ‚
2378 2597 2435 2635 ut
2469 2597 2607 2635 recte
2649 2584 2840 2639 docuit

1814 2662 2081 2713 Bentleius
2116 2662 2170 2713 in
2205 2675 2313 2713 not.
2340 2661 2407 2713 ad
2439 2663 2495 2717 h.
2525 2663 2560 2714 l.

1898 2746 1926 2802 4
1939 2742 1987 2792 5.
2018 2741 2232 2811 Irrupere
2252 2741 2464 2812 Gryph.
2479 2742 2747 2797 Muretus.
2764 2778 2839 2788 -

1816 2821 2046 2889 pepulere
2073 2820 2335 2890 ingeniose
2358 2822 2583 2891 conjecit
2612 2821 2843 2889 Statius,

1814 2900 1978 2970 quiin
1998 2900 2242 2951 omnibus
2264 2901 2419 2975 MSS.
2439 2902 2844 2976 inveneratpm·

1809 2999 1939 3048 pere.
1976 2980 2062 3031 Sic
2096 2997 2252 3050 supra
2289 2980 2463 3033 Carm.
2504 2982 2715 3047 LXIV,
2752 2989 2842 3041 58,

1815 3059 2043 3110 Theseus
2077 3059 2208 3109 vada
2232 3060 2411 3129 pellere
2441 3064 2579 3112 remis
2619 3059 2841 3117 dicitur.

1815 3171 1890 3179 --
1908 3140 2172 3206 Proper-are
2186 3140 2418 3210 Scaliger
2432 3180 2447 3204 ‚
2463 3152 2524 3192 ut
2541 3140 2844 3197 infinitivus

1814 3237 1912 3287 pro
1957 3230 2195 3288 tempore
2240 3217 2457 3271 definito
2505 3220 2585 3272 sit.
2619 3252 2711 3263 ——
2740 3224 2846 3276 Pm

1815 3301 2022 3365 irrupere
2068 3298 2180 3349 Nic.
2222 3299 2454 3349 Heinsc’us
2498 3299 2551 3350 in
2593 3302 2746 3353 notis
2777 3301 2844 3356 ad

1817 3376 2007 3427 Catull.
2034 3378 2233 3429 mavult
2254 3398 2449 3448 rupem,
2480 3382 2624 3449 quod
2659 3381 2846 3452 ipsum

1818 3455 1869 3507 in
1887 3453 2086 3508 Codice
2104 3457 2307 3525 optimo
2323 3458 2642 3510 Commelini
2661 3479 2847 3515 exara·

1817 3548 1929 3586 tum
1952 3553 2060 3586 esse
2075 3548 2286 3588 testatur
2302 3538 2608 3589 Burmannus
2623 3539 2704 3593 ad
2726 3544 2846 3595 val.

1818 3613 1986 3667 Flacc.
2014 3616 2038 3664 1
2057 3652 2073 3678 ‚
2106 3614 2156 3667 3.
2182 3616 2413 3686 Rumpere
2436 3636 2568 3667 mare
2588 3632 2672 3670 est
2700 3639 2850 3674 mm

1817 3714 1988 3745 secare.
2010 3721 2087 3735 ——
2114 3694 2359 3747 Nostram
2387 3696 2677 3749 lectionem
2694 3737 2711 3763 ‚
2737 3703 2848 3771 pri-

1815 3792 1962 3825 mum
1989 3792 2019 3825 a
2039 3774 2226 3825 Vossio
2249 3777 2598 3846 propositam,
2623 3778 2744 3845 jam
2768 3800 2852 3832 κ-

1813 3865 2066 3924 ceperunt
2078 3851 2248 3905 editor
2262 3855 2508 3907 Cantabr.
2526 3868 2577 3906 et
2587 3855 2638 3904 V
2645 3858 2854 3929 ulpius.

1813 3960 1891 3972 —-
1932 3934 2159 4002 Peperere
2179 3969 2195 3994 ‚
2243 3947 2563 4003 aperuerunt
2586 3974 2601 3997 ,
2645 3937 2849 3990 fremui

1814 4013 2075 4075 fecerunt,
2094 4011 2314 4063 exscisso
2339 4026 2518 4063 monte
2530 4051 2545 4075 ,
2564 4014 2724 4083 quod
2739 4036 2854 4069 m.-

1812 4093 1890 4159 gis
1908 4090 2194 4161 poeticum.
