2986 4935
679 529 824 614 264

1203 533 1274 597 C.
1318 533 1749 598 VALERll
1808 532 2267 599 CATULLI

781 666 949 730 Tum
995 688 1152 730 vero
1191 662 1424 748 facim,
1460 678 1534 730 ut
1575 666 1847 732 memori
1890 665 2006 733 tibi
2049 663 2317 732 condita
2358 665 2557 733 corde

791 772 939 836 Haec
987 771 1247 862 vigeant
1293 769 1637 851 mandata,
1683 796 1804 838 nec
1852 770 1978 837 ulla
2018 768 2322 838 obliteret
2363 785 2550 853 aetas3

793 878 913 959 Ut,
954 873 1142 941 simul
1174 898 1251 942 ac
1299 889 1556 943 nostros
1592 877 1872 943 invisent
1905 875 2149 944 lumina
2190 874 2420 959 colleS‚

784 986 1130 1047 Funestam
1178 996 1480 1048 antenna:
1518 982 1853 1074 deponant
1896 983 2185 1075 undique
2223 997 2498 1067 vestem,

784 1086 1210 1179 Candidaque
1248 1089 1468 1154 intorti
1512 1088 1854 1156 sustollant
1888 1089 2031 1157 vela
2064 1088 2409 1173 rudenteS‚
2730 1121 2800 1158 ,κε

786 1192 1036 1259 Lucida
1084 1218 1212 1285 qua
1256 1192 1601 1285 splendent
1642 1197 1877 1262 summi
1921 1194 2255 1263 carchesia
2295 1193 2485 1277 mali3

786 1301 1293 1390 Quamprimum
1334 1323 1608 1367 cernens
1646 1316 1719 1367 ut
1758 1300 1900 1368 laeta
1940 1300 2174 1393 gaudia
2217 1316 2435 1368 mente

792 1409 1193 1496 Agnoscam,
1235 1430 1435 1496 quum
1476 1421 1540 1472 te
1578 1407 1881 1473 reducem
1916 1421 2069 1474 aetas
2099 1430 2418 1501 prospera
2445 1410 2652 1475 sistet.
2687 1439 2718 1470 n

685 1575 742 1619 tis
774 1570 966 1620 statius
998 1581 1047 1617 et
1083 1570 1324 1635 Scaligei.
1359 1568 1456 1618 Sed
1481 1570 1697 1620 Vossius

684 1649 953 1719 antiquius
973 1647 1099 1716 quid
1121 1646 1445 1698 subodorans
1460 1686 1475 1710 ‚
1493 1662 1547 1698 ut
1567 1667 1696 1700 vers.

691 1749 716 1778 2
733 1747 754 1778 1
776 1748 792 1780 ι
811 1769 824 1793 ,
837 1727 958 1778 fecit
975 1725 1098 1777 inde
1110 1727 1378 1776 Erechthea
1393 1748 1411 1787 ;
1427 1726 1569 1795 quod
1589 1747 1700 1779 am·

685 1810 853 1859 babus
873 1808 1095 1875 arripuit
1117 1806 1362 1876 VulpiuS.
1391 1838 1465 1846 -—
1490 1807 1552 1857 In
1574 1805 1695 1857 edit.

687 1890 874 1938 Venet.
903 1886 1113 1955 Gryph.
1142 1887 1332 1936 Ματρί.
1361 1900 1408 1936 et
1437 1885 1548 1935 aliis
1575 1886 1697 1955 legi-

687 1981 772 2018 tur
788 2006 801 2028 ‚
842 1966 1088 2026 defendere
1130 1978 1260 2015 suc-ta
1301 1967 1380 2016 vel
1423 1978 1554 2015 sueta
1598 1980 1666 2015 est
1686 1987 1703 2025 ;

690 2044 832 2097 unde
865 2047 982 2097 Nic.
1005 2045 1183 2097 Heius.
1204 2046 1256 2095 in
1286 2059 1392 2096 not.
1415 2044 1480 2096 ad
1511 2046 1701 2096 Catull.

687 2127 938 2192 defendere
961 2130 1129 2175 avitas.
1170 2158 1245 2165 —-
1280 2128 1381 2175 Pro
1410 2128 1556 2190 fretis
1592 2138 1701 2175 ten·

690 2208 833 2257 tabat
856 2207 1201 2257 Mitscherliclc.
1233 2205 1309 2265 (in
1335 2205 1497 2272 Epist.
1521 2204 1701 2255 Critic.

692 2289 741 2335 iu
774 2286 1078 2354 Apollotlor.
1108 2306 1160 2354 p.
1197 2290 1286 2352 47,
1319 2279 1626 2348 158)c1·etih.
1659 2304 1702 2332 e.

690 2365 817 2425 filii;
840 2363 929 2415 sed
957 2362 1106 2413 valde
1132 2362 1317 2413 dubito
1335 2403 1349 2424 ,
1370 2382 1434 2412 an
1463 2375 1615 2412 cre-tus
1639 2363 1704 2412 si·

691 2464 755 2494 ne
776 2445 1031 2514 regimine
1050 2443 1342 2511 significare
1364 2441 1704 2510 possitfilium.

690 2524 826 2574 Mihi
858 2524 952 2592 ipsi
982 2524 1109 2574 olim
1138 2523 1188 2571 in
1216 2534 1441 2571 mentem
1469 2523 1706 2573 veniebat

691 2604 940 2667 defendere
963 2602 1179 2659 udorsc's;
1205 2601 1292 2651 sed
1307 2602 1448 2664 fret-'s
1476 2599 1679 2652 doctius
1694 2639 1707 2662 ,

693 2681 928 2751 gumias,
949 2695 997 2732 et
1023 2680 1184 2748 magis
1208 2679 1467 2748 poeticum
1493 2693 1567 2731 est
1585 2700 1598 2741 ;
1619 2701 1710 2750 po·

693 2762 767 2812 sui
797 2774 968 2812 autem
1000 2760 1158 2810 verba
1191 2762 1316 2824 (hece
1342 2778 1508 2828 usque
1532 2759 1596 2810 ad
1622 2780 1707 2809 an-

694 2845 800 2892 nuit
817 2882 829 2902 ,
854 2853 910 2891 ut
931 2840 1132 2892 facilius
1151 2838 1400 2890 orationis
1418 2856 1582 2889 nexus
1603 2839 1709 2890 ani-

697 2920 1053 2972 madvertatur
1083 2958 1096 2980 ,
1151 2920 1201 2970 in
1265 2917 1580 2988 parenthesi.
1632 2952 1708 2959 --

699 3004 846 3069 Quod
879 3000 966 3051 tibi
1005 3004 1048 3049 si
1078 3012 1228 3050 sance.
1259 3009 1358 3048 etc.
1394 2997 1583 3049 Sensus
1613 3017 1626 3048 :
1655 2999 1706 3048 Si

696 3082 857 3132 sancti
886 3080 1028 3130 Itoni
1054 3078 1222 3129 incola
1247 3118 1259 3141 ‚
1289 3078 1341 3127 h.
1385 3095 1428 3127 e.
1467 3076 1706 3128 Minerva

696 3156 836 3232 (quae
860 3161 1034 3210 favere
1059 3172 1108 3209 et
1133 3174 1361 3209 annuere
1384 3156 1510 3206 solet
1540 3155 1705 3207 fiden-

696 3241 729 3290 ti
757 3246 932 3290 animo
960 3249 1167 3307 gentem
1192 3248 1421 3286 nostram
1448 3247 1498 3285 et
1523 3236 1704 3286 urbem

694 3315 977 3370 defendere
998 3313 1451 3385 aggredientibus)
1485 3315 1584 3365 hoc
1612 3314 1705 3366 tibi

692 3395 1028 3457 concesserit,
1059 3409 1114 3445 ut
1141 3394 1389 3462 stinguine
1411 3392 1547 3444 tauri
1579 3392 1706 3444 dex-

694 3490 826 3529 tram
862 3493 1130 3544 respergas
1154 3464 1368 3540 (ornate
1401 3491 1500 3541 pro
1524 3473 1706 3542 vulga·

694 3557 766 3618 ri,
787 3567 843 3605 ut
866 3554 1228 3604 Minotaurum
1250 3548 1478 3613 occidas)
1505 3564 1615 3602 tum
1642 3552 1711 3604 fa-

693 3637 796 3687 cito
825 3647 921 3685 etc.
957 3666 1036 3673 —
1072 3634 1235 3683 Itonus
1258 3632 1364 3682 sive
1393 3631 1528 3681 Itone
1555 3632 1709 3700 oppi-

692 3713 820 3766 dum
848 3713 1158 3771 Thessaliae,
1197 3711 1286 3763 ubi
1324 3709 1709 3762 nobilissimum

689 3795 942 3846 Minervae
962 3792 1219 3862 templum
1241 3801 1564 3841 exstructum
1591 3789 1710 3853 fuit,

691 3874 834 3926 unde
848 3874 1102 3924 Minervae
1121 3869 1320 3922 cultum
1339 3866 1406 3919 ad
1432 3868 1710 3920 Athenien·

688 3973 768 4004 ses
793 3952 1052 4005 transi-isse
1076 3946 1306 4000 tradunt.
1326 3945 1452 3998 Vid.
1470 3948 1709 4000 Voss,—

691 4034 894 4083 Lenzius
905 4034 957 4082 in
969 4029 1210 4100 Spicileg.
1224 4026 1474 4077 Observv.
1489 4027 1711 4079 similem

691 4113 819 4164 huic
838 4112 954 4161 loco
969 4107 1222 4160 orationis
1243 4107 1465 4157 formam
1479 4104 1711 4157 animad-

687 4194 842 4250 vertit
860 4186 1007 4257 apud
1036 4187 1251 4237 Homer.
1281 4184 1343 4234 Il.
1363 4185 1434 4248 V,
1464 4186 1572 4252 259
1597 4205 1706 4256 sqq.

1874 1573 1937 1621 23
1957 1589 1999 1620 1.
2040 1571 2145 1620 Tibe
2175 1571 2369 1622 condita
2395 1576 2596 1639 vigeant
2614 1591 2804 1623 memor.

1789 1651 1916 1700 cord.
1950 1650 2205 1719 exquisite
2228 1669 2326 1720 pro
2349 1651 2526 1701 condas
2550 1654 2727 1704 animo.

1873 1728 2001 1780 233.
2033 1728 2191 1780 Simul
2218 1730 2321 1780 kaec
2352 1729 2406 1780 in
2443 1749 2551 1781 uno
2583 1744 2635 1782 et
2671 1735 2816 1783 sa‘nul

1791 1810 1863 1858 hic
1910 1810 1961 1858 in
2001 1806 2209 1860 duobus
2248 1806 2400 1861 MSS.
2443 1809 2625 1875 Statii,
2664 1811 2810 1880 quod

1795 1888 2049 1957 posterius
2073 1887 2160 1938 ille
2178 1889 2383 1960 probat.
2400 1920 2478 1929 —-
2497 1889 2704 1940 Nostros
2728 1903 2810 1942 tua

1797 1971 1946 2017 visent
1986 1969 2132 2017 lintea
2170 1967 2313 2017 colles
2333 2007 2347 2029 ,
2380 1969 2609 2038 conjecit
2645 1966 2812 2021 Hein-

1793 2048 1895 2096 sius
1924 2049 1976 2098 in
2004 2058 2112 2098 not.
2145 2046 2209 2097 ad
2235 2046 2528 2101 Catullum.

1877 2126 2002 2189 234.
2034 2127 2227 2177 Funest.
2268 2138 2386 2178 vest.
2424 2123 2600 2179 velu‘m
2637 2128 2810 2180 ferru-

1793 2206 2020 2272 gineum.

1880 2287 2005 2336 236.
2049 2286 2259 2336 Exsulat
2292 2286 2380 2337 hic
2403 2305 2584 2338 versus
2614 2287 2667 2337 in
2696 2306 2811 2339 om·

1795 2364 1946 2414 uibus
1969 2363 2118 2415 libris
2145 2363 2293 2415 MSS.
2323 2377 2373 2415 et
2401 2361 2555 2416 editt.
2573 2379 2700 2418 vett.
2725 2367 2815 2419 Ci-

1794 2456 1931 2495 tatur
1955 2444 2043 2495 ille
2069 2463 2096 2494 a
2120 2444 2327 2507 Nonio;
2355 2454 2405 2495 et
2438 2462 2608 2513 quum
2633 2446 2816 2500 Mure·

1797 2536 1876 2573 tus
1912 2525 1965 2574 in
2010 2524 2234 2593 antiquis
2264 2523 2415 2574 libris
2449 2537 2570 2594 post
2604 2539 2816 2580 antece-

1796 2600 2003 2653 dentem
2029 2621 2235 2654 versum
2263 2616 2465 2654 tantum
2489 2603 2546 2655 in
2569 2604 2678 2656 illis
2699 2625 2818 2675 spa·

1798 2681 1855 2733 tii
1880 2700 2143 2752 superesse
2163 2679 2606 2735 animadverteret
2621 2722 2639 2748 .,
2657 2703 2823 2755 quan·

1800 2775 1908 2811 tum
1945 2762 2064 2813 satis
2101 2773 2231 2812 esset
2256 2762 2350 2812 uni
2380 2762 2554 2813 versui
2581 2765 2820 2816 scriben-

1798 2838 1895 2902 do,
1923 2844 2038 2910 jure
2073 2840 2382 2909 postliminii
2420 2839 2570 2894 hunc
2607 2861 2819 2896 versum

1799 2918 2150 2971 revocandum
2182 2933 2231 2971 et
2258 2919 2311 2971 in
2333 2920 2438 2971 hoc
2463 2920 2584 2972 loco
2615 2941 2819 2992 ponen-

1798 2999 1928 3050 dum
1949 3000 2162 3050 censuit.
2183 3031 2262 3040 —-
2282 2998 2415 3050 Mihi
2438 2998 2655 3054 videtur
2673 3001 2825 3054 addi·

1797 3091 2087 3130 tamentum
2115 3079 2261 3129 scioli
2284 3075 2558 3149 cujusdam
2578 3118 2594 3143 ‚
2624 3083 2716 3152 qui
2739 3083 2820 3134 lo·

1795 3176 1913 3209 cum
1943 3196 1957 3220 ,
2003 3158 2094 3209 ubi
2145 3156 2367 3209 eandida
2406 3157 2525 3209 vela
2574 3178 2821 3231 suspensa

1798 3238 2019 3301 fuerint,
2052 3236 2298 3289 disertius
2317 3235 2620 3291 describere
2647 3241 2822 3293 vellet.

1795 3349 1872 3356 —
1893 3317 2057 3368 Aliter
2078 3317 2273 3379 sentim
2296 3313 2561 3388 siquidem
2587 3318 2823 3372 Catullus

1795 3414 1971 3446 rerum
2013 3395 2369 3466 descriptione
2407 3394 2632 3465 gaudet3
2667 3400 2736 3452 cf.
2769 3418 2819 3450 v.

1805 3498 1820 3525 ι
1836 3472 1905 3527 83
1918 3515 1928 3526 .
1944 3474 2094 3526 N.·-—-
2108 3474 2366 3527 Carchese'a
2381 3474 2530 3538 mali,
2547 3496 2672 3548 pars
2695 3479 2822 3531 mali

1798 3567 2026 3604 extrema
2041 3593 2056 3618 ‚
2076 3554 2184 3606 sive
2200 3555 2476 3614 foramina,
2493 3572 2616 3624 que
2629 3557 2686 3610 in
2699 3558 2823 3609 mali

1798 3633 2123 3685 extremitate
2171 3634 2320 3686 funes
2371 3634 2658 3704 recipiunt.
2701 3629 2821 3703 (Τὰ

1801 3711 1928 3780 ἄκρα
1961 3719 2055 3762 τῶν
2100 3713 2247 3764 ἱστῶν
2289 3707 2561 3782 Hesych.)
2590 3714 2824 3769 vicun-

1799 3791 1983 3859 primis
2015 3791 2287 3858 Scheff'ems
2320 3791 2388 3844 de
2427 3791 2588 3846 Milit.
2634 3794 2821 3848 Nanl.

1799 3871 1883 3930 11,
1912 3871 1976 3935 5,
2004 3890 2055 3941 p.
2092 3878 2217 3934 144.
2253 3894 2330 3906 --
2359 3872 2627 3925 Dicuntur
2663 3876 2824 3927 &wida

1801 3951 2043 4017 splendere
2069 3948 2211 4003 haud
2241 3949 2404 4003 dubie
2427 3951 2575 4005 ferm
2600 3956 2688 4007 vel
2714 3974 2827 4008 me·

1802 4029 1926 4079 tallo
1945 4070 1958 4095 ,
1984 4030 2175 4099 quibus
2201 4029 2430 4084 obducta
2457 4045 2509 4085 et
2531 4034 2827 4102 praemuni·

1801 4121 1847 4159 ta
1873 4109 2104 4162 fuerunt.

1888 4187 2017 4240 238.
2057 4187 2171 4239 Sors
2200 4207 2425 4259 prospera
2453 4190 2670 4261 Grypb.
2701 4193 2828 4244 nu-
