2986 4935
615 438 759 506 302
1135 440 1211 505 C.
1252 438 1686 505 VALERII
1745 437 2210 504 CATULLI

826 572 1204 663 Cognoram
1238 593 1276 636 a
1315 593 1518 663 parva
1551 569 1804 661 virgine
1840 568 2353 660 magnanimum.

720 680 908 746 Anne
939 675 1187 744 bonum
1222 675 1423 744 oblita
1454 701 1525 743 es
1564 674 1852 758 facinus,
1887 698 2022 766 quo
2059 676 2316 766 regium
2349 673 2590 768 adepta
2620 698 2683 740 es

826 783 1225 875 Conjugium
1250 835 1268 863 ‚
1312 781 1492 874 quod
1537 806 1673 849 non
1720 779 1957 848 sortior
1997 780 2167 848 ausit
2211 778 2375 848 alis?

722 887 850 956 Sed
883 903 1022 956 tum
1053 902 1285 955 moesta
1319 889 1535 954 virum
1570 887 1877 969 mittens,
1910 910 2055 978 quae
2083 885 2290 953 verba
2325 883 2550 955 locuta
2584 881 2674 953 es!

824 997 1117 1088 Jupiter,
1162 1008 1235 1060 ut
1272 995 1439 1061 tristi
1478 992 1725 1060 lumina
1766 1016 1938 1085 saepe
1979 987 2214 1059 manu!
2701 1022 2745 1056 ι.

725 1102 892 1188 Quis
926 1115 990 1168 te
1024 1100 1305 1166 mutavit
1339 1113 1562 1167 tantus
1595 1095 1828 1167 Deus?
1859 1123 1942 1165 an
1971 1097 2148 1190 quod
2178 1113 2476 1167 amantes

826 1207 975 1273 Non
1015 1204 1208 1306 longe
1247 1230 1284 1272 a
1321 1230 1476 1275 caro
1508 1230 1789 1299 corpore
1820 1203 2047 1272 abesse
2082 1202 2359 1272 volunt?

621 1460 668 1496 et
705 1459 857 1495 tumen
879 1484 893 1506 ,
926 1441 1069 1512 quod
1102 1442 1188 1493 hic
1220 1461 1432 1512 quoque
1464 1442 1642 1492 locum

628 1527 821 1579 habere
884 1535 1069 1592 potest.
1110 1554 1186 1563 —
1227 1519 1365 1572 Mens
1415 1521 1592 1571 excidit
1625 1541 1642 1572 :

631 1603 936 1675 Apollonius
964 1598 1140 1652 Rhod.
1174 1602 1252 1652 ΙΙΙ
1270 1640 1284 1664 ,
1327 1605 1432 1669 961
1456 1619 1468 1651 :
1493 1590 1565 1653 fix
1593 1596 1642 1650 δ’

633 1686 731 1754 ἄρα
767 1686 807 1734 οἱ
857 1676 1031 1751 κραδίη
1068 1683 1308 1750 ’στηθέων
1355 1682 1523 1732 πέσεν.
1566 1711 1646 1720 -

638 1766 789 1834 Atqui
831 1781 920 1830 ego
956 1774 1151 1812 certem.
1174 1766 1558 1828 magnammam;
1605 1758 1647 1808 si

632 1843 703 1895 sic
749 1840 970 1910 legimus
997 1879 1012 1904 ,
1049 1837 1405 1910 supplendum
1447 1853 1522 1891 est
1563 1851 1647 1889 te:

637 1921 743 1974 vid.
784 1937 955 1990 supra.
986 1952 1066 1960 —
1091 1946 1112 1965 ι
1137 1919 1289 1970 Certe
1332 1931 1505 1970 tamen
1552 1937 1647 1988 ego

632 1998 1040 2072 (inquitComa‚
1067 1996 1133 2049 ad
1169 2017 1357 2049 novam
1375 1997 1652 2050 Berenices

631 2083 701 2133 ob
716 2079 888 2132 mariti
904 2077 1182 2130 discessum
1198 2077 1358 2129 animi
1374 2078 1648 2129 mollitiem

629 2150 1248 2231 respondens)‚magnum
1266 2170 1315 2208 et
1336 2157 1526 2208 sortem
1547 2155 1654 2207 ani·

636 2258 780 2290 mum
808 2258 836 2289 a
864 2239 1035 2308 prima
1072 2250 1217 2288 aetate
1245 2236 1298 2286 in
1336 2250 1386 2287 te
1412 2233 1652 2287 animad-

637 2332 910 2370 verteram.
956 2343 976 2361 ι
1039 2318 1169 2367 Rem
1228 2315 1449 2367 illustrat
1508 2314 1655 2366 locus

640 2397 836 2469 Hygini
878 2397 1020 2446 Poet.
1073 2397 1369 2446 Astronom.
1420 2396 1506 2455 ΙΙ,
1544 2401 1651 2455 24:

641 2504 660 2520 κ
672 2476 1127 2529 HancBerenicem
1143 2476 1384 2525 nonnulli
1407 2493 1526 2525 cum
1540 2473 1655 2527 Cal-

640 2556 868 2608 limacho
885 2553 1130 2604 dixerunt
1145 2572 1307 2623 equos
1323 2555 1461 2604 alere
1475 2591 1490 2617 ‚
1513 2566 1562 2605 et
1585 2552 1654 2603 ad

643 2633 893 2704 Olympia
920 2633 1122 2683 mittere
1152 2646 1450 2684 consuetam
1480 2634 1653 2684 fuisse.

646 2714 745 2765 Alii
789 2712 973 2764 dicunt
1027 2711 1129 2762 hoc
1182 2712 1437 2781 amplius,
1481 2713 1654 2762 Ptole·

642 2813 831 2846 maeum
851 2832 865 2856 ,
899 2791 1173 2842 Berenices
1207 2804 1437 2861 patrem,
1480 2791 1656 2843 multi-

643 2871 825 2925 tudine
868 2871 1095 2922 bostium
1133 2871 1500 2941 perterritum,
1539 2871 1658 2940 fuga

640 2955 857 3005 salutem
880 2950 1086 3021 petiisse
1105 2990 1119 3014 ,
1140 2951 1301 3002 filiam
1327 2964 1502 3003 autem
1526 2968 1659 3020 saepe

645 3044 945 3084 consuetam
977 3030 1207 3081 insiliisse
1243 3030 1298 3081 in
1336 3049 1533 3100 equum
1555 3070 1569 3094 ,
1611 3042 1660 3081 et

647 3113 900 3183 reliquam
939 3109 1193 3161 exercitus
1234 3111 1436 3180 copiam
1475 3109 1662 3161 consti·

646 3194 801 3244 tuisse
834 3203 883 3242 et
917 3190 1212 3259 complures
1236 3189 1465 3240 hostium
1501 3189 1660 3240 inter-

648 3273 850 3331 fecisse,
895 3270 1125 3338 reliquos
1163 3269 1216 3319 in
1259 3269 1433 3337 sugam
1484 3269 1661 3336 conje-

647 3353 800 3410 cisse,
835 3367 933 3418 pro
962 3366 1069 3418 quo
1111 3348 1266 3399 etiam
1308 3347 1664 3399 Callimachus

649 3449 760 3481 eam
796 3427 1180 3497 magnanimum
1205 3426 1368 3490 dixit,
1391 3440 1486 3477 etc.
1522 3453 1542 3471 ·

732 3528 818 3577 ²7·
846 3507 996 3574 Quod
1022 3509 1199 3574 regium
1227 3508 1414 3556 Venet.
1452 3506 1660 3576 Gryph.

652 3620 731 3629 —
759 3589 918 3657 Quam
966 3589 1143 3656 regium
1189 3586 1241 3638 in
1290 3586 1437 3637 MSS.
1481 3586 1665 3648 Statii,

652 3666 793 3721 unde
834 3666 1039 3720 Gabriel
1068 3666 1284 3717 Faernus
1324 3665 1448 3717 fecit
1490 3685 1663 3735 quarm

650 3748 834 3801 melior
856 3746 1011 3799 lectio
1039 3758 1113 3796 est
1138 3758 1309 3796 nostra
1325 3783 1340 3807 ‚
1366 3763 1482 3814 quae
1501 3758 1666 3798 exstat

648 3831 699 3879 in
724 3826 1044 3880 editionibus
1066 3824 1291 3886 Mureti,
1311 3824 1509 3887 vossii,
1532 3824 1666 3875 Can-

646 3909 776 3959 tahr.
801 3905 995 3959 Graevii
1016 3944 1031 3967 ‚
1060 3905 1226 3974 Vulp.
1241 3903 1510 3955 -Bonum
1530 3906 1663 3969 saci-

646 4008 734 4037 mas
772 4006 791 4036 .·
832 3985 1072 4038 innuitur
1125 3983 1316 4035 sactum
1390 3983 1660 4052 quoddam

642 4066 905 4134 egregium
929 4104 942 4127 ‚
982 4082 1089 4134 quo
1123 4065 1298 4127 frater,
1333 4075 1391 4114 ut
1428 4082 1658 4115 sororem

1732 1441 1788 1491 in
1815 1440 2212 1496 matrimonium
2240 1439 2483 1508 duceret,
2501 1443 2759 1517 impulsus

1733 1521 1888 1571 fuisse
1934 1519 2170 1584 videtum
2204 1520 2609 1592 intelligendum
2652 1525 2757 1578 sor·

1735 1612 1863 1651 tasse
1892 1613 1967 1651 est
1988 1597 2123 1652 illud
2145 1600 2347 1672 ipsum,
2378 1601 2524 1671 quod
2554 1622 2757 1662 memo-

1735 1691 1814 1730 rat
1837 1678 2080 1749 Hyginus
2105 1681 2139 1732 l.
2159 1681 2196 1733 l.

1823 1763 1910 1812 28.
1951 1759 2102 1826 Quod
2137 1779 2231 1812 non
2248 1761 2432 1827 sortc'or
2469 1766 2614 1816 ausit
2650 1768 2761 1816 evis

1738 1838 1926 1889 Venet.
1967 1838 2177 1909 Gryph.
2206 1840 2418 1908 —Quo
2452 1860 2549 1896 noa
2580 1844 2764 1907 sortitu

1738 1920 1864 1967 ausit
1906 1918 1995 1968 alis
2027 1919 2298 1984 Muretus,
2332 1920 2765 1981 commodissime

1740 2015 1859 2047 sane
1876 2033 1892 2059 ‚
1927 1996 2026 2049 nisi
2059 1998 2259 2068 ingrata
2285 1998 2528 2069 repetitio
2557 2007 2641 2054 τοῦ
2667 2022 2767 2073 quo

1738 2073 2283 2145 offenderet—Quod
2307 2098 2403 2134 mm
2428 2080 2607 2142 sortior
2629 2082 2772 2134 haud

1740 2156 1804 2204 sit
1830 2156 1922 2206 alis
1952 2156 2006 2206 in
2039 2157 2288 2209 omnibus
2314 2158 2466 2211 MSS.
2493 2158 2642 2213 Smii
2666 2199 2685 2224 ,
2712 2174 2770 2214 et

1742 2234 1813 2285 sic
1837 2235 1959 2304 legit
1985 2255 2195 2306 quoque
2221 2237 2464 2307 Scaliger.
2494 2238 2595 2291 Sed
2618 2231 2774 2294 reete

1742 2333 1842 2384 pro
1861 2327 1947 2365 aut
1965 2318 2029 2366 sit
2049 2316 2334 2386 repositum
2356 2330 2430 2369 est
2442 2322 2588 2382 ausit,
2609 2318 2776 2389 quod

1742 2412 1885 2445 nunc
1908 2393 1960 2445 in
1988 2395 2233 2466 plurimis
2261 2395 2410 2449 editt.
2436 2412 2673 2469 apparet.
2700 2401 2774 2451 As

1745 2473 1856 2525 Nic.
1910 2476 2138 2527 Heinsius
2171 2476 2227 2527 in
2270 2477 2408 2529 notis
2459 2476 2527 2530 nd
2565 2479 2772 2532 catull.

1744 2552 1880 2605 vires
1916 2555 2111 2625 ingenii
2140 2556 2439 2626 periclitans
2472 2558 2572 2625 legi
2606 2559 2776 2627 jubet

1745 2632 1825 2683 vel
1855 2654 1946 2702 quo
1965 2654 2058 2686 non
2072 2637 2255 2701 sostim·
2278 2628 2407 2707 (pro
2416 2628 2661 2704 saeuior)
2683 2658 2780 2690 au·

1746 2712 1823 2761 dit
1860 2716 1961 2763 avis
1978 2734 1996 2765 :
2027 2715 2107 2766 vel
2147 2734 2240 2785 quo
2275 2735 2369 2768 non
2392 2719 2577 2782 sortior
2603 2718 2781 2771 bausit

1750 2792 1952 2864 Halyn,-
1987 2806 2234 2846 neutrum
2253 2833 2267 2858 ‚
2309 2808 2469 2864 pute,
2501 2796 2783 2851 lectorum

1747 2871 1988 2942 plausum
2014 2873 2161 2925 feret.
2195 2906 2273 2914 ——
2302 2875 2450 2941 Quod
2468 2894 2560 2926 non
2579 2877 2788 2942 sortior

1751 2954 1878 3001 ausit
1901 2953 1993 3002 alis
2008 2992 2024 3014 ,
2050 2978 2071 2998 ι
2094 2954 2247 3023 quale
2267 2972 2424 3007 nemo
2449 2954 2581 3009 alius
2599 2972 2628 3009 e
2656 2956 2788 3011 for-

1751 3030 1972 3083 tioribus
2001 3033 2260 3102 suscipere
2280 3031 2515 3089 audeat.·
2540 3034 2662 3085 Alis
2681 3054 2793 3093 ιιι-

1751 3109 1894 3178 tique
1921 3129 2020 3181 pro
2042 3112 2165 3163 alius
2182 3132 2201 3162 .·
2229 3112 2302 3164 sic
2324 3113 2509 3185 sapius
2531 3113 2639 3164 alid
2669 3134 2788 3184 pro

1752 3189 1891 3239 aliud
1916 3189 2049 3241 dixit
2078 3192 2370 3245 Lucretius.

1835 3289 1924 3337 29.
1959 3269 2060 3320 Sed
2093 3290 2197 3321 cum
2231 3272 2381 3323 Voss.
2407 3271 2600 3327 -Sed
2629 3285 2690 3324 tu
2721 3276 2786 3328 in

1753 3346 2082 3417 quibusdam.
2100 3382 2177 3391 —-
2195 3350 2396 3407 Mittam
2413 3357 2567 3404 virum
2586 3371 2604 3403 .·
2624 3355 2784 3406 conf.

1751 3428 1947 3480 Tibull.
1981 3429 2037 3490 1,
2063 3435 2089 3481 3
2108 3467 2122 3492 ,
2153 3449 2205 3498 9.
2406 3425 2409 3429 ’

1839 3508 1927 3561 3ο.
1963 3509 2121 3561 Teme
2141 3510 2195 3561 in
2225 3512 2511 3564 nonnullis.
2529 3541 2607 3551 —
2624 3511 2788 3583 Jupi-

1756 3600 1828 3638 ter
1855 3579 2181 3655 ut(H1'mmel
2209 3582 2330 3655 wie)
2376 3591 2445 3642 cf.
2482 3589 2547 3645 ad
2588 3591 2787 3646 Cam.

1754 3668 1852 3728 IV.
1884 3686 1935 3736 7.
1966 3697 2046 3706 —
2064 3670 2213 3720 Tristi
2235 3687 2335 3738 pro
2359 3674 2545 3723 trivisti.

1837 3746 1925 3799 31.
1971 3749 2155 3801 Tamus
2194 3748 2356 3814 Deus,
2407 3762 2510 3803 tam
2545 3763 2747 3821 potem
2771 3770 2787 3805 ε

1751 3827 1982 3897 intellige
2003 3830 2273 3881 Amorem.
2301 3827 2542 3882 Laudant
2557 3831 2612 3882 in
2635 3828 2790 3883 hanc

1751 3925 1862 3958 rem
1890 3907 2080 3978 virgil.
2111 3911 2232 3960 AEn.
2275 3910 2334 3973 Ι,
2372 3912 2486 3978 718
2506 3947 2521 3973 ‚
2555 3936 2578 3957 ι
2603 3909 2791 3963 Inter·

1751 3984 1879 4038 dum
1928 3985 2132 4057 gremio
2178 3987 2349 4054 fove13
2397 3989 2558 4045 insci·
2597 3987 2754 4042 Dido
2770 4029 2791 4055 ,

1751 4063 1945 4117 Insidat
1972 4078 2196 4136 quantus
2223 4068 2423 4122 miserae
2456 4066 2602 4121 deus.
2626 4095 2646 4115 ι
