2986 4935
940 411 1063 480 CA
1085 411 1390 482 RMEN
1445 414 1577 481 XI.
2231 415 2320 485 61

504 547 657 614 Sive
700 544 770 612 in
813 557 1143 613 extremos
1184 545 1559 639 penetrabit
1599 544 1836 631 Indos»,

513 653 701 720 Litus
742 665 820 719 ut
859 649 1056 745 longe
1094 666 1446 721 resonante
1481 653 1625 720 an

1259 758 1591 827 Tunditur
1624 758 1839 845 unda3

514 864 667 932 Sive
711 865 780 932 in
825 864 1182 951 Hircanos‚
1215 864 1600 960 Arabasque
1646 863 1913 954 molles,
2316 900 2338 937 s

522 971 655 1041 Seu
690 973 920 1058 Sacae,
964 971 1493 1066 sagittiferosque
1530 972 1844 1060 Parthos,

520 1079 675 1146 Sive
710 1101 842 1171 qua
877 1080 1434 1174 septemgeminus
1470 1077 1725 1148 colorat

198 1309 259 1362 tis
273 1309 474 1381 ingemi
495 1321 706 1381 poetam
722 1347 738 1373 ,
757 1308 948 1380 passim
965 1308 1229 1360 veteribus

199 1388 504 1464 laudatum,
536 1401 590 1440 et
615 1390 679 1441 L.
710 1389 984 1442 Aurelium
1017 1390 1227 1441 Cottam

202 1484 484 1540 pretorem
502 1509 518 1537 ,
547 1470 639 1539 qui
671 1470 840 1540 legem
858 1467 1230 1539 promulgavit

203 1548 267 1601 de
278 1548 501 1620 judiciis
517 1551 741 1619 equestri
760 1547 934 1600 ordini
955 1549 1229 1600 restituen-

202 1628 293 1683 dis.
320 1628 430 1683 Sed
460 1641 605 1681 recte
630 1627 834 1699 judicat
851 1628 1080 1699 Vulpius
1097 1664 1113 1689 ‚
1140 1627 1231 1679 vix

202 1712 496 1781 quiequam
517 1708 646 1761 certi
671 1708 740 1761 de
772 1709 872 1760 illis
902 1705 1231 1780 pronuntiari

203 1809 351 1860 posse
365 1822 384 1849 ‚
412 1806 585 1860 quum
605 1789 786 1859 plures
803 1789 1023 1839 omnino
1041 1786 1234 1838 fuerint

204 1870 263 1922 iis
309 1869 650 1941 temporibus
703 1881 809 1920 tam
856 1868 1033 1932 Furii,
1073 1883 1233 1937 quam

205 1949 426 2002 Aurelii.
468 1949 583 2001 Nec
624 1946 838 2001 eosdem
882 1947 1040 2000 fuisse
1071 1959 1201 2016 puto
1220 1983 1235 2011 ‚

206 2048 340 2101 quos
363 2029 509 2081 infra
528 2030 729 2082 acerbis
756 2027 991 2080 versibus
1022 2027 1236 2078 insecta-

208 2124 311 2174 tur,
324 2110 609 2162 Aurelium
622 2126 814 2179 nempe
826 2108 880 2159 in
890 2108 1065 2160 Carm.
1080 2106 1212 2158 XXI
1223 2144 1239 2170 ,

210 2190 433 2242 Furium
474 2189 531 2241 in
573 2187 750 2242 Carm.
788 2188 998 2240 XXIII.
1035 2185 1240 2238 Comites

214 2270 406 2323 canati
418 2310 435 2333 ,
461 2288 553 2322 me
569 2268 886 2333 comitaturi,
901 2285 1108 2320 mecum
1127 2265 1241 2318 adi·

212 2351 315 2403 turi
329 2349 706 2402 remotissimas
722 2362 871 2401 terrae
890 2361 1076 2419 partes,
1091 2345 1243 2398 Idem

215 2444 467 2503 tanquam
488 2429 836 2483 certissimum
856 2447 991 2482 veras
1007 2427 1247 2480 amicitiae

212 2523 593 2580 argumentum
637 2522 898 2580 exspectat
933 2509 1182 2560 Horatius
1216 2524 1248 2558 a

216 2590 498 2662 Septimio,
519 2587 630 2642 Od.
651 2590 744 2643 lib.
760 2589 844 2651 11,
862 2608 948 2648 vr,
970 2606 992 2639 1
1016 2606 1029 2640 ε
1051 2587 1253 2657 «septi-

218 2671 296 2724 mi
312 2706 328 2734 ,
351 2668 532 2724 Gades
552 2667 761 2722 aditure
783 2686 1021 2732 meeum,
1045 2680 1095 2720 et
1118 2668 1253 2721 Can-

217 2752 433 2803 tabrum
456 2747 737 2802 indoctum
757 2751 882 2820 juga
900 2748 1040 2800 ferre
1059 2761 1254 2810 nostra,

220 2844 275 2883 et
300 2831 560 2883 Barbara»
580 2830 783 2900 Syrtes,
806 2829 897 2881 ubi
920 2829 1105 2881 Maura
1126 2846 1256 2880 sem-

224 2929 324 2982 per
349 2914 557 2962 AEstuat
579 2907 754 2961 unda·
775 2931 790 2973 ;
814 2909 910 2962 ubi
929 2910 1083 2980 plura
1100 2909 1259 2977 hujus

222 2992 430 3061 generis
445 2989 691 3061 exempla
710 2989 950 3043 excitavit
960 2989 1084 3042 clar.
1105 2988 1228 3041 Jani
1243 3025 1258 3051 ,

224 3071 394 3122 notu-i
412 3069 519 3121 loci
543 3087 654 3120 non
679 3069 979 3122 immemor.

315 3168 365 3202 a.
380 3149 490 3201 Alii
492 3153 776 3218 periurat-it.
797 3149 1081 3219 Perperam
1100 3166 1114 3201 ε
1134 3165 1259 3200 nam

227 3230 466 3300 seqnitur
480 3246 635 3281 versu
647 3248 793 3281 nono
802 3227 1261 3298 gradatum—Sive

228 3312 286 3360 ιἰι
313 3321 549 3361 extr-ems
575 3328 686 3379 pen.
721 3309 884 3363 Indos.
906 3308 1139 3361 Extremi
1164 3326 1260 3360 vo·

228 3400 425 3442 eantur
451 3386 604 3452 Indi,
635 3402 693 3442 ut
719 3407 841 3442 mox
878 3408 956 3442 vs.
987 3408 1009 3441 1
1028 3411 1048 3439 1
1073 3428 1088 3451 ‚
1108 3388 1266 3439 ultimi

230 3469 475 3521 Britanni
514 3482 769 3539 tanquam
804 3467 1134 3520 remotissimi
1160 3486 1260 3538 po-

230 3549 368 3620 puli.
390 3545 598 3601 Eodem
617 3566 771 3600 sensu
787 3546 933 3619 apud
951 3547 1262 3602 Ciceronem

232 3626 393 3681 India
418 3639 642 3681 vocatur
669 3640 879 3679 extr-ema
896 3669 913 3693 ,
936 3628 1093 3680 Verr.
1121 3628 1193 3692 V,
1215 3645 1261 3679 c.

234 3709 357 3763 654
375 3720 432 3761 et
458 3706 535 3762 sic
563 3707 754 3780 passim
780 3719 1022 3760 extrema
1052 3726 1157 3760 orae
1183 3706 1264 3759 di·

232 3800 436 3841 cuntur
466 3789 552 3841 vel
581 3805 683 3859 pro
715 3785 896 3851 India,
927 3786 1013 3840 vel
1040 3806 1139 3857 pro
1166 3786 1267 3840 alia

230 3884 557 3940 quumque
574 3866 843 3919 remotiori
860 3867 1071 3938 regione
1083 3867 1136 3918 in
1150 3867 1269 3919 ulti-

234 3965 331 4002 ιιο
348 3950 501 4020 quasi
522 3946 669 3999 orbis
685 3946 911 4000 termino
931 3964 995 3997 ex
1020 3947 1268 4016 opinione

240 4030 501 4080 Veterum
519 4027 631 4080 sita.
657 4025 743 4081 Cf.
762 4026 1125 4079 Burmannum
1153 4025 1267 4078 Sec.

192 4099 199 4104 ’
233 4106 309 4161 ad
340 4107 565 4161 Amhol.
585 4107 745 4160 Tom.
776 4106 831 4171 I,
860 4125 915 4177 p.
955 4107 1089 4171 264,
1116 4107 1268 4174 ἰσχα-

1314 1326 1389 1359 rot
1422 1302 1613 1376 ἀνδρῶν
1649 1306 1885 1360 Homero
1915 1321 2037 1362 sunt
2073 1309 2346 1380 AEthiopes

1316 1384 1508 1456 Odyss.
1545 1388 1572 1438 1
1593 1426 1609 1452 ,
1643 1405 1804 1439 xx111.

1399 1466 1451 1518 3.
1474 1468 1641 1535 Longe
1672 1467 1753 1518 uba·
1779 1467 1891 1518 litus
1915 1469 2177 1523 nonnulli.
2206 1470 2348 1521 Litus

1319 1558 1372 1598 ue
1396 1548 1538 1616 longe
1555 1558 1820 1599 resonante.
1845 1554 1912 1600 Τὸ
1939 1560 2024 1611 ut,
2047 1549 2120 1601 sic
2140 1549 2349 1602 Graeco·

1317 1644 1439 1679 rum
1470 1627 1552 1679 ἴνα
1577 1666 1592 1691 ,
1620 1638 1696 1679 est
1722 1627 1819 1680 ubi.
1843 1628 1924 1680 Ita
1955 1629 2134 1682 Carm.
2155 1630 2349 1694 XVII,

1328 1725 1417 1759 10.
1438 1705 1525 1763 Cf.
1548 1705 1707 1760 Cerd.
1726 1705 1796 1759 ad
1810 1707 1970 1779 ‚Virg.
1992 1710 2192 1772 AEn.V‚
2218 1710 2350 1777 329.

1321 1818 1401 1828 ——
1419 1787 1534 1838 an
1555 1788 1685 1839 unda
1703 1800 1780 1840 est
1795 1807 1941 1840 mare
1957 1787 2212 1842 orientem
2230 1809 2350 1842 ver-

1321 1885 1408 1918 sus
1422 1905 1437 1931 ‚
1463 1867 1705 1920 Oceanus
1718 1906 1733 1932 ‚
1749 1865 1892 1920 unde
1912 1887 2123 1939 surgere
2140 1871 2357 1940 putaba-

1324 1958 1410 1998 tur
1426 1948 1634 1999 Aurora
1648 1987 1662 2009 ,
1680 1949 1795 2008 ἠὼς.
1815 1949 1981 2018 Longe
1998 1968 2172 2000 sonans
2187 1950 2357 2020 expri-

1327 2025 1422 2078 mit
1438 2024 1574 2078 illud
1595 2028 1938 2080 Homericum
1955 2028 2328 2097 πολὺφλοισόον.

1414 2107 1466 2159 5.
1488 2105 1599 2158 Sice
1619 2110 1669 2158 in
1690 2108 1953 2169 Hie-canos,
1978 2108 2140 2159 Arab·
2174 2110 2352 2163 molles.

1329 2187 1542 2238 Hit-cani
1561 2187 1695 2238 Asiae
1727 2186 1927 2258 populi.
1956 2190 2156 2240 Arabes
2180 2202 2356 2242 autem

1330 2264 1582 2318 dicuntur
1600 2267 1782 2330 molles,
1808 2266 1933 2337 quia
1952 2267 2226 2320 clementia
2247 2270 2358 2322 caeli

1333 2347 1538 2398 emollit
1552 2360 1603 2398 et
1621 2360 1847 2400 enervat.
1862 2348 2015 2398 Tener
2031 2349 2196 2400 Arabs
2214 2348 2360 2420 apud

1331 2426 1534 2479 Tibull.
1564 2427 1648 2493 11,
1675 2445 1751 2492 11,
1775 2433 1838 2492 4,
1868 2427 1958 2480 ubi
1984 2427 2091 2482 vid.
2122 2431 2362 2486 Broukh.

1419 2511 1473 2560 6.
1504 2507 1815 2560 Passeratius
1835 2510 1890 2560 in
1912 2522 2013 2563 vet.
2042 2509 2275 2581 quodam
2298 2512 2366 2564 li-

1336 2588 1435 2638 bro
1480 2589 1835 2659 cotirifhrosque
1851 2629 1867 2652 ‚
1907 2590 2097 2642 collato
2137 2591 2365 2662 Virgilio

1338 2666 1550 2719 AEneid.
1574 2668 1652 2731 X,
1681 2671 1787 2737 169
1805 2707 1821 2732 ‚
1842 2671 1896 2720 in
1923 2670 2156 2740 margine
2176 2671 2246 2723 H.
2269 2672 2367 2725 lib.

1334 2748 1747 2818 pharetriserosve.
1786 2747 1890 2799 Sed
1928 2763 2115 2801 nostrae
2155 2750 2368 2804 lectioni

1341 2826 1599 2880 addicunt
1636 2828 1754 2878 libri
1784 2829 1892 2879 fere
1928 2846 2111 2880 omnes
2146 2846 2160 2880 :
2201 2830 2365 2884 modo

1341 2907 1584 2959 observes
1630 2907 1896 2960 Catullum
1911 2943 1927 2969 ,
1970 2926 2119 2960 more
2155 2908 2371 2963 Graeco-

1345 3006 1462 3038 rum
1482 3026 1497 3051 ,
1514 2984 1747 3058 spondaei
1765 2989 1884 3038 loco
1903 2988 1958 3039 in
1977 2989 2140 3039 altera
2157 2990 2374 3058 regione

1345 3067 1576 3137 posuisse
1618 3066 1905 3119 trochaeum
1922 3104 1939 3130 ‚
1971 3080 2031 3118 ut
2060 3086 2215 3119 versu
2259 3069 2325 3124 15
2351 3109 2369 3135 ‚

1347 3148 1516 3199 Pauca
1540 3149 1759 3198 nunciate
1786 3166 1901 3198 meoe
1911 3147 2106 3217 puelloe.
2139 3149 2377 3203 —Sacoe

1345 3225 1533 3297 populi
1568 3226 1797 3296 proximi
1847 3226 2075 3297 Scythis.
2096 3260 2177 3269 —
2200 3231 2382 3283 Parthi

1348 3308 1612 3377 sagittiferi
1622 3347 1638 3370 ‚
1688 3307 1876 3377 populi
1931 3307 2162 3360 Orientis
2183 3349 2196 3370 ,
2243 3312 2375 3365 mira

1350 3385 1653 3439 dexteritate
1690 3388 1894 3455 sagittas
1936 3388 2192 3441 tractandi
2233 3404 2285 3442 et
2321 3393 2375 3444 in

1353 3466 1473 3536 fuga
1509 3479 1794 3518 retrorsum
1828 3465 2056 3536 jaciendi
2092 3470 2212 3521 satis
2245 3473 2375 3524 noti.

1351 3546 1436 3602 Cf.
1466 3548 1717 3599 Burman.
1742 3545 1860 3599 Sec.
1888 3544 1958 3599 ad
1989 3547 2228 3619 Propert.
2257 3553 2372 3614 111,

1352 3646 1462 3683 vn.
1497 3625 1526 3678 5
1537 3632 1597 3689 4,
1617 3637 1669 3676 et
1696 3643 1830 3695 quos
1847 3627 1920 3678 ibi
1939 3626 2133 3680 laudat.

1436 3725 1489 3775 7.
1506 3705 1616 3757 Sive
1628 3708 1714 3777 qui
1732 3706 1786 3756 in
1802 3705 1927 3758 edit.
1944 3706 2008 3758 R.
2021 3722 2072 3759 et
2092 3709 2146 3760 in
2165 3710 2381 3780 quibus·

1354 3783 1477 3838 dam
1507 3785 1632 3837 Stat.
1654 3784 1803 3837 MSS.
1831 3785 1886 3838 in
1916 3787 2097 3839 Maffei
2128 3790 2220 3841 lib.
2252 3811 2375 3861 que,

1355 3863 1499 3917 unde
1513 3863 1794 3934 legendum
1809 3879 1961 3935 putat
1972 3867 2099 3920 Stat.
2118 3872 2383 3940 quoe.V0s-

1355 3946 1460 3998 sius
1489 3963 1556 3997 ex
1582 3944 1711 3998 libb.
1732 3945 1995 3999 veteribus
2009 3985 2026 4010 ‚
2044 3945 2111 3999 ad
2133 3968 2266 4019 quos
2286 3972 2380 4005 sm-

1357 4042 1426 4095 pe
1451 4036 1737 4098 provocat,
1770 4025 1973 4096 profert
1997 4032 2103 4097 quis
2134 4048 2234 4101 pro
2271 4038 2379 4104 qui-

1359 4106 1461 4159 bus.
1478 4103 1674 4157 ——MS.
1709 4124 1731 4157 ι
1751 4104 1854 4158 165
1870 4143 1887 4171 ,
1910 4106 2026 4158 Bib.
2054 4108 2117 4160 R.
2137 4129 2255 4180 que,
2278 4113 2312 4164 i.
2337 4132 2383 4166 e.
