2986 4935
729 493 863 537 122

1243 473 1321 538 C.
1354 471 1794 538 VALERII
1851 470 2321 542 CATULLI

1033 603 1201 690 Quae
1246 616 1543 670 sanctum
1588 600 1896 686 Idalium,
1934 605 2262 699 Syrosque
2301 622 2561 699 apertos
2584 661 2603 693 ,

1033 710 1330 801 Quaeque
1369 711 1677 792 Ancona,
1711 709 2129 805 Cnidumque
2161 711 2631 781 arundinosam

1032 813 1246 896 Colis,
1273 838 1549 907 quaeque
1588 815 2027 901 Amathunta,
2064 842 2339 911 quaeque
2369 819 2654 913 GolgOS,

1033 922 1332 1014 Quaeque
1374 921 1861 1005 Durrachium,
1900 922 2111 991 Adriae
2146 924 2521 1011 tabernam3

1034 1031 1397 1120 Acceptum
1437 1027 1615 1112 face,
1645 1027 2102 1122 redditumque
2140 1045 2403 1114 votum,

1033 1134 1099 1202 Si
1141 1157 1276 1201 non
1319 1129 1710 1227 inlepidum,
1748 1160 1959 1227 neque
1994 1135 2411 1205 invenustum
2454 1153 2569 1205 est.

1034 1244 1122 1308 At
1163 1264 1279 1307 vos
1322 1242 1572 1307 interea
1610 1241 1828 1308 venite
1864 1243 1929 1308 in
1964 1242 2180 1335 ignem
2206 1293 2224 1323 ,

1029 1343 1214 1413 Pleni
1251 1347 1418 1414 ruris
1456 1361 1524 1414 et
1564 1345 2034 1432 inficetiarum,

1031 1451 1315 1520 Annales
1351 1450 1619 1538 Volusi,
1657 1467 1879 1521 cacata
1914 1454 2161 1521 charta.

723 1684 783 1724 ut
799 1689 943 1741 supr.
967 1667 1286 1732 Carm.VII‚
1313 1667 1366 1735 5,
1380 1668 1572 1737 Jupiter
1586 1686 1617 1719 a
1634 1669 1740 1740 Ly-

722 1752 809 1803 bia
829 1750 1000 1802 arenis
1023 1761 1291 1808 aestuante,
1311 1748 1400 1801 ubi
1428 1748 1518 1800 ille
1540 1746 1742 1799 coleba-

729 1842 850 1894 tur,
874 1827 1047 1880 dictus
1075 1840 1149 1880 est
1177 1839 1419 1879 oestuosus.
1450 1830 1529 1879 De
1551 1827 1742 1896 apertis

721 1907 946 1980 Assyriae
982 1907 1284 1978 regionibus
1318 1907 1495 1959 locum
1528 1906 1742 1959 Cicero-

720 1990 802 2042 nis
819 1987 885 2040 de
902 1988 1222 2039 Divination.
1234 1986 1280 2049 Ι,
1298 2004 1318 2037 1
1341 1984 1620 2039 commode
1636 1988 1741 2056 jam

721 2068 954 2121 laudavit
968 2067 1182 2118 Vossius
1198 2105 1214 2129 ,
1239 2084 1394 2135 quem
1413 2065 1707 2118 adscribam
1726 2082 1739 2115 :

728 2147 957 2218 «Assyrii
981 2186 991 2196 .
1013 2187 1025 2199 .
1042 2187 1054 2199 .
1073 2186 1085 2197 .
1104 2159 1321 2218 propter
1338 2145 1613 2215 planitiem
1633 2163 1741 2196 ma-

722 2227 1160 2299 gnitudinemque
1177 2225 1449 2295 regionum
1467 2262 1480 2280 ‚
1503 2243 1631 2294 quas
1662 2225 1740 2274 in-

722 2308 964 2361 colebant
987 2344 1002 2367 ,
1046 2324 1210 2375 quum
1254 2305 1440 2355 caelum
1485 2324 1551 2355 ex
1596 2304 1740 2354 omni

722 2401 871 2458 parte
904 2399 1088 2456 patens
1117 2396 1273 2453 atque
1299 2396 1539 2454 apertum
1570 2383 1741 2435 intue-

722 2481 940 2531 rentur,
982 2469 1221 2534 trajectus
1259 2478 1535 2532 motusque
1570 2462 1739 2514 stella·

721 2567 840 2601 rum
869 2548 1298 2598 observaverunt.
1328 2569 1348 2587 ι

808 2645 829 2678 1
847 2646 897 2677 α.
933 2625 1162 2694 UrIosque
1190 2622 1243 2673 in
1275 2623 1521 2674 omnibus
1551 2620 1740 2674 editio-

721 2706 879 2759 nibus
895 2702 1292 2765 vetustioribus3
1320 2702 1544 2771 intelligi
1566 2714 1739 2752 autem

723 2787 910 2838 volunt
935 2784 1128 2835 incolas
1158 2783 1321 2845 Urioe,
1352 2800 1468 2852 quae
1491 2783 1588 2833 fuit
1618 2781 1744 2831 urbs

722 2865 925 2936 Apuliae
966 2863 1019 2913 in
1046 2862 1130 2913 via
1164 2861 1337 2930 Appia
1376 2880 1482 2912 non
1526 2861 1676 2929 longe
1713 2878 1742 2910 a

723 2943 959 2996 Venusio
982 2940 1203 3007 distans,
1229 2942 1322 2992 ubi
1350 2943 1529 2991 Venus
1551 2940 1739 2991 solem·

724 3025 780 3077 ni
800 3022 960 3076 modo
983 3022 1037 3073 in
1057 3020 1248 3073 celebri
1270 3020 1468 3090 templo
1491 3019 1630 3071 culta
1657 3019 1738 3070 sit.

724 3105 862 3157 Hinc
886 3105 1047 3154 Venus
1073 3102 1260 3171 Appias
1287 3098 1427 3170 apud
1458 3098 1615 3150 Ovid.
1648 3101 1744 3149 Re·

725 3183 864 3236 med.
895 3188 1073 3235 Amor.
1099 3201 1149 3233 v.
1188 3182 1318 3248 659.
1351 3180 1433 3232 Cf.
1465 3178 1642 3230 Heins.
1674 3175 1741 3228 ad

723 3266 837 3315 Art.
867 3264 984 3313 Am.
1009 3262 1090 3311 111
1109 3299 1123 3325 ,
1155 3261 1285 3322 452.
1312 3259 1413 3311 Sed
1441 3260 1555 3311 aliae
1583 3259 1739 3309 etiam

726 3343 880 3395 urbes
926 3342 1057 3392 Urioe
1087 3338 1335 3403 fuerunt3
1370 3339 1510 3390 conf.
1550 3338 1738 3390 Cellar.

725 3434 834 3474 not.
857 3420 990 3473 Orb.
1011 3417 1187 3488 Antiq.
1213 3419 1276 3468 T.
1308 3420 1355 3478 1,
1384 3419 1478 3470 lib.
1509 3419 1581 3481 11,
1610 3436 1653 3468 c.
1688 3436 1738 3483 9,

725 3521 778 3571 p.
811 3521 940 3569 902.
978 3531 1039 3541 —
1080 3499 1314 3567 Eriosque
1350 3496 1469 3550 Ald.
1508 3497 1742 3563 Uriosque

724 3581 915 3651 Scalig.
929 3580 1165 3649 Ariosque
1179 3577 1306 3629 Stat.
1321 3578 1596 3650 Erycosque
1614 3578 1741 3628 Cor·

728 3658 840 3713 rad.
869 3656 936 3711 de
969 3659 1073 3711 All.
1113 3658 1343 3729 Uriosque
1363 3670 1531 3727 portus
1563 3656 1739 3707 Heius.

726 3739 779 3791 in
809 3753 921 3792 not.
949 3737 1016 3791 ad
1043 3737 1234 3791 Catull.

810 3818 892 3871 13.
922 3820 1097 3871 Ancon
1127 3818 1208 3868 vel
1234 3817 1439 3868 Ancona
1472 3818 1598 3867 urbs
1630 3835 1739 3868 ma-

725 3898 899 3951 ritima
935 3898 989 3949 in
1031 3915 1159 3967 agro
1201 3897 1413 3947 Piceno.
1447 3898 1621 3947 Ancon
1647 3914 1739 3946 au-

727 3992 829 4030 tem
850 3991 927 4029 est
939 3977 1179 4029 usitatius
1193 3975 1470 4027 veteribus.
1484 3974 1610 4027 vid.
1634 3976 1742 4027 Ou-

726 4056 983 4127 dendorp.
1011 4055 1080 4107 ad
1104 4056 1232 4107 Caes.
1261 4055 1385 4106 Bell.
1415 4056 1534 4107 civ.
1558 4057 1613 4118 1,
1652 4073 1672 4107 ι
1692 4074 1708 4107 ι
1725 4096 1736 4106 .

728 4137 809 4188 Cf.
839 4136 1152 4204 wesseling.
1178 4131 1246 4186 ad
1271 4139 1463 4186 Anton.
1485 4136 1619 4203 Aug.
1645 4135 1736 4187 lti-

1827 1688 1939 1722 ner.
1966 1689 2023 1740 p.
2051 1690 2142 1723 τοι
2157 1710 2169 1722 .
2187 1702 2268 1713 -
2286 1671 2470 1724 Cnidus
2491 1672 2619 1724 urbs
2637 1671 2834 1725 Doridis

1827 1748 1881 1799 in
1911 1749 2064 1802 Caria
2080 1788 2096 1814 ,
2118 1768 2231 1820 quae
2248 1751 2444 1803 Veneri
2468 1770 2613 1804 sacra
2635 1755 2833 1824 ejusque

1826 1828 1974 1897 signo
2003 1849 2032 1882 a
2059 1830 2319 1883 Praxitele
2352 1831 2558 1901 sculpto
2584 1829 2718 1883 adeo
2747 1850 2832 1882 no·

1826 1907 2027 1961 bilitata
2059 1910 2190 1973 suit,
2223 1924 2283 1962 ut
2316 1910 2469 1962 multi
2500 1908 2568 1962 ad
2607 1909 2737 1962 illud
2760 1912 2832 1962 vi·

1827 1986 2047 2039 sendum
2093 1987 2327 2041 Cnidum
2367 1989 2690 2059 navigarent.
2719 1988 2830 2041 vid.

1827 2067 1967 2120 Plin.
1987 2070 2242 2131 XXXVI,
2269 2069 2320 2121 5.
2344 2068 2428 2120 Cf.
2444 2069 2667 2122 Pausan.
2688 2070 2831 2121 Attio.

1827 2165 1873 2198 c.
1897 2149 1938 2198 1.
1962 2149 2292 2211 Arundinosa,
2322 2137 2583 2200 arundine
2609 2149 2689 2200 vel
2713 2149 2834 2200 cala·

1829 2225 1927 2276 mis
1947 2227 2266 2298 scriptoriis,
2294 2240 2351 2278 ut
2375 2226 2505 2279 trad.
2532 2228 2669 2280 Plin.
2692 2228 2828 2286 XVI,

1832 2303 1902 2355 36
1924 2344 1940 2371 ,
1970 2305 2258 2358 abundans.

1915 2403 1936 2436 1
1952 2393 2001 2448 4.
2023 2388 2282 2449 Amathus,
2305 2385 2565 2456 oppidum
2583 2387 2836 2459 Cypri.—

1833 2463 2041 2535 Golgus,
2072 2465 2284 2535 Golgum
2303 2467 2380 2518 vel
2408 2466 2583 2536 Golgi,
2608 2470 2730 2520 urbs
2745 2467 2839 2537 Cy·

1828 2546 1949 2614 pri,
1983 2546 2123 2597 unde
2144 2548 2322 2598 Venus
2360 2546 2562 2615 Golgia.
2608 2548 2692 2600 Cf.
2721 2549 2836 2598 Val-

1827 2625 2039 2676 ckenar.
2056 2624 2122 2678 ad
2134 2626 2309 2677 locum
2320 2627 2548 2679 Theocr.
2569 2628 2742 2697 paullo
2757 2645 2837 2677 an-

1830 2717 1880 2755 te
1918 2705 2205 2757 laudatum.
2247 2737 2324 2747 —·
2370 2707 2570 2758 Colchos
2606 2708 2663 2758 in
2699 2705 2835 2758 libris

1828 2783 2142 2853 quibusdam
2162 2785 2355 2837 vossii.

1916 2882 1935 2915 ι
1952 2866 2002 2917 5.
2038 2866 2386 2926 Durrachium,
2433 2864 2561 2917 urbs
2599 2862 2833 2917 Maoedo·

1828 2942 1947 3004 niae,
1976 2957 2269 2996 mercatura
2293 2945 2537 3014 inprimis
2564 2945 2691 2996 olim
2713 2944 2837 2996 cele·

1828 3022 1960 3083 bris,
2001 3025 2094 3075 ubi
2127 3024 2297 3093 Illyrii
2330 3038 2381 3076 et
2408 3041 2590 3075 omnes
2622 3022 2830 3076 Hadria·

1827 3102 1989 3153 ticum
2025 3122 2167 3154 mare
2196 3103 2487 3155 accolentes
2515 3103 2837 3172 negotiaban-

1830 3194 1947 3243 tur;
1991 3182 2116 3235 binc
2147 3180 2353 3234 Hadria·
2387 3181 2582 3231 taberna
2609 3194 2831 3235 vocatur.

1828 3260 2011 3312 Multis
2036 3260 2308 3331 descripsit
2336 3262 2471 3313 hanc
2498 3262 2689 3313 urbem
2719 3262 2833 3313 cele·

1828 3340 2109 3393 beri-imam
2129 3341 2543 3393 PalmeriusVet.
2561 3340 2731 3393 Graec.
2750 3340 2830 3391 lib.

1831 3420 1885 3481 Ι,
1916 3438 1961 3471 c.
2006 3439 2090 3487 ¹9·
2128 3453 2206 3462 -—-
2237 3420 2338 3472 Alii
2383 3421 2733 3473 Dure-hactum·
2761 3420 2830 3469 vel

1830 3499 2167 3568 Dyrrachium.

1919 3597 1935 3628 1
1951 3583 2003 3631 6.
2030 3580 2228 3649 Accepe.
2241 3582 2376 3644 sace,
2401 3580 2724 3650 redditumque
2746 3588 2831 3627 vot.

1830 3659 2024 3728 Accipe
2038 3660 2140 3710 hoc
2152 3671 2332 3711 votum
2349 3672 2601 3729 tauquam
2617 3659 2717 3712 rite
2731 3675 2836 3728 per·

1828 3749 2001 3789 actum
2038 3752 2092 3790 et
2132 3740 2397 3801 solutum;
2443 3741 2604 3791 verba
2641 3741 2835 3806 accipet*

1828 3830 1880 3868 et
1908 3818 2098 3868 reddere
2130 3818 2344 3888 proprie
2377 3816 2630 3871 dicuntur
2653 3816 2722 3869 de
2747 3831 2834 3868 ατε

1827 3897 2027 3959 alieno,
2050 3897 2195 3969 quod
2220 3918 2246 3948 a
2272 3896 2512 3949 debitore
2537 3898 2767 3949 redditam
2787 3906 2829 3944 et

1828 3978 2029 4029 solutum
2055 3982 2223 4047 accipie
2248 3975 2492 4029 creditor.

1915 4076 1935 4108 1
1948 4078 2000 4126 9.
2020 4058 2161 4109 ptem·
2176 4063 2292 4108 turis
2312 4058 2444 4109 male
2462 4058 2517 4108 in
2533 4052 2830 4127 quibusdam

1832 4138 2232 4189 vetustioribus.
2263 4138 2343 4189 Cf.
2374 4156 2516 4208 supr.
2540 4136 2725 4197 xxu,
2756 4136 2829 4189 πεί·
