2986 4935
215 388 421 537 Cf
532 407 1362 560 VALERII
1503 410 2359 545 CATULLI

959 690 1615 758 VERONENSIS

1254 907 1329 940 An

517 1071 1340 1164 CORNELIUM
1408 1075 2055 1167 NEPOTEM

1100 1317 1478 1396 LIBER.

779 1565 833 1573 ⁰-—
849 1565 958 1573 ’,-

946 1754 1486 1843 CARMEN
1560 1758 1625 1842 Ι.

531 1950 808 2100 QUO!
856 1996 1035 2065 dono
1080 1995 1370 2089 lepidum
1409 2022 1659 2065 novum
1704 1997 2030 2085 libellum,

527 2104 734 2174 Arida
774 2102 977 2172 modo
1019 2104 1283 2197 pumice
1329 2103 1736 2196 expolitum?

285 2293 311 2316 ⁶
336 2266 470 2350 aa.
502 2294 738 2366 scaliger
767 2294 894 2365 legit
924 2294 1113 2361 Quinti.
1138 2294 1239 2345 Re-

204 2376 399 2430 futatus
411 2378 526 2447 jam
547 2394 579 2427 a
598 2374 882 2427 Passeratio
902 2386 954 2424 et
973 2374 1178 2426 VossiO.

285 2459 428 2511 Ano.
440 2454 681 2509 Modeste
700 2452 909 2507 dedicat
925 2465 1080 2525 poeta
1099 2454 1241 2508 libel·

198 2538 317 2590 lum
353 2553 517 2590 mum
554 2535 802 2589 Cornelio
852 2534 1077 2605 Nepoti,
1126 2546 1239 2586 tan-

198 2636 365 2689 qunm
394 2615 660 2670 benevolo
690 2615 885 2684 ingenii
911 2613 988 2665 sui
1019 2615 1239 2666 aestima-

199 2698 334 2760 tori;
353 2715 420 2751 ac
443 2695 603 2748 simul
621 2694 783 2764 ipsius
802 2692 1035 2747 Cornelii
1055 2691 1238 2746 doctos

196 2777 412 2830 labore·
430 2775 608 2829 multis
625 2773 828 2826 extollit
844 2771 1101 2824 laudibus.

287 2857 550 2909 1.Sen.sus
575 2865 683 2906 est:
712 2854 813 2908 Cui
840 2852 984 2905 dono
1013 2852 1235 2904 offeram

193 2940 376 3007 jocosa
397 2935 657 2995 carmina,
681 2952 822 2986 novo
842 2931 1005 2985 modo
1026 2945 1076 2984 et
1094 2951 1125 2983 a
1142 2951 1235 2984 no·

194 3018 290 3071 stri
318 3014 576 3086 temporis
602 3030 749 3066 more
780 3010 1057 3065 recedente
1089 3030 1119 3063 a
1148 3030 1233 3064 me

193 3100 308 3167 jam
333 3094 612 3147 decantata
630 3106 681 3146 et
699 3090 969 3144 confecta?
991 3092 1121 3158 Quoi
1134 3110 1232 3160 pro

194 3181 278 3228 em·
305 3194 370 3229 ex
402 3174 567 3227 veteri
600 3170 860 3225 scribendi
897 3169 1091 3233 modu,
1124 3169 1228 3223 vid.

194 3255 508 3308 ankhus.
537 3250 606 3305 ad
624 3253 826 3305 Tibull.
855 3252 911 3314 1,
946 3270 978 3321 9
998 3289 1014 3315 ,
1044 3254 1147 3312 64,
1179 3263 1231 3302 et

193 3336 477 3389 observat.
494 3333 714 3386 miscell.
738 3345 865 3385 tom.
890 3333 915 3383 I
933 3370 947 3398 ‚
968 3349 1083 3402 pag.
1109 3329 1226 3393 134.

190 3416 418 3487 Adjecta
437 3414 645 3487 lepidum
660 3425 711 3466 et
723 3431 892 3465 novum
904 3411 1052 3463 nullo
1066 3410 1227 3462 modo

186 3496 261 3549 ad
282 3509 561 3548 externum
588 3493 710 3545 libri
731 3505 977 3546 ornatum
997 3491 1225 3542 referen-

187 3574 263 3628 da
281 3587 431 3638 sunt,
453 3571 604 3645 quod
622 3573 841 3644 putabat
870 3570 1078 3623 doctiss.
1099 3570 1228 3622 Har·

184 3655 348 3709 lesins
372 3655 427 3706 in
448 3653 656 3706 Chrest.
680 3651 824 3703 Poet.
856 3652 968 3702 Lat.
998 3663 1049 3701 et
1071 3650 1119 3701 J.
1144 3651 1221 3701 M.

184 3734 464 3789 [ieiunius
495 3734 549 3785 in
580 3732 785 3784 Clu-est.
809 3730 952 3782 Poet.
990 3729 1127 3780 Nam
1161 3731 1225 3780 le·

176 3814 351 3886 pidem
377 3814 438 3868 h.
468 3813 507 3866 l.
539 3825 617 3864 est
638 3814 916 3883 jocosum,
951 3808 1219 3874 festivum,

180 3896 436 3962 facetum,
450 3893 656 3966 leporis
672 3890 908 3962 plenum.
930 3890 1048 3959 Ipse
1068 3901 1222 3958 poeta

182 3993 302 4028 mox
320 3973 575 4030 carm.VI
589 4005 605 4033 ‚
633 3990 655 4023 1
670 3974 726 4035 6,
753 3969 900 4020 «volo
921 3980 964 4018 te
981 3968 1222 4020 adcoelum

179 4054 355 4127 lepido
378 4074 559 4110 vocare
579 4069 755 4107 versu.
779 4076 800 4098 ι
828 4047 995 4103 Novus
1014 4067 1139 4102 vero
1161 4049 1223 4101 li·

1330 2294 1498 2345 bellus
1533 2293 1742 2357 dicitur,
1782 2295 1927 2366 quod
1966 2297 2204 2350 Catullus
2241 2314 2354 2357 tum

1331 2373 1532 2443 primns
1583 2374 1838 2443 ejusmodi
1887 2378 2064 2446 jocosa
2121 2381 2354 2435 carmina

1328 2454 1526 2524 publici
1543 2453 1671 2523 juris
1687 2455 1925 2508 faciebat.
1939 2457 2055 2509 Pari
2071 2457 2230 2512 modo
2246 2482 2352 2513 car-

1325 2536 1451 2583 mina
1498 2553 1617 2585 ηονα
1670 2549 1923 2588 vocantur
1965 2537 2109 2607 apud
2155 2540 2346 2611 virgil.

1323 2613 1503 2683 Eclog.
1537 2614 1645 2679 111,
1681 2619 1781 2679 86,
1812 2629 1861 2668 et
1895 2635 2027 2667 novoe
2041 2617 2175 2685 fides
2200 2620 2349 2690 apud

1324 2692 1630 2757 Horatium,
1659 2694 1761 2746 Od.
1794 2715 1917 2747 xxvi
1937 2734 1951 2760 ,
1982 2700 2347 2754 1o.—Nimis

1318 2786 1586 2841 argutantur
1624 2775 1781 2826 Doer.
1832 2775 1886 2826 in
1930 2777 2093 2828 verbo
2141 2798 2338 2845 novum,

1320 2851 1465 2922 quod
1513 2855 1668 2924 plane
1712 2867 1973 2906 recentem
2014 2856 2243 2921 librum,
2287 2875 2345 2913 ut

1320 2932 1520 2984 Gallice
1560 2932 1788 2984 dicimus
1832 2955 1897 2984 un
1938 2937 2052 2985 livre
2091 2956 2337 3004 nouveau,

1318 3032 1425 3064 non
1444 3031 1633 3082 genere
1652 3033 1791 3064 novo
1810 3015 2167 3086 conscriptum
2186 3018 2344 3088 signi·

1316 3093 1437 3144 {icat
1465 3109 1477 3142 :
1509 3111 1735 3163 namque
1766 3093 1916 3144 multi
1959 3107 2011 3147 et
2041 3096 2244 3165 priores
2288 3111 2342 3151 et

1316 3172 1564 3223 coaetanei
1597 3174 1703 3241 jam
1740 3185 1851 3224 tum
1881 3188 2190 3243 argumento
2227 3177 2337 3229 fere

1314 3251 1502 3303 similia
1577 3252 2007 3321 conscripserant.
2058 3256 2338 3308 Terentius

1312 3349 1449 3401 saepe
1469 3331 1655 3401 saepius
1668 3351 1836 3383 novam
1853 3331 2083 3386 fabulam
2101 3335 2173 3386 ita
2190 3355 2338 3387 usur-

1312 3423 1429 3479 pat3
1462 3412 1658 3480 Hecyr.
1690 3414 1824 3482 prol.
1849 3419 1910 3476 4,
1948 3417 2001 3476 6,
2040 3413 2130 3476 45.
2155 3415 2332 3468 Heau-

1312 3503 1442 3542 tont.
1475 3491 1613 3559 prol.
1643 3511 1742 3559 29,
1775 3492 1878 3554 34,
1912 3494 2002 3554 43.
2036 3493 2102 3544 Ν.

1392 3591 1419 3622 2
1430 3611 1441 3622 .
1454 3570 1708 3621 Nonnulli
1728 3571 1865 3621 arido
1885 3590 2185 3641 perperam3
2205 3591 2330 3625 nam

1309 3667 1471 3719 quum
1489 3650 1542 3700 in
1560 3662 1785 3720 utmque
1794 3669 1982 3720 genere
1995 3667 2235 3705 occurrat
2240 3673 2332 3722 pu·

1309 3748 1431 3790 mex,
1446 3730 1578 3781 sicut
1597 3734 1713 3780 cinis
1732 3729 1872 3800 apud
1887 3732 2133 3783 Nostrum
2155 3745 2206 3783 et
2210 3731 2334 3801 senis

1308 3807 1451 3880 apud
1464 3809 1593 3860 alios
1604 3802 1688 3870 [de
1701 3823 1876 3862 nostra
1885 3830 2014 3863 voce
2027 3809 2148 3862 vide
2162 3830 2338 3864 exem-

1311 3888 1397 3958 pla
1416 3887 1562 3958 apud
1583 3887 1869 3943 Burmann.
1885 3890 2000 3943 Sec.
2022 3890 2233 3942 Anthol.
2260 3893 2331 3957 11,

1312 3987 1364 4038 p.
1406 3963 1580 4037 5071,
1610 3970 1839 4038 εὐφωνίας
1870 3988 2023 4022 causa
2049 3970 2104 4024 h.
2138 3970 2174 4022 l.
2211 3987 2333 4023 cum

1314 4048 1556 4118 plurimis
1592 4047 1906 4102 editionibus
1941 4046 2225 4120 legendum
2264 4063 2342 4103 est

1981 4155 2022 4226 3
