2986 4935
789 430 1236 499 CARMEN
1288 433 1621 498 LXVII.

2125 427 2270 521 3¹7

352 566 485 654 Qui
529 565 666 656 ipse
710 563 807 631 sui
853 563 1030 655 gnati
1076 562 1485 642 minxeritjn
1521 564 1861 655 gremium.
2231 589 2274 626 ιι,

1049 769 1355 814 JANUA.

244 937 449 1029 Atqui
494 959 628 1002 non
666 932 877 1000 solum
922 931 1052 997 hoc
1095 942 1161 997 se
1201 928 1363 997 dicit
1407 931 1743 1023 cognitum
1782 932 2025 1001 habere
2065 1009 2068 1014 ,

353 1041 605 1123 Brixia,
649 1041 944 1131 Cycnaeae
982 1037 1318 1129 supposita
1364 1033 1678 1129 speculae,

244 1145 484 1215 Flavus
519 1169 718 1239 quam
756 1141 936 1210 molli
974 1143 1300 1234 percurrit
1342 1141 1611 1208 flumine
1642 1141 1852 1228 Mela,

355 1253 597 1335 Brixia,
625 1253 908 1318 Veronae
949 1260 1158 1315 mater
1194 1260 1409 1313 amata
1449 1270 1649 1328 meae3

135 1481 274 1520 σενα
312 1457 421 1510 vid.
463 1473 596 1527 quos
640 1453 970 1506 laudavimus
1009 1469 1163 1520 supra

134 1539 201 1592 ad
231 1539 413 1591 Carm.
442 1537 592 1598 LXI,
626 1533 727 1597 53,
757 1534 907 1593 etll.
936 1532 1021 1583 13.

224 1620 318 1672 3ο.
352 1618 644 1668 Imminxerit
674 1614 729 1664 in
757 1631 864 1663 uno
895 1610 1061 1662 Statii.
1084 1640 1163 1651 —

137 1701 248 1768 Qui
284 1701 406 1766 ipse,
451 1708 548 1747 etc.
586 1694 691 1758 Qui
729 1710 849 1744 cum
894 1708 1034 1741 nuru
1073 1706 1166 1740 sua

132 1778 276 1830 adeo
303 1770 833 1839 concubuerits—-Si
853 1769 969 1839 quis
989 1786 1163 1818 exem-

135 1860 228 1927 pla
259 1874 375 1908 rem
401 1855 681 1906 obscenam
701 1848 1009 1901 illustrantia
1036 1846 1165 1898 desi·

133 1936 321 1997 derat,
346 1931 498 1986 adeat
517 1929 584 1983 ad
610 1931 663 1982 h.
687 1930 721 1981 l.
752 1931 1091 1996 InterpreteS,
1114 1939 1165 1977 et

132 2016 383 2068 conserat
405 2014 544 2064 Pers,
572 2009 676 2063 Sat.
700 2011 808 2070 VI,
833 2008 924 2076 73.

224 2094 325 2146 31.
371 2092 528 2162 Aequi
556 2109 651 2140 non
692 2089 841 2139 solum
884 2087 1007 2137 hunc
1051 2076 1159 2151 (sc-

132 2172 377 2245 impium
422 2184 474 2222 et
517 2168 862 2221 libidinosum
917 2177 1120 2234 patrem
1143 2155 1164 2230 )

132 2252 363 2326 Gryph.
388 2251 582 2301 Mutet.
613 2248 785 2301 Graev.
826 2274 902 2286 —-
938 2245 1161 2296 Sensus:

135 2360 159 2381 0
178 2330 355 2403 Atqui
388 2348 495 2381 non
522 2328 681 2397 hujus
717 2323 956 2378 nefandae
986 2320 1166 2373 libidi-

128 2414 221 2465 nis
256 2421 467 2462 tantum
486 2420 664 2458 testem
687 2424 739 2456 sc
754 2405 1030 2475 profitetur
1050 2401 1167 2452 Bri-

130 2494 223 2545 xia
236 2530 254 2553 ‚
281 2488 378 2542 sed
395 2485 576 2539 eadem
590 2503 802 2556 quoque
824 2483 891 2535 de
908 2481 1167 2535 adulterio

128 2590 272 2625 cum
313 2565 626 2622 Posthumio
668 2577 721 2616 et
751 2563 1002 2617 Cornelio
1033 2562 1167 2613 facto

127 2662 341 2704 narrat.
373 2674 395 2693 ²·
605 2687 608 2690 ⁴

223 2729 259 2781 3
272 2748 301 2781 2
313 2770 326 2781 .
344 2728 546 2780 Clu'noea
553 2724 741 2795 specula
756 2724 945 2773 Venet.
958 2720 1167 2791 Gryph.

128 2807 457 2877 cantabrig.
480 2836 560 2847 —-
581 2805 796 2857 Clu'noeae
818 2801 1018 2871 speculae
1046 2801 1168 2850 Mu-

126 2903 293 2943 retus
338 2898 393 2937 et
436 2885 526 2937 alii
561 2902 574 2935 :
621 2896 849 2935 nostram
894 2880 1167 2931 lectionem

122 2965 394 3023 defendit
418 2964 657 3034 Vulpius.
679 2960 806 3013 vid.
834 2972 941 3011 not.
968 2959 1061 3010 inf.
1091 2989 1171 2999 -—

122 3049 460 3119 Suppositum
478 3048 527 3095 in
548 3042 736 3113 specula
758 3040 839 3091 vel
862 3040 1100 3109 supposita
1120 3041 1170 3087 in

122 3128 346 3201 specula
387 3125 442 3176 in
478 3122 774 3184 nonnulliS,
820 3117 959 3171 haud
1010 3116 1170 3168 dubie

120 3225 332 3262 versus
359 3201 613 3255 fulciendi
643 3219 824 3263 causa,
856 3196 946 3249 sed
976 3197 1170 3268 syllaba

122 3286 359 3347 brevis,
387 3280 619 3353 sequenti
642 3279 838 3350 syllaba
860 3296 979 3329 cum
1013 3297 1067 3345 sp
1089 3277 1170 3327 in-

120 3367 391 3438 cipiente
411 3401 426 3425 ,
451 3359 779 3433 producitur.
796 3356 1172 3426 Exemplorum

119 3443 433 3501 cumulum
455 3439 603 3493 dedit
630 3436 861 3508 Vulpius
883 3433 953 3487 ad
973 3434 1171 3486 Tibull.

120 3531 153 3581 I
178 3568 198 3591 ,
246 3526 285 3578 5
310 3562 327 3586 ,
358 3524 450 3575 ²8.
466 3552 544 3562 -—
564 3520 739 3571 Brixia
763 3512 933 3576 (nunc
952 3515 1170 3576 Bra-scia,

119 3622 191 3660 ut
241 3613 406 3657 notat
428 3599 614 3652 Cellar.
647 3597 839 3666 Geogr.
871 3594 1045 3663 Antiq.
1080 3594 1137 3644 11
1157 3631 1171 3655 ,

119 3708 175 3741 c,
236 3703 281 3751 9
309 3671 326 3745 )
380 3693 525 3750 caput
576 3679 734 3747 gentis
800 3675 1174 3727 Cenomanorum

115 3763 457 3839 appellatur
497 3778 527 3811 a
581 3758 734 3809 Livio
784 3754 1028 3812 XXXII,
1090 3752 1171 3804 30.

118 3840 487 3901 Describitur
525 3840 632 3907 jam
665 3835 840 3887 Brixia
876 3833 1112 3903 ‘primum
1146 3849 1175 3882 a

113 3928 241 3982 situ
257 3964 279 3989 ,
316 3922 542 3983 Crenoeoe
561 3919 805 3987 supposita
830 3913 1028 3983 speculae
1050 3911 1103 3962 h.
1128 3929 1173 3962 c.

112 4007 243 4060 arci
272 4002 368 4053 vel
388 3998 545 4061 colli;
566 4013 822 4067 ponamus
843 3994 896 4044 in
912 3991 1046 4043 hanc
1066 4007 1175 4041 rem

116 4086 321 4140 verba
348 4118 364 4137 ,
416 4096 534 4148 quae
586 4074 814 4144 Vulpius
873 4091 933 4123 ex
998 4070 1177 4122 libello

1246 1450 1466 1503 Joannis
1520 1452 1882 1523 Chrysostomi
1930 1457 2144 1510 Zanchii
2196 1458 2264 1512 de

1249 1529 1467 1600 Origine
1500 1529 1820 1583 Orobiorum
1860 1534 1968 1585 sive
2005 1537 2263 1590 Cenoma-

1247 1626 1439 1660 norum
1464 1607 1532 1661 ad
1546 1609 1760 1662 Petrum
1783 1611 2042 1665 Bembum
2073 1615 2166 1668 lib.
2191 1620 2261 1680 11,

1248 1687 1467 1758 protulit
1493 1707 1508 1739 ε
1546 1715 1568 1735 α
1595 1690 1900 1753 Dechrare,
1939 1694 2104 1745 scribit
2138 1698 2218 1747 ille
2245 1740 2259 1759 ,

1247 1767 1400 1819 nobis
1449 1768 1621 1819 voluit
1677 1783 1830 1838 poeta
1882 1771 2263 1841 lepidissimus,

1248 1846 1542 1916 principem
1580 1848 1720 1899 illius
1759 1849 1918 1912 arcis,
1960 1871 2166 1905 summo
2206 1856 2262 1907 in

1247 1925 1395 1976 collis
1410 1927 1681 1978 cacumine
1702 1928 1906 1997 positae,
1932 1930 2260 1985 fundatorem

1249 2023 1306 2055 ac
1336 2004 1663 2057 conditorem
1695 2005 1848 2058 fuisse
1881 2007 2127 2079 Cydnum
2148 2050 2162 2073 ,
2197 2014 2262 2063 il-

1248 2085 1359 2134 lum
1395 2084 1608 2153 Liguris
1645 2084 1850 2148 filium,
1897 2106 2055 2157 quem
2093 2089 2264 2144 Greci

1250 2163 1495 2233 Cycnum
1538 2177 1752 2226 vocant,
1792 2183 1908 2234 quae
1950 2164 2017 2217 ad
2053 2168 2267 2221 Caesaris

1249 2260 1412 2311 usque
1443 2256 1677 2312 tempora
1711 2245 1925 2314 proprio
1954 2247 2264 2300 nomine‘ab

1248 2334 1461 2374 auctore
1493 2321 1703 2391 Cycnea
1749 2323 1959 2391 specula
1996 2329 2264 2395 cognomi-

1248 2413 1478 2463 naretur,
1519 2420 1627 2452 nou
1675 2402 1932 2455 Cichonia
1967 2414 2058 2454 aut
2098 2405 2265 2458 Chin-

1251 2499 1347 2531 nea
1372 2519 1387 2543 ‚
1430 2494 1488 2532 ut
1529 2481 1584 2531 in
1622 2480 1771 2533 libris
1811 2483 1986 2535 miuus
2023 2500 2264 2539 accurate

1251 2559 1454 2628 scriptis
1476 2561 1699 2630 reperiri
1728 2562 1873 2613 solet.
1906 2586 1926 2606 ι
1964 2594 2044 2604 -
2062 2564 2264 2618 Collem

1252 2638 1425 2709 ipsum
1471 2639 1661 2691 Brixiae
1697 2641 2054 2692 imminentem
2108 2643 2268 2697 hodie

1254 2718 1429 2771 vocari
1466 2720 1682 2786 Cigneo,
1714 2739 1777 2771 ex
1820 2720 1985 2772 Heliae
2023 2722 2267 2793 Capreoli

1254 2798 1611 2849 Monumentis
1659 2799 1913 2850 Brixianis
1951 2801 2108 2852 refert
2155 2804 2268 2855 lau·

1254 2875 1404 2928 datus
1440 2897 1468 2928 a
1496 2876 1697 2947 Vulpio
1732 2877 1942 2929 Paullus
1982 2878 2269 2933 Galeardus

1256 2957 1309 3007 in
1335 2956 1801 3008 Observationibus
1825 2955 1894 3008 ad
1921 2958 2142 3026 priscam
2177 2964 2269 3012 In·

1254 3037 1590 3106 scriptionem
1625 3035 1853 3104 aliasque
1886 3036 2151 3087 Brixianas
2174 3049 2268 3090 ms.

1256 3116 1515 3185 tiquitates
1552 3114 1699 3165 editis
1725 3153 1740 3178 ‚
1783 3114 2070 3166 Volumine
2113 3117 2270 3170 XXX

1257 3191 1667 3265 Ephemeridum
1713 3194 2060 3245 Literatorum
2115 3196 2272 3247 Italo-

1258 3293 1406 3336 rum,
1433 3274 1668 3324 Articulo
1704 3273 1774 3323 11.
1813 3270 2014 3324 Deinde
2037 3313 2051 3337 ,
2090 3289 2146 3326 ut
2187 3294 2271 3326 so·

1256 3354 1364 3404 lent
1386 3366 1551 3424 poetae
1572 3353 1625 3404 in
1648 3349 2003 3405 describendis
2026 3355 2270 3417 urbibus,

1258 3451 1287 3483 a
1315 3431 1532 3483 flumine
1558 3432 1719 3495 Mela,
1751 3431 1843 3502 qui
1875 3431 2003 3482 olim
2042 3433 2269 3486 Brixiam

1258 3511 1513 3567 alluebat,
1543 3531 1684 3563 nunc
1715 3530 1840 3563 vero
1871 3512 2078 3563 circiter
2111 3514 2272 3567 millia

1257 3609 1501 3661 passuum
1532 3591 1599 3641 ab
1625 3591 1756 3642 urbe
1780 3591 1939 3642 abest.
1963 3589 2088 3645 vid.
2116 3594 2202 3641 W
2197 3615 2271 3643 es·
2326 3640 2338 3657 ,

1258 3672 1424 3739 seling.
1449 3668 1517 3721 ad
1546 3669 1785 3720 Antonini
1816 3670 1979 3721 Itiner.
2013 3690 2062 3740 p.
2099 3670 2228 3723 552.

1343 3748 1541 3811 33-34.
1563 3749 1673 3800 Hos
1703 3748 1835 3801 duos
1860 3768 2037 3802 versus
2065 3751 2271 3820 spurios

1264 3841 1313 3880 et
1361 3827 1495 3879 mala
1547 3847 1705 3880 manu
1758 3830 2062 3897 importatos
2117 3848 2223 3881 esse
2256 3869 2270 3891 ‚

1266 3905 1409 3976 qnod
1440 3926 1548 3957 non
1581 3909 1751 3959 solum
1781 3906 2114 3960 historiarum
2144 3910 2272 3960 veri·

1264 3987 1388 4049 tati,
1419 3983 1511 4037 sed
1542 3986 1698 4038 etiam
1730 3987 1921 4055 lingum
1945 3985 2119 4038 latium
2156 4008 2279 4058 pro·

1268 4064 1508 4137 primati,
1557 4079 1710 4135 atque
1752 4064 1968 4115 omnino
2016 4066 2278 4135 elegantiae
