2986 4935
868 443 1308 512 CARMEN
1368 404 1617 512 xm(

466 575 654 639 Anne
689 587 762 640 ut
794 578 1142 666 pervenias
1178 577 1244 644 in
1279 601 1396 644 ora
1431 577 1653 673 volgi?
2268 619 2287 652 s

467 675 646 764 Quid
688 676 1192 773 vis?·qualubet
1230 707 1371 752 esse
1411 698 1607 754 notus
1649 689 1883 780 optas?

463 784 610 851 Eris
645 810 661 851 :
702 786 1238 881 quandoquidem
1280 815 1463 859 meos
1507 815 1766 861 amores

465 892 634 958 Cum
682 889 876 986 longa
917 892 1180 962 voluisti
1224 919 1446 963 amare
1489 923 1702 991 poena.

163 1114 299 1163 rum,
321 1098 408 1150 cni
433 1098 610 1169 impar
635 1113 742 1164 est,
773 1112 973 1155 temere
1006 1102 1073 1155 ad
1099 1105 1173 1156 ri-

165 1193 269 1228 xm
290 1177 510 1232 lacessit.

234 1256 284 1309 5.
325 1258 394 1310 Ut
419 1262 672 1328 pervenias
710 1263 760 1310 in
794 1280 883 1312 ora
908 1264 1074 1332 volgi]
1114 1278 1173 1316 ut

164 1352 249 1404 per
270 1335 466 1390 iambos
493 1357 642 1391 meos
671 1340 832 1411 vulgo
858 1341 1170 1409 innotescaS,

162 1426 208 1467 et
223 1433 309 1469 om
332 1418 573 1471 omnium
599 1419 786 1471 feraris
805 1432 858 1473 et
883 1418 1165 1476 differatis.

231 1498 282 1548 6.
306 1496 440 1565 Quid
453 1502 575 1550 νῶι)
597 1497 749 1564 Quid
773 1502 965 1571 queris
988 1515 1040 1555 et
1069 1504 1166 1556 tibi

162 1572 260 1625 via?
290 1577 511 1646 qualeabet
545 1597 618 1632 sc.
654 1580 889 1645 ratione,
926 1600 1166 1652 quocun-

162 1672 252 1723 que
280 1655 462 1723 modo,
500 1658 628 1712 licet
655 1677 757 1731 per
786 1660 989 1713 iambos
1020 1681 1164 1715 mor·

162 1730 291 1786 daea
321 1737 415 1802 sit,
448 1751 589 1792 notus
619 1759 723 1790 esse
752 1748 931 1809 optas?
961 1742 1023 1793 ln
1058 1762 1165 1794 uno

1265 1105 1378 1157 MS.
1408 1106 1560 1159 Statii
1589 1109 1862 1179 legebatur
1888 1113 2020 1182 Quia
2043 1120 2144 1180 vis3
2169 1118 2295 1173 hinc

1263 1186 1389 1238 fecit
1442 1188 1555 1255 Quo
1606 1193 1685 1240 vis
1729 1191 1962 1262 qualubet
2005 1216 2104 1249 esse
2153 1211 2294 1254 notus

1261 1279 1417 1335 optas.
1468 1266 1634 1319 Cuivis
1695 1271 1920 1341 qualubet
1975 1296 2073 1326 esse
2125 1291 2290 1348 optas,

1263 1346 1509 1398 Vossius.

1339 1427 1398 1478 8.’
1433 1427 1620 1479 Amare
1649 1447 1774 1481 meos
1801 1450 1984 1485 amores
1999 1475 2014 1498 ,
2056 1438 2290 1507 puellam

1258 1524 1429 1558 meam
1462 1518 1689 1577 tangere.
1720 1511 1803 1563 Cf.
1829 1509 1895 1563 ad
1922 1514 2099 1567 Carm.
2124 1517 2206 1582 X,
2240 1539 2288 1572 1.

1257 1586 1461 1638 —Cum
1480 1588 1627 1656 longa
1636 1608 1803 1657 poena,
1824 1604 1885 1644 ut
1905 1612 2113 1666 semper
2129 1595 2289 1652 duret

1256 1663 1382 1716 inde
1429 1667 1525 1718 tibi
1572 1681 1843 1723 conti-acta
1884 1672 2173 1743 ignominia
2218 1678 2286 1730 ad

1257 1758 1496 1813 posteros
1521 1767 1615 1817 per
1636 1750 1839 1802 iambos
1858 1756 2212 1824 propaganda.

770 1953 1327 2043 CARMEN
1413 1961 1673 2048 XLI.

648 2189 741 2233 ΙΝ
820 2190 1197 2236 AMICAM
1277 2194 1766 2241 PORMIANL

450 2382 661 2447 Amos
701 2402 855 2445 sana
898 2377 1001 2445 illa
1038 2377 1252 2473 puella
1294 2381 1592 2449 defututa

444 2482 665 2554 Tota?
707 2484 904 2553 millia
955 2511 1060 2553 me
1104 2487 1331 2554 decem
1379 2495 1717 2584 poposcit;

446 2594 587 2661 Ista
629 2591 964 2686 turpiculo
1001 2592 1218 2686 puella
1256 2619 1453 2679 nas0‚

445 2700 850 2766 Decoctoris
885 2702 1095 2767 amica
1133 2704 1483 2769 Formiani.

222 2906 349 2959 Aac.
368 2907 714 2960 Meretricem
744 2906 1031 2977 quamdam
1064 2922 1169 2959 tur-

156 3004 258 3053 pem
280 3000 326 3039 et
348 2985 655 3040 deformem
672 3025 686 3050 ,
709 2986 908 3058 ingenti
926 3007 1024 3058 pro
1051 2989 1170 3040 libi-

156 3061 316 3118 dinosa
327 3080 477 3119 nocte
490 3085 522 3118 a
538 3066 756 3119 Catullo
773 3069 1031 3139 postulato
1051 3087 1168 3138 pre·

155 3143 246 3210 tio,
270 3145 490 3200 delirare
515 3160 570 3198 et
600 3145 930 3199 medicorum
954 3150 1168 3218 propin·

153 3241 463 3299 quorumque
485 3244 640 3280 curae
659 3224 970 3279 tradendam
999 3240 1163 3298 putat.

226 3323 268 3358 1.
293 3307 443 3359 Acme
470 3307 560 3358 illa
593 3345 608 3367 ,
641 3306 727 3357 illa
752 3307 917 3375 puella
945 3307 1163 3365 defututa

161 3383 288 3449 Tota,
314 3387 368 3441 iu
396 3388 681 3458 plerisque
705 3384 850 3438 editt.
877 3399 998 3439 vett.
1020 3385 1164 3458 quod

155 3465 301 3517 tenuit
327 3468 483 3519 ctiam
517 3464 652 3519 edit.
683 3462 897 3537 Bipout.
924 3468 988 3518 In
1015 3468 1167 3519 libris

155 3540 327 3600 HSSC.
345 3547 446 3599 fuit
467 3566 678 3598 anteana
697 3546 780 3597 vel
806 3566 972 3597 amean
987 3587 1001 3608 ,
1026 3546 1165 3599 unde

155 3620 259 3676 fecit
274 3625 397 3679 Stat.
411 3626 572 3678 Acme
590 3645 690 3677 una
698 3626 866 3695 puella
885 3639 938 3678 et
948 3627 1167 3679 Vossius

153 3702 264 3756 Ain'
285 3726 403 3758 sana
427 3706 628 3776 puella.
656 3738 738 3748 —-
760 3706 1061 3776 Vulpianus
1104 3726 1165 3758 ex

154 3780 260 3836 edit.
283 3787 456 3840 Vossii
484 3788 719 3839 servavit
744 3786 832 3838 Ab
865 3806 935 3837 me
951 3827 965 3848 ,
997 3788 1169 3838 anilla

148 3864 292 3929 puella
311 3866 557 3934 defietuta.
577 3898 661 3908 —-
684 3865 796 3918 Nos
821 3864 1066 3919 dedimus
1094 3867 1170 3918 le-

153 3942 361 4000 ctionem
394 3965 510 4019 pm
542 3945 751 4002 ceteris
787 3946 943 3998 nobis
976 3947 1172 4018 proba·

154 4032 245 4075 tam
284 4045 347 4078 ex
387 4026 517 4080 edit.
565 4024 807 4097 Gotting.
844 4027 932 4078 cui
968 4026 1173 4098 egregie

155 4105 458 4174 respondere
478 4104 704 4160 videtur
720 4124 853 4158 vers.
870 4106 1076 4174 7.-At
1102 4106 1174 4158 sic

1259 2911 1547 2980 phala-cius
1587 2935 1693 2967 non
1730 2932 1944 2969 constat.
1984 2922 2095 2975 Nisi
2128 2934 2282 2983 creti-

1258 3008 1378 3042 cutn
1423 2992 1475 3042 in
1512 2993 1687 3063 primo
1729 2997 1844 3048 loco
1888 3017 1985 3068 per
2018 3003 2279 3065 licentiam

1256 3089 1454 3139 ponere
1499 3073 1706 3126 Catullo
1742 3076 1954 3129 libuisse
1988 3084 2280 3157 existimes;

1256 3148 1402 3220 quod
1423 3151 1511 3203 ille
1539 3172 1797 3224 nusquam
1823 3156 1978 3212 alias:
2001 3181 2122 3216 nam
2148 3166 2279 3222 hen-

1254 3227 1617 3299 decasyllabus
1644 3233 1793 3286 fieret
1826 3234 2277 3313 dodecasyllabus.

1255 3309 1436 3361 Liceat
1463 3313 1820 3382 conjecturam
1857 3334 2069 3391 quoque
2106 3345 2275 3384 meam

1256 3390 1496 3459 proferre
1516 3406 1529 3441 ε
1569 3392 1803 3446 -Sanane
1827 3395 1914 3448 illa
1936 3403 2275 3469 puellm-etc,

1258 3469 1386 3533 vel,
1420 3497 1442 3517 ι
1466 3472 1620 3522 Anne
1655 3493 1806 3538 sana,
1832 3478 2005 3545 puella
2043 3481 2282 3545 defututa

1254 3549 1415 3611 Tota,
1443 3549 1608 3603 millia
1629 3571 1713 3603 me
1741 3552 1923 3607 decem
1951 3568 2232 3634 poposcit?
2253 3599 2273 3619 D

1257 3627 1326 3680 N.
1357 3658 1438 3668 ·—
1470 3631 1706 3698 Defictuta
1743 3645 1843 3684 eota
1861 3676 1877 3698 ,
1918 3638 1954 3691 i.
1988 3660 2034 3694 e.
2072 3647 2280 3703 assiduo

1256 3709 1586 3762 scortationis
1626 3730 1722 3763 usu
1765 3715 1923 3784 plane
1961 3723 2197 3780 confecta
2229 3745 2281 3783 et

1259 3786 1463 3840 detrita.
1485 3791 1630 3842 Infra
1665 3792 1839 3845 Carm.
1868 3797 1991 3863 XC,
2019 3804 2068 3855 8,
2099 3826 2119 3846 ι
2147 3807 2282 3872 Quoe

1261 3887 1367 3920 sese
1394 3880 1506 3921 toto
1537 3889 1761 3941 corpore
1791 3879 2074 3943 prostituit.
2098 3911 2117 3930 .

1344 3967 1391 3998 2.
1442 3949 1608 4001 Miltia
1656 3952 1812 4004 decem
1853 3975 1921 4008 sc.
1975 3967 2283 4022 sestertium.

1264 4026 1450 4080 Gallie.
1488 4045 1688 4082 monet.
1717 4034 1923 4087 circiter
1962 4046 2106 4103 ²400
2137 4046 2203 4098 fr.

1350 4114 1399 4169 4,
1433 4110 1684 4163 Formiani
1702 4153 1715 4173 ‚
1755 4113 2038 4172 Mamurrae
2068 4119 2297 4183 Formiis

1887 4225 1972 4317 9,
