2986 4935
892 506 1332 575 CARMEN
1391 508 1590 575 Lxl.

2153 507 2290 600 187

812 640 917 706 Da
954 663 1153 712 nuces
1191 639 1440 731 pueriS‚
1475 639 1646 706 iners

615 743 1008 812 Concubine.
1040 745 1209 812 Satis
1239 743 1353 812 diu

613 849 843 916 Lusisti
877 850 1176 939 nucibus.
1209 849 1424 917 Lubet

611 957 748 1022 Jam
791 956 1033 1023 servire
1068 954 1422 1026 Thalassio.

615 1061 993 1140 Concubine
1028 1086 1229 1131 nuces
1261 1061 1366 1130 da.
2229 1091 2301 1128 ωε.

815 1166 1184 1236 sordebant
1220 1167 1334 1236 tihi
1372 1164 1575 1235 villuli

226 1370 411 1420 desertus
434 1389 587 1421 amore
609 1383 666 1423 ut
680 1372 887 1423 desertus
905 1376 1069 1424 amicis
1091 1372 1198 1425 dici

230 1449 390 1516 possit,
408 1447 495 1501 sed
517 1449 590 1506 sic
606 1447 729 1503 dure
747 1450 1101 1522 supplendum
1119 1464 1201 1505 est

231 1547 270 1578 se
280 1548 300 1589 ;
321 1530 468 1598 magis
484 1529 653 1602 placet
671 1535 963 1603 conjectura
985 1531 1200 1584 editoris

228 1606 634 1678 Cantabrigiensis
656 1627 670 1662 ε
694 1637 709 1656 ι
728 1609 959 1664 desertos
983 1629 1201 1664 nomino

227 1685 421 1738 audiens
459 1687 790 1744 concubinus
842 1710 1077 1756 amores,
1124 1692 1208 1742 vel

228 1762 463 1817 desertum
500 1785 710 1820 nouum
749 1768 968 1823 audiens
998 1775 1203 1832 Conon-

229 1844 366 1896 binus
391 1864 637 1902 Axonam.
663 1872 684 1892 ι

299 1941 318 1974 1
328 1921 355 1973 3
369 1944 445 1977 1·1
460 1924 488 1976 3
499 1925 548 1979 5.
563 1928 697 1978 Iners
712 1928 972 1980 concubine.
986 1929 1204 1999 Elegan-

228 2014 294 2053 ter
313 2005 412 2073 jam
437 2018 652 2057 vocatur
676 2009 790 2058 iners
820 2010 890 2059 ob
920 2008 1206 2060 cunctatio·

228 2099 332 2132 nem
357 2096 406 2134 et
429 2084 631 2136 consilii
660 2084 883 2157 inopiam
900 2125 916 2151 ‚
947 2087 1208 2156 praecipue

229 2177 372 2229 quum
398 2162 578 2215 cinaedi
605 2175 656 2215 et
676 2165 860 2234 pathici
891 2166 1210 2217 naturalibus

228 2256 282 2289 ex
305 2240 460 2293 causis
497 2243 598 2294 sint
631 2243 812 2296 inertes
838 2258 888 2296 et
914 2244 1103 2314 ignavi.
1133 2275 1209 2285 —

228 2315 394 2370 servire
438 2321 687 2373 Thalassio
701 2362 715 2384 ,
747 2322 1013 2395 Hymenaei
1056 2324 1211 2376 sacris

228 2399 433 2465 operari.
497 2400 775 2454 Thalassius
842 2400 981 2454 unde
1040 2401 1212 2454 dictus

231 2475 553 2545 Hymenaeus,
592 2479 704 2532 vid.
747 2481 883 2559 apud
918 2482 1035 2535 Liv.
1072 2484 1122 2545 1,
1163 2500 1210 2537 e.

230 2573 257 2621 9
276 2595 292 2616 .
306 2569 353 2609 et
377 2559 448 2611 ibi
476 2560 664 2613 Stroth.

313 2636 425 2692 136.
479 2640 585 2692 Hic
627 2659 799 2699 versus
843 2654 948 2697 tam
991 2640 1214 2693 lectione

224 2731 365 2784 quam
414 2719 840 2788 interpretatione
885 2721 1070 2771 misere
1115 2718 1215 2770 flu-

221 2806 385 2849 ctuans
437 2811 487 2850 et
535 2796 824 2868 impeditus
870 2818 974 2851 non
1028 2817 1214 2868 parum

225 2877 430 2930 exercuit
484 2877 829 2948 interpretum
888 2879 1106 2949 ingenia.
1152 2878 1216 2929 In

224 2949 332 3005 edit.
361 2958 544 3010 Venet.
584 2959 650 3008 ab
676 2975 760 3008 au.
801 2957 940 3027 1493
963 2996 978 3020 ‚
1009 2970 1061 3008 et
1091 2956 1219 3008 anti·

224 3033 461 3098 quissimis
498 3033 652 3089 editt.
684 3036 866 3107 legitur
904 3054 916 3088 :
953 3035 1220 3088 Sor-debant

223 3108 300 3161 tibi
336 3115 511 3167 vlllicoe
526 3138 550 3179 ,-
590 3127 641 3167 et
678 3115 748 3167 sie
793 3117 969 3187 legunt
1007 3133 1218 3185 quoque

223 3188 397 3245 lim-et.
431 3207 480 3246 et
515 3194 708 3247 Achill.
738 3194 860 3248 Stat.
892 3214 957 3246 ne
985 3195 1070 3263 γρὺ
1099 3194 1217 3263 qui·

223 3264 330 3321 dem
353 3270 418 3324 de
433 3273 675 3327 lectionis
697 3275 938 3327 varietate
954 3271 1219 3325 addentes.

223 3346 447 3418 Subiecta
470 3372 602 3405 vero
627 3364 701 3403 est
721 3372 752 3404 a
782 3354 986 3407 Mur-eto
1013 3353 1122 3405 haec
1145 3352 1221 3404 in-

222 3431 503 3496 terpretatio
525 3450 539 3484 :
573 3432 687 3483 «Tu
703 3469 718 3493 ‚
737 3431 904 3503 inquit
915 3470 930 3495 ‚
943 3450 1113 3501 nuper
1128 3431 1222 3482 vil-

221 3504 421 3561 limrum
461 3508 769 3563 dissuaviari
811 3524 861 3563 te
897 3511 1219 3580 cupientium

220 3587 379 3647 oscula
396 3626 411 3649 ,
437 3608 537 3663 pro
576 3589 751 3645 innata
784 3589 1021 3641 formosis
1050 3589 1221 3641 omni-

221 3661 309 3716 bus
334 3669 605 3738 superbia,
634 3669 949 3739 refugiebas,
972 3680 1024 3719 et
1045 3686 1223 3720 amore

218 3739 408 3797 domini
444 3749 599 3803 ferox
639 3759 692 3798 et
731 3747 909 3799 formas
943 3747 1084 3798 bono
1120 3766 1132 3796 ε
1171 3759 1223 3798 at

220 3839 348 3875 nunc
384 3839 526 3877 certe
561 3825 683 3881 istos
718 3827 919 3878 animos
958 3823 1222 3891 demittas,

219 3918 370 3969 quum
404 3918 454 3956 et
489 3903 740 3957 dominus
771 3903 838 3957 ad
877 3906 1085 3975 nuptias
1118 3905 1226 3956 ani·

223 3997 354 4033 mum
381 3982 634 4052 adjecerit
666 3997 717 4035 et
750 3983 965 4041 tondere
995 3998 1041 4036 te
1068 3987 1224 4052 jusse-

221 4057 310 4121 rit,
331 4061 474 4133 quod
503 4062 704 4115 indicio
732 4076 832 4123 est,
851 4076 897 4114 te
925 4064 970 4115 ei
998 4063 1223 4132 amplius

222 4137 268 4186 in
299 4137 498 4193 deliciis
530 4162 637 4195 non
661 4144 787 4194 fore.
813 4168 834 4186 ιι
867 4176 943 4184 —-
968 4146 1028 4194 At
1052 4145 1103 4193 in
1132 4162 1224 4195 cze-

1286 1373 1408 1425 teris
1438 1371 1760 1424 editionibus
1784 1371 1893 1423 fere
1914 1371 2160 1423 omnibus
2181 1370 2304 1425 ΑΜ.

1286 1451 1496 1522 Gryph.
1542 1450 1791 1521 Scaliger.
1819 1452 1972 1503 Voss.
2007 1451 2307 1521 Cantabfig.

1289 1531 1451 1602 Vulp.
1477 1530 1691 1602 Bipont.
1716 1530 1804 1583 hic
1820 1548 2001 1582 versus
2019 1529 2090 1583 ita
2108 1531 2310 1600 profer·

1289 1623 1374 1663 tur
1404 1628 1418 1662 ε
1460 1609 1721 1662 Sardebam
1766 1609 1855 1662 abi
1892 1609 2054 1661 villice
2097 1609 2311 1672 Gonou-

1291 1708 1453 1753 nmn,
1488 1690 1573 1742 cui
1616 1689 1831 1742 Vossius
1865 1689 2132 1759 subjungit
2171 1689 2307 1742 hanc

1289 1770 1772 1840 interpretationem
1792 1785 1808 1820 ε
1835 1794 1855 1816 ι
1873 1765 2160 1821 Sor-<lebam
2179 1769 2274 1820 tibi
2289 1807 2306 1832 ,

1290 1849 1485 1918 inquit,
1510 1868 1544 1899 o
1568 1846 1860 1900 concubine
1888 1848 2061 1900 villice
2077 1888 2092 1912 ,
2122 1866 2310 1917 meque

1292 1926 1565 1996 indignum
1596 1927 1698 1979 tuis
1727 1925 1993 1996 judicabas
2012 1927 2311 1990 amoribus,

1293 2008 1457 2058 elatus
1493 2023 1690 2074 nempe
1734 2018 1786 2057 et
1831 2006 2085 2074 superbus
2129 2005 2310 2058 formae

1294 2099 1393 2138 tuae
1416 2085 1741 2156 proestantia,
1773 2096 1825 2136 et
1849 2084 2005 2134 simul
2032 2081 2178 2153 quod
2207 2085 2309 2136 vil-

1296 2164 1453 2228 licuS,
1475 2181 1565 2214 seu
1586 2162 1908 2233 dispensator
1923 2174 1975 2214 et
1987 2162 2166 2215 omnia
2180 2181 2312 2216 esset

1294 2241 1439 2312 apud
1476 2242 1784 2304 domimum
1812 2240 1903 2293 aed
1939 2240 2181 2294 concidet
2217 2241 2311 2294 tibi

1297 2322 1389 2375 iste
1428 2321 1670 2392 spiritus,
1711 2333 1763 2372 et
1795 2323 1904 2390 jam
1939 2323 2047 2390 jam
2091 2320 2248 2373 miser
2281 2341 2314 2374 a

1297 2420 1433 2454 nova
1463 2412 1627 2472 nupta
1657 2397 1877 2453 traderis
1903 2398 2190 2464 cinerariO,
2218 2401 2311 2471 qui

1298 2500 1417 2534 cum
1440 2480 1692 2551 capillitio
1711 2480 1865 2532 simul
1882 2499 2093 2551 quoque
2119 2480 2320 2533 auferet

1298 2562 1447 2613 istam
1474 2559 1842 2630 arrogantiam.
1869 2586 1892 2608 ι
1930 2558 2197 2611 Sor-debant
2230 2561 2317 2611 tibi

1299 2641 1460 2692 villioe
1501 2640 1556 2691 in
1594 2640 1740 2692 Libr.
1782 2638 1894 2693 MS.
1932 2637 2062 2693 edit.
2108 2641 2234 2710 Reg.
2266 2651 2319 2691 et

1302 2720 1479 2775 Heius.
1511 2732 1613 2770 vet.
1643 2716 1759 2775 cod.
1796 2732 1924 2771 teste
1961 2717 2092 2771 edit.
2129 2719 2319 2771 Cauta-

1301 2799 1434 2869 brig.
1459 2830 1538 2839 —
1561 2797 1695 2850 Mihi
1717 2795 1935 2866 quidem
1958 2797 2012 2849 iu
2035 2798 2137 2849 hoc
2164 2816 2316 2850 versu

1302 2896 1507 2948 semper
1532 2889 1767 2951 suspecta
1790 2877 1891 2929 fuit
1908 2872 2015 2929 vox
2036 2877 2214 2928 villicoe
2230 2877 2315 2929 vel

1303 2958 1461 3008 vitlice
1472 2977 1495 3019 ,·
1517 2975 1624 3008 non
1650 2954 1804 3007 video
1826 2955 1967 3007 euim
1994 2974 2089 3008 cur
2117 2975 2316 3008 concu-

1303 3036 1458 3089 binus
1479 3036 1636 3104 paulo
1658 3037 1762 3104 jam
1782 3032 2010 3086 adultior
2036 3047 2089 3086 et
2113 3034 2315 3086 cinera-

1305 3116 1385 3167 rio
1399 3133 1523 3166 mox
1541 3111 1840 3167 tondendus
1853 3112 2044 3165 villicus
2058 3113 2322 3184 praecipue

1305 3193 1707 3264 contempserit,
1724 3190 1791 3245 ad
1814 3211 1941 3261 quas
1968 3191 2199 3244 animum
2226 3211 2322 3262 po·

1307 3273 1409 3326 tius
1449 3273 1539 3324 ille
1579 3289 1720 3324 nunc
1760 3269 2009 3341 adjecisse
2051 3269 2319 3335 videatur3

1305 3371 1402 3405 nec
1437 3352 1568 3404 mihi
1609 3349 1920 3422 persuadere
1955 3369 2167 3422 possum
2196 3368 2324 3401 con·

1308 3431 1560 3484 cubinum
1592 3426 1793 3483 domini
1823 3428 2235 3500 dispensatorem
2268 3428 2322 3482 in

1308 3512 1420 3579 ejus
1447 3509 1609 3564 domo
1636 3510 1825 3573 fuisse3
1857 3507 2012 3571 [male
2039 3509 2181 3562 enim
2214 3509 2324 3561 for-

1277 3602 1439 3649 ,tasse
1477 3590 1584 3642 huc
1632 3590 1848 3643 traxeris
1880 3589 2055 3642 locum
2096 3588 2323 3642 Martini.

1309 3669 1363 3718 ΙΙ
1383 3708 1398 3732 ,
1435 3671 1502 3722 18
1522 3705 1538 3730 ‚
1567 3676 1665 3733 24,
1687 3666 1828 3738 sqq.]
1860 3687 1956 3721 nec
1978 3668 2206 3738 denique
2231 3686 2324 3734 ap-

1309 3761 1482 3817 paret,
1513 3767 1610 3800 cur
1636 3748 1901 3811 Catullus,
1934 3768 1997 3800 ex
2028 3750 2177 3818 cujus
2205 3765 2327 3818 per·

1309 3845 1432 3879 sona
1473 3826 1614 3879 dicta
1647 3827 1863 3880 omnino
1900 3826 2175 3882 videntur.
2208 3826 2325 3878 Sor-

1307 3906 1473 3961 debam
1512 3907 1598 3963 tibi
1640 3907 1800 3957 villice
1817 3947 1831 3967 ‚
1885 3905 2182 3958 concubino
2220 3925 2328 3957 sor·

1308 3984 1513 4047 ducx-it,
1551 3986 1630 4038 vel
1674 3987 1738 4039 ab
1782 3986 1872 4039 illo
1910 3984 2183 4054 despectus
2222 3984 2326 4038 sit?

1312 4064 1681 4125 Desidet-ubam
1705 4066 1860 4135 igitur
1873 4082 2054 4117 vocem
2074 4065 2298 4135 aliquam
2313 4105 2326 4127 ,

1310 4162 1424 4213 qum
1447 4159 1501 4197 ut
1525 4146 1687 4212 magis
1705 4143 2046 4213 responderet
2066 4147 2325 4214 sequenti-
