2986 4935
842 463 1283 529 CARMEN
1343 464 1596 530 LXII.

2132 465 2282 535 205

257 595 483 682 Quum
532 605 788 659 castum
827 594 1042 662 amisit
1084 592 1337 686 polluto
1378 619 1659 689 corpore
1702 585 1968 680 florem,

259 698 399 767 Nec
435 699 662 792 pueris
698 698 988 790 jucunda
1033 715 1290 784 manet,
1323 725 1446 769 nec
1492 724 1646 769 cara
1677 699 1927 795 puellis.

262 807 520 897 Hymen
557 829 598 871 o
635 806 1019 896 Hymenaee,
1055 808 1315 896 Hymen
1351 806 1507 874 ades
1544 831 1585 873 o
1625 810 1995 900 Hymenaee.

1027 987 1403 1033 JUVENES.

367 1123 461 1189 Ut
502 1119 698 1188 vidua
743 1121 811 1186 in
856 1119 1034 1187 nudo
1075 1122 1225 1188 vitis
1262 1145 1407 1213 quae
1443 1123 1735 1190 nascitur
1771 1146 1967 1206 arvo,

261 1226 617 1319 Nunquam
648 1250 717 1294 se
744 1223 1028 1308 extollit,
1055 1250 1391 1319 nunquam
1419 1228 1642 1294 mitem
1672 1227 1910 1297 educat
1936 1254 2164 1319 uvam3
2228 1267 2276 1302 s..

260 1331 391 1401 Sed
425 1346 724 1400 tenerum
763 1355 976 1423 prono
1009 1330 1364 1400 deflectens
1401 1332 1694 1425 pondere
1729 1358 2004 1427 corpuS,

256 1438 536 1530 Jamjam
580 1438 901 1530 contingit
940 1462 1265 1505 summum
1313 1437 1532 1505 radice
1577 1438 1940 1533 flagellum;

261 1547 452 1612 Hanc
487 1541 651 1612 nulli
684 1542 1024 1637 agricolae,
1055 1542 1215 1611 nulli
1252 1543 1596 1613 accoluere
1624 1545 1923 1637 juvenci;

151 1736 294 1798 dmm,
320 1735 431 1786 dm
449 1753 781 1806 concoquere
803 1754 909 1786 non
937 1747 1168 1804 possent,

152 1827 204 1867 et
230 1815 544 1886 particulam
571 1815 658 1865 sed
678 1814 734 1866 in
762 1814 996 1883 sequenti
1017 1832 1169 1865 versu

153 1892 528 1946 desiderarent.
546 1895 614 1944 At
631 1905 860 1945 nostram
876 1930 892 1956 ,
906 1911 1065 1962 quam
1085 1910 1173 1943 ex·

154 1971 278 2025 cudi
324 1972 623 2026 curavimus
643 2011 658 2035 ‚
705 1972 983 2023 lectionem
1005 2010 1020 2034 ,
1062 1990 1169 2023 non

154 2053 326 2105 solum
351 2064 641 2121 agnoscunt
664 2069 847 2102 omnes
872 2050 995 2102 libri
1016 2049 1168 2101 MSS.

153 2145 205 2183 et
243 2129 396 2184 editt.
445 2129 846 2201 antiquissimae,
887 2127 976 2180 sed
1014 2129 1168 2181 etia‘m

150 2211 363 2282 egregie
390 2211 694 2262 auctoritate
715 2208 1029 2274 Quintiliani
1051 2227 1173 2260 con·

149 2290 398 2342 firmatur
430 2285 682 2350 (Institut.
712 2287 832 2340 libr.
862 2288 971 2350 lx,
997 2306 1043 2340 c.
1081 2285 1169 2352 3),

149 2387 312 2440 quem
335 2366 526 2420 eodem
554 2366 714 2419 modo
744 2368 885 2420 hunc
905 2367 1079 2418 locum
1102 2367 1172 2418 le-

149 2450 287 2520 gisse
328 2466 394 2501 ex
431 2445 613 2502 addita
654 2447 1029 2518 explicatione,
1068 2464 1171 2516 qua

149 2529 383 2581 alterum
423 2528 535 2578 dum
578 2547 677 2598 pro
717 2526 878 2597 quoad
896 2567 911 2588 ‚
947 2526 1169 2577 alterum

147 2628 250 2679 pro
281 2626 428 2679 usquo
468 2627 524 2658 eo
559 2606 746 2670 sumit,
779 2606 1047 2657 manifeste
1075 2623 1171 2674 ap·
1221 2624 1224 2627 ’

148 2699 317 2757 paret.
340 2686 497 2739 Subit
518 2686 670 2738 etiam
694 2686 1001 2747 mirari,cur
1019 2684 1175 2754 hujus

151 2784 336 2819 versus
370 2764 732 2818 emendatores
766 2783 874 2816 non
914 2761 980 2815 ad
1010 2782 1061 2815 v,
1099 2763 1169 2815 56

145 2843 505 2909 attenderint,
538 2845 630 2897 ubi
663 2844 718 2895 in
747 2845 1006 2914 eleganter
1031 2861 1175 2912 repe-

150 2926 262 2977 titis
298 2924 570 2995 particulis
602 2924 714 2975 dum
740 2923 851 2974 dum
878 2922 1053 2973 nullus
1081 2922 1175 2974 ali-

149 3002 288 3075 quid
337 3016 543 3055 mutare
577 3021 729 3054 ausus
759 3015 851 3054 est.
890 3032 969 3041 —
1013 3000 1177 3053 Parti·

145 3086 272 3137 cula
305 3082 399 3134 sed
424 3095 598 3133 autem
644 3080 831 3133 eodem
871 3080 1025 3150 plane
1065 3099 1180 3131 mo·

146 3162 224 3217 do
244 3184 302 3215 v.
330 3168 424 3232 57,
445 3159 769 3213 desideratur
791 3172 842 3212 et
862 3159 1180 3228 subintelligi

145 3242 336 3296 debet.
355 3272 438 3283 --
459 3240 543 3293 Sic
559 3244 703 3309 virgo
722 3240 835 3291 dum
853 3242 1032 3289 intacta
1045 3279 1060 3300 ,
1084 3250 1180 3291 etc.

146 3322 317 3375 Hunc
363 3339 572 3372 versum
622 3320 693 3372 ita
733 3318 980 3389 explico:
1027 3318 1184 3388 plane

149 3402 227 3455 ita
256 3421 318 3454 se
343 3400 505 3452 habet
529 3418 650 3451 cum
673 3398 905 3469 virgine,
931 3393 1183 3467 quamdiu

151 3482 248 3535 illa
281 3479 587 3549 virginitate
613 3475 830 3549 gaudet,
853 3489 905 3528 et
931 3474 1186 3546 quamdiu

146 3560 281 3615 ideo
320 3577 445 3613 cara
474 3570 550 3611 est
584 3557 869 3629 aeqmlibus
898 3556 1021 3607 suis».
1057 3556 1186 3605 Dum

145 3660 255 3711 pro
283 3638 519 3712 quondm
540 3637 820 3689 sexcenties
834 3654 887 3687 v.
909 3653 953 3685 c.
984 3634 1038 3685 in
1066 3634 1188 3686 trito

144 3721 245 3773 illo
262 3715 539 3771 Terentii:
559 3714 719 3768 «dum
736 3714 1046 3778 moliuntur,
1057 3712 1187 3765 dum

1259 1735 1449 1788 tulerit.
1471 1736 1672 1787 Tamen
1712 1737 1931 1790 reticere
1963 1756 2072 1791 non
2105 1739 2274 1793 debeo

1258 1833 1364 1866 esse
1391 1814 1443 1866 in
1475 1815 1589 1866 MS.
1613 1828 1792 1868 nostro
1817 1829 1912 1867 tum
1934 1837 2068 1869 cara.
2087 1819 2152 1872 N.

1340 1900 1430 1961 49.
1457 1895 1509 1943 V
1508 1897 1588 1945 itis
1608 1895 1786 1956 vidua,
1811 1897 1943 1947 nulli
1965 1899 2141 1950 arbori
2161 1901 2274 1951 alli·

1255 1985 1385 2042 gata.
1415 1972 1496 2025 Cf.
1533 1973 1713 2025 Horat.
1743 1972 1849 2028 Od.
1874 1977 1973 2039 IV,
2001 1978 2061 2040 5,
2092 1978 2188 2041 3ο,
2219 1991 2270 2031 et

1256 2065 1430 2104 notata
1458 2051 1532 2103 ibi
1555 2052 1609 2102 in
1637 2071 1749 2104 rem
1780 2053 1847 2105 ab
1884 2055 2266 2125 interpretibus.

1259 2131 1471 2181 -Arvo
1489 2131 1637 2193 nudo,
1658 2131 1713 2182 h.
1729 2150 1775 2184 e.
1790 2132 1949 2184 nullis
1963 2135 2266 2199 arboribus,

1256 2210 1447 2279 quibus
1465 2208 1683 2279 adjungi
1706 2211 1825 2262 vitis
1842 2211 2031 2281 possit,
2050 2215 2268 2266 consito.

1314 2287 1406 2340 50.
1424 2289 1502 2339 Ex
1518 2286 1799 2358 depravata
1809 2290 2033 2342 lectione
2047 2294 2270 2347 membr.

1256 2366 1463 2420 Thuan.
1499 2387 1637 2439 quam
1666 2372 1916 2420 munieeam
1947 2371 2105 2423 nimis
2129 2372 2270 2443 inge-

1257 2447 1399 2499 niose
1448 2448 1665 2499 Vossius
1715 2451 1970 2517 conjectat
2014 2450 2265 2504 Amineam

1256 2527 1426 2577 educat
1456 2547 1591 2578 uvam
1610 2568 1624 2590 ,
1652 2547 1811 2599 quem
1840 2527 1948 2582 vid.

1339 2605 1426 2659 51.
1459 2608 1653 2659 Versus
1682 2620 1787 2659 tam
1821 2609 2101 2662 verborum
2139 2624 2271 2664 stru-

1260 2699 1407 2738 ctura
1461 2699 1514 2737 et
1563 2686 1839 2739 artificiosa
1903 2689 2243 2743 collocatione
2259 2732 2274 2756 ,

1260 2782 1416 2834 quam
1441 2777 1630 2817 ornatu
1658 2765 2121 2836 splendidissimus.
2151 2771 2273 2822 Cor·-

1254 2863 1347 2913 pus
1393 2857 1598 2895 tenerum
1621 2885 1635 2907 ,
1679 2846 1843 2896 teneri
1888 2846 2155 2917 palmites,
2189 2850 2271 2902 de-

1249 2924 1452 2993 flectens
1475 2943 1631 2992 prono
1656 2925 1892 2992 pondere,
1932 2926 2001 2976 ob
2037 2926 2273 2996 pondus,

1263 3020 1370 3071 quo
1408 3003 1647 3054 laborant
1691 3015 1740 3053 et
1777 3022 1829 3053 se
1877 3004 2127 3056 sustinere
2168 3027 2275 3058 non

1266 3081 1440 3132 valent
1461 3119 1475 3143 ,
1505 3079 1572 3132 ad
1601 3094 1789 3132 terram
1819 3082 2141 3135 inclinantes.

1350 3159 1377 3212 5
1391 3180 1438 3211 2.
1479 3160 1730 3229 Contingit
1756 3180 1978 3212 summum
2001 3162 2160 3215 radice
2167 3165 2278 3234 fla·

1264 3240 1461 3306 gellam,
1479 3238 1801 3309 exquisitiori
1815 3240 2065 3312 loquendi
2082 3243 2284 3297 ratione

1267 3337 1365 3388 pro
1395 3345 1416 3364 ι
1433 3316 1664 3370 radicem
1689 3320 1944 3391 contingit
1966 3339 2172 3373 summo
2192 3322 2285 3376 fla-

1271 3398 1425 3467 gello.
1448 3423 1468 3444 1·
1506 3399 1777 3467 Flagellum
1806 3412 1881 3453 est
1907 3399 2026 3451 vitis
2053 3420 2173 3471 pars
2201 3421 2285 3455 su-

1271 3495 1492 3608 periit-'5
1504 3556 1554 3609 5.
1585 3557 1785 3609 cotum
1809 3556 1916 3609 duo
1942 3558 2140 3612 Mssc.
2171 3575 2295 3614 teste

1277 3635 1576 3688 Passeratio.
1604 3669 1683 3678 —
1711 3637 1856 3688 Hanc
1883 3638 2003 3688 nulli
2024 3643 2252 3707 agricoloe
2275 3684 2289 3704 ,

1278 3715 1404 3766 nulli
1432 3716 1675 3766 accoluere
1695 3718 1918 3786 juvanti,-
1954 3717 2094 3769 hanc
2122 3739 2295 3790 neque

144 3810 478 3859 comuntur,
503 3814 671 3847 annus
685 3793 1084 3847 est.-—-Miror
1101 3793 1192 3864 qui
1282 3795 1527 3862 agricola
1554 3814 1727 3865 neque
1757 3798 1963 3867 juvenci
2000 3815 2181 3850 curare
2215 3819 2300 3852 so·

147 3877 418 3946 Doering.
471 3892 681 3927 rursum
736 3873 880 3925 hunc
930 3873 1193 3943 explicare
1280 3873 1407 3925 lent.
1429 3873 1706 3944 Ejusmodi
1728 3876 1871 3927 enim
1893 3875 2013 3927 vitis
2028 3877 2137 3929 sine
2154 3882 2302 3933 omni

142 3960 375 4016 locum,
400 3967 454 4008 et
482 3953 672 4006 frustra
689 3950 944 4023 quidem,
965 3952 1197 4013 laboret,

145 4053 332 4109 quum
354 4033 841 4105 interpretationem
857 4031 1200 4097 Quintiliani,

1284 3953 1430 4003 cultu
1457 3953 1694 4022 neglecta
1723 3956 1860 4025 jacet
1886 3955 1939 4005 in
1972 3955 2116 4006 nudo
2142 3977 2267 4028 agro
2285 4000 2301 4024 ‚

1289 4044 1340 4082 et
1362 4033 1442 4082 vel
1472 4030 1696 4102 pedibus
1719 4035 1786 4085 ab
1803 4034 2041 4102 agricolis
2060 4048 2109 4086 et
2122 4038 2308 4107 juven-

143 4132 326 4187 aqua
344 4133 453 4166 non
474 4112 611 4165 bene
640 4110 872 4174 recedit,
896 4108 1076 4162 modo
1073 4128 1206 4180 pro-
1291 4110 1366 4162 cis
1391 4111 1693 4163 conteritur.
