2986 4935
645 454 795 550 396

1172 457 1246 523 C.
1286 457 1713 522 VALERII
1773 457 2241 524 CATULLI

645 591 876 673 Prata,
907 611 1093 673 arva,
1129 588 1426 680 ingentes
1462 585 1686 672 silvas,
1718 586 2083 681 saltusque,
2120 586 2557 681 paludesque,

750 696 982 786 Usque
1017 693 1100 760 ad
1137 693 1606 787 Hyperboreos
1640 707 1707 760 et
1739 717 1922 762 mare
1958 693 2042 761 ad
2076 691 2465 761 Oceanum?

645 801 890 868 Omnia
920 822 1160 893 magna
1191 800 1331 867 haee
1362 814 1516 867 sunt
1537 813 1793 867 :tamen
1827 801 1964 895 ipse
1994 813 2095 867 est
2127 802 2451 868 maximus
2481 797 2690 881 ultor,

752 905 906 973 Non
941 905 1179 991 hom0‚
1218 905 1330 973 sed
1374 929 1530 973 vere
1565 904 1863 973 Mentula
1904 929 2145 998 magna
2181 907 2422 974 minax.

722 1119 777 1168 6.
816 1116 891 1167 Et
933 1136 1061 1167 mare
1110 1117 1352 1167 Oceanum
1388 1129 1558 1179 recte,
1601 1135 1664 1167 ex

637 1192 838 1265 judicio
879 1195 1063 1265 Vulpii
1093 1233 1108 1258 ,
1146 1193 1323 1247 Codex
1365 1195 1664 1248 patavinus.

646 1304 726 1316 --
758 1275 914 1345 Usque
939 1276 1009 1325 ad
1029 1276 1163 1344 Hyp.
1192 1287 1239 1325 ct
1264 1294 1393 1326 mare
1416 1276 1485 1325 acl
1509 1276 1665 1327 Ocea·

649 1373 760 1405 num
774 1392 789 1415 ,
811 1353 871 1406 h.
894 1373 941 1405 e.
968 1354 1218 1406 latissime
1239 1366 1489 1424 patentes.

733 1452 787 1502 7,
809 1436 861 1486 8.
891 1434 1069 1485 Omnia
1096 1453 1269 1501 magna
1295 1435 1395 1485 h-aec
1420 1447 1531 1485 sunt
1557 1453 1569 1484 ε
1595 1446 1670 1483 ta-

660 1532 763 1562 men
794 1525 849 1562 ut
881 1516 978 1564 sint
1013 1517 1247 1573 maxima,
1288 1526 1336 1563 et
1367 1514 1497 1564 ultra
1514 1554 1528 1576 ,
1562 1514 1677 1565 Non

661 1594 827 1654 home,
856 1594 944 1643 sed
966 1612 1078 1643 vere
1106 1594 1312 1643 mentula
1338 1612 1517 1661 magna
1541 1595 1677 1643 nimis

656 1671 865 1742 Gryph.
894 1673 1088 1724 Muret.
1123 1673 1453 1741 Henricpetr.
1487 1685 1539 1724 et
1569 1672 1676 1723 alii.

660 1784 739 1793 —
775 1751 953 1803 Omnia
989 1773 1050 1804 m.
1088 1754 1135 1802 h.
1168 1772 1207 1803 s.
1245 1765 1281 1804 t.
1323 1754 1417 1819 ipsi
1447 1755 1679 1802 maximus

660 1831 790 1882 ultor
810 1831 880 1882 N.
901 1833 947 1882 Ιι.
971 1853 1011 1884 s.
1043 1852 1152 1882 vero
1179 1852 1243 1883 m.
1262 1851 1323 1883 m.
1350 1835 1511 1882 miteax
1531 1831 1679 1883 MSS.

656 1908 837 1973 Statii,
866 1929 1025 1980 quam
1067 1912 1344 1963 lectionem
1376 1922 1579 1962 mutato
1610 1918 1678 1978 τῷ

662 1993 705 2039 si
735 1990 788 2041 in
821 1991 897 2040 lu'c
921 1993 1111 2059 probat
1133 2009 1345 2060 quoque
1377 1990 1598 2053 Statius;
1628 2003 1682 2041 et

661 2069 732 2120 sic
772 2070 882 2121 fere
920 2070 1021 2123 hoc
1057 2070 1319 2123 distichon
1356 2071 1412 2121 in
1450 2069 1681 2121 editione

1754 1116 2026 1168 Parthenii
2045 1117 2270 1187 legitur,
2295 1116 2398 1169 nisi
2422 1114 2571 1187 quod
2590 1129 2661 1167 est
2677 1135 2765 1187 pro

1755 1200 1798 1247 si
1830 1209 1882 1248 et
1907 1215 2019 1245 vere
2045 1215 2146 1266 pro
2171 1215 2290 1246 vero
2314 1195 2391 1247 ibi
2415 1214 2665 1249 excusum
2684 1208 2764 1246 est.

1757 1277 1866 1327 Nec
1885 1273 2243 1327 dubitavimus
2263 1275 2431 1327 hane
2416 1293 2587 1346 ipsam
2608 1275 2768 1326 lectio-

1758 1373 1882 1407 nem
1917 1374 2039 1406 cum
2080 1355 2196 1407 aliis
2234 1354 2401 1425 sequi.
2429 1387 2512 1396 —
2541 1354 2767 1407 Μαί-ε’

1763 1436 1912 1485 lustro
1940 1434 2044 1504 legi
2067 1435 2215 1503 jubet
2241 1432 2505 1524 Scaliger,
2529 1433 2769 1504 probante

1765 1513 1994 1583 Vulpio,
2019 1527 2079 1566 ut
2104 1514 2253 1566 lustr-o
2276 1514 2342 1565 sit
2357 1552 2375 1577 ‚
2405 1540 2426 1559 ι
2444 1513 2542 1584 qui
2561 1525 2771 1566 sectatur

1766 1592 2061 1645 meretrices
2106 1593 2160 1644 in
2201 1592 2380 1645 lustris
2427 1604 2728 1663 prostantes.
2746 1616 2764 1636 ·

1765 1704 1845 1714 —
1879 1673 2119 1724 Maximus
2136 1712 2151 1734 ,
2180 1674 2308 1724 ulem
2330 1674 2484 1724 Voss.
2511 1703 2592 1715 -
2621 1672 2772 1724 Mass·

1771 1771 1870 1802 mus
1906 1753 2035 1802 ultor
2067 1752 2121 1802 in
2150 1750 2404 1817 libidine,
2424 1770 2530 1822 qua
2556 1763 2706 1821 urget
2729 1762 2772 1801 et

1769 1831 1924 1902 punit
1943 1832 2089 1902 quasi
2123 1831 2373 1884 faeminas.
2409 1829 2583 1901 Supra
2611 1831 2773 1883 carm.

1768 1911 1977 1973 LXXI,
2012 1912 2042 1963 5
2077 1929 2090 1963 :
2130 1938 2152 1959 ι
2175 1911 2311 1962 Nam
2348 1911 2564 1981 quoties
2597 1910 2774 1969 futuit,

1770 1991 1921 2041 toties
1945 1991 2188 2041 ulciscitur
2211 1992 2410 2043 ambos.
2431 2016 2453 2037 ι
2482 2022 2562 2032 -
2585 1990 2774 2049 Mina,

1768 2068 2047 2121 libidinem
2075 2070 2295 2122 minans.

1238 2249 1795 2336 CARMEN
1874 2248 2217 2337 CXVI.

1445 2460 1553 2502 AD
1611 2459 2027 2504 GELLIUM.

767 2626 960 2692 SAEPE
990 2620 1106 2687 tibi
1144 2619 1438 2687 studioso
1472 2620 1695 2686 animo
1726 2620 2029 2690 venanda
2064 2623 2399 2714 requirens

876 2728 1190 2796 Carmina
1222 2727 1317 2793 uti
1352 2750 1613 2820 possem
1651 2726 1910 2793 mittere
1947 2726 2293 2813 Battiadae,

773 2835 978 2922 Queis
1017 2848 1082 2900 te
1116 2831 1388 2900 lenirem
1424 2832 1648 2915 nobis,
1685 2856 1817 2898 neu
1854 2856 2168 2901 conarere

750 3020 887 3070 Aac.
915 3017 1147 3070 Gellium
1164 3055 1179 3079 ,
1210 3034 1375 3086 quum
1402 3016 1569 3067 illatas
1598 3014 1687 3065 ille

669 3097 768 3150 sibi
798 3096 1188 3151 contumeliosis
1218 3096 1416 3148 Catulli
1439 3095 1688 3148 carmini-

677 3179 773 3229 bus
804 3176 1019 3247 injurias
1058 3188 1453 3227 remuneratum
1493 3175 1692 3234 ivisset,

673 3258 877 3325 placare
917 3256 1110 3308 Noster
1147 3253 1422 3307 studuerat
1459 3253 1603 3306 dono
1643 3254 1689 3304 ei

675 3333 942 3387 mittendis
958 3374 973 3399 ,
993 3353 1110 3404 quae
1137 3353 1199 3385 ex
1226 3334 1553 3387 Callimacho
1576 3351 1692 3384 ver·

675 3426 834 3477 terat,
866 3414 1206 3466 carminibus.
1243 3411 1345 3464 Sed
1374 3432 1562 3482 parum
1597 3413 1694 3462 hac

672 3493 873 3544 ratione
885 3493 1028 3563 apud
1047 3513 1165 3546 eum
1187 3493 1446 3545 effecerat.
1465 3492 1692 3561 Aequie·

679 3573 773 3624 scit
800 3572 959 3641 igitur
982 3572 1035 3623 in
1068 3593 1132 3624 eo
1158 3573 1364 3634 solatio,
1391 3570 1537 3641 quod
1565 3570 1693 3633 tela,

677 3673 705 3703 a
729 3652 904 3704 Gellio
926 3653 980 3702 in
1005 3653 1177 3721 ipsum
1200 3652 1463 3720 conjecta,
1489 3650 1696 3702 facilius

680 3732 830 3783 vitari
852 3744 903 3783 et
925 3731 1135 3783 retundi
1156 3744 1378 3800 queant,
1395 3749 1553 3801 quam
1581 3748 1696 3800 quae

675 3812 787 3879 ipse
807 3811 861 3863 in
882 3812 1032 3863 illum
1052 3813 1360 3881 conjecerat.

770 3909 787 3940 1
814 3928 830 3952 ,
884 3912 932 3942 2.
991 3890 1047 3941 V
1038 3903 1203 3940 emmte
1260 3895 1456 3961 requt'ris
1511 3891 1696 3942 Venet.

682 3971 891 4038 Gryph.
924 3971 977 4021 in
1016 3969 1163 4022 libris
1201 3971 1393 4021 Mureti
1432 3969 1699 4023 desidera·

681 4061 767 4099 tur
793 4067 894 4101 vox
920 4062 1161 4101 extrema.
1185 4080 1265 4091 —-
1293 4050 1514 4119 Requires
1551 4051 1696 4102 MSS.

682 4128 834 4180 §tatii
880 4141 929 4178 et
964 4126 1113 4182 editt.
1150 4128 1524 4198 antiquissima:
1560 4129 1698 4196 apud

1774 3013 2033 3068 editorem
2085 3017 2387 3086 cantabrig.
2435 3045 2516 3057 —-
2565 3017 2792 3068 Vena-d«

1776 3098 2013 3165 requirens
2038 3096 2274 3188 reposuit
2293 3091 2526 3167 Scaliger
2551 3115 2613 3148 ex
2641 3096 2792 3149 veteri

1777 3175 2035 3244 scriptura
2055 3178 2244 3226 veniam
2261 3176 2380 3226 dare
2395 3196 2593 3246 quares.
2608 3209 2696 3218 -—
2711 3176 2758 3224 P
2754 3195 2795 3225 e·

1780 3266 1921 3305 nante
1947 3254 2001 3305 in
2033 3266 2214 3307 nostro
2240 3256 2356 3307 MS.
2380 3253 2532 3326 quod
2554 3255 2714 3326 long'e
2733 3262 2793 3306 τί

1781 3354 1815 3381 «υ
1807 3334 2002 3384 enamla
2047 3335 2311 3400 antefero,
2353 3353 2478 3386 nam
2523 3354 2632 3386 non
2689 3334 2797 3385 mis

1783 3412 1911 3484 quid
1940 3415 2007 3466 sit
2038 3415 2264 3465 venando
2296 3419 2512 3466 earmimae
2543 3413 2797 3484 dispicio,

1783 3505 1834 3544 et
1882 3490 1991 3545 duo
2042 3494 2278 3563 epitheta
2318 3494 2529 3545 studioso
2544 3534 2560 3557 ‚
2601 3505 2799 3545 mle

1783 3570 1955 3624 eidem
1983 3574 2099 3625 voci
2127 3587 2331 3643 aggesta
2355 3574 2656 3627 Catulliano
2681 3574 2799 3626 Car-

1785 3651 1916 3703 mini
1938 3671 2045 3703 non
2064 3665 2377 3723 repugnant.
2402 3653 2473 3707 N.
2496 3683 2578 3695 —
2593 3654 2627 3704 J
2632 3670 2766 3722 unge
2786 3668 2801 3702 ε

1786 3731 1923 3801 Scepe
1956 3736 2192 3801 requirens
2219 3728 2463 3792 (mecum
2496 3727 2801 3802 reputans),

1788 3814 1857 3861 uti
1865 3831 2046 3880 possem
2055 3813 2144 3863 tibi
2149 3814 2330 3863 mittere
2340 3815 2554 3864 ean-im
2563 3810 2802 3864 Battiadae

1787 3887 1877 3952 (cf.
1906 3911 2065 3963 supra
2088 3890 2156 3944 ad
2184 3891 2363 3945 Curm.
2387 3893 2559 3951 LXV,
2592 3889 2684 3950 16)
2709 3903 2803 3940 seu·

1788 3972 1923 4023 dioso
1944 3977 2103 4022 aalma
2120 3972 2364 4036 manda,
2387 3972 2444 4024 h.
2463 3990 2511 4022 e.
2532 3968 2803 4040 diligenter

1788 4050 2142 4122 investiganda
2167 4065 2219 4104 et
2242 4049 2573 4105 excutienda.

1875 4130 1927 4183 3.
1953 4133 2076 4199 (Duoe
2097 4133 2359 4183 &lenirent
2383 4130 2712 4184 Parthenius.
2734 4157 2803 4170 —-
