2986 4935
900 461 1347 529 CARMEN
1403 462 1768 529 LXXXI.

2256 452 2392 524 361

775 694 1332 784 CARMEN
1407 694 1885 780 LXXXI.

990 930 1099 974 AD
1155 929 1676 975 JUVENTIUM.

368 1115 683 1184 ΝΕΜΟΝΕ
721 1115 788 1181 in
819 1129 1009 1184 tanto
1040 1117 1259 1209 potuit
1291 1115 1540 1210 populo
1573 1140 1752 1200 esse,
1784 1118 1822 1184 J
1828 1117 2086 1201 aventi,

472 1219 691 1290 Bellus
722 1221 927 1290 homo
948 1275 967 1307 ‚
1000 1248 1200 1316 quem
1232 1238 1305 1291 tu
1339 1221 1610 1316 diligere
1643 1222 1999 1316 incipet-653

370 1331 813 1422 Praeterquam
847 1330 968 1396 iste
1001 1343 1155 1398 tuus
1184 1329 1583 1397 moribunda
1611 1353 1652 1395 a
1684 1328 1837 1397 sede
1869 1329 2117 1398 Pisauri

474 1437 772 1529 Hospes,
817 1438 1120 1504 inaurata
1161 1435 1471 1530 pallidior
1514 1434 1774 1504 statua?

368 1542 505 1629 Qui
541 1541 658 1609 tibi
699 1567 879 1612 nunc
922 1543 1109 1611 cordi
1147 1556 1280 1629 est,
1317 1567 1516 1636 quem
1547 1557 1620 1611 tu
1656 1567 2041 1637 praeponere
2078 1542 2268 1611 nobis
2384 1575 2409 1611 ς,

478 1648 720 1716 Audes.
764 1645 901 1717 Ah!
938 1652 1184 1737 nesciS‚
1215 1649 1396 1743 quod
1429 1649 1687 1718 facinus
1720 1649 1940 1719 facias.

340 1861 482 1911 Ana.
501 1858 729 1913 Miratur
740 1900 754 1925 ,
770 1859 901 1931 quid
921 1862 987 1913 sit
1001 1900 1017 1927 ‚
1031 1860 1178 1933 quod
1192 1863 1221 1914 J
1230 1882 1291 1913 u·

253 1940 470 1993 ventius
492 1939 679 1992 misere
706 1941 1076 2010 pallescentem
1104 1960 1291 2012 quem·

252 2019 388 2072 dam
402 2018 677 2072 hominem
689 2019 1050 2073 Pisaurensem
1066 2020 1288 2092 dignum

253 2100 530 2165 habuerit,
545 2117 703 2169 quem
719 2100 819 2171 ipsi
834 2113 887 2153 et
903 2101 1016 2153 aliis
1033 2102 1089 2153 in
1108 2119 1288 2153 amore

251 2191 619 2252 preponeret.
641 2212 722 2223 -—
750 2183 829 2233 De
856 2194 1009 2252 gente
1037 2182 1069 2233 J
1074 2182 1288 2234 uventia

255 2258 390 2313 vide
423 2258 685 2329 Vulpium
731 2280 889 2331 supra
937 2259 1009 2314 ad
1059 2261 1288 2315 Carmen

254 2340 451 2393 XXIV
458 2379 471 2392 .

351 2438 402 2472 1.
436 2420 497 2472 In
528 2434 663 2474 tanto
683 2421 866 2492 populo
886 2462 900 2484 ,
939 2422 992 2474 in
1025 2433 1169 2474 tanta
1202 2441 1293 2493 po-

252 2500 383 2571 puli
405 2501 724 2572 frequentia.

347 2602 402 2633 2.
424 2582 690 2653 Inciperes,
719 2582 772 2634 in
804 2582 1044 2633 animum
1072 2580 1292 2635 induce-

247 2679 348 2714 res
366 2700 380 2721 ,
406 2662 519 2726 vel,
538 2661 686 2734 quod
710 2662 942 2731 Scaliger
961 2660 1292 2714 animadver-

252 2742 326 2793 tit
341 2778 360 2805 ,
390 2741 590 2811 diligere
612 2747 839 2812 inciperes
866 2762 966 2813 pro
994 2742 1236 2812 diligeres.

347 2819 402 2872 3.
432 2822 597 2876 Janus
622 2823 913 2891 Meleager,
940 2840 1105 2891 quum
1132 2841 1231 2892 pro
1260 2842 1290 2871 a

247 2901 376 2951 ,sede
408 2902 730 2955 membranae
768 2901 993 2954 Palatin.
1033 2902 1294 2954 haberent

245 2982 334 3032 ad
347 2980 459 3032 sede
481 2994 532 3035 et
556 2983 876 3036 Commelini
899 2982 983 3043 ab,
1004 2980 1290 3051 legendum

244 3073 442 3114 censet
480 3062 582 3111 ah!
620 3081 721 3133 pro
762 3063 873 3112 sede
902 3081 1033 3113 vero
1070 3061 1292 3130 corrigit

244 3161 390 3212 sepe,
416 3141 684 3212 explicans
704 3162 856 3212 sepem
879 3142 1206 3195 moribundam
1225 3139 1293 3194 de

1380 1859 1629 1913 dentibus
1666 1862 1814 1914 senio
1852 1864 2063 1914 cariosis
2100 1874 2152 1912 et
2184 1860 2407 1913 cadave-

1378 1941 1539 2003 rosis3
1573 1939 1733 1993 nimis
1760 1941 1976 2011 argute!
2002 1972 2082 1983 —
2107 1941 2404 1993 *floribunda

1379 2044 1408 2071 α
1437 2022 1547 2072 sede
1577 2022 1791 2073 Pisauri.
1826 2022 1952 2073 Fuit
1986 2021 2262 2072 Pisaurum
2301 2038 2404 2090 op·

1378 2100 1571 2171 pidum
1597 2101 1836 2153 Umbria‘,
1866 2100 2189 2152 maritimum
2209 2137 2226 2163 ,
2255 2098 2403 2170 quod

1377 2181 1769 2252 praeterlabitur
1827 2179 2020 2231 fluvius
2075 2180 2407 2249 cognominis

1379 2264 1615 2314 Pisaurus
1633 2281 1655 2322 ,⁶
1700 2272 1916 2313 vocatur
1954 2260 2085 2311 sedes
2123 2259 2405 2310 moribunda

1379 2338 1527 2393 haud
1555 2340 1719 2393 dubie
1745 2341 1815 2392 ob
1843 2340 2005 2405 aeris,
2024 2358 2133 2410 quo
2165 2339 2301 2389 male
2330 2340 2405 2390 af-

1378 2420 1697 2475 ficiebantur
1726 2421 2021 2475 incolarum
2051 2437 2304 2490 corpora,
2330 2419 2404 2470 vi·

1381 2503 1537 2554 tium.

1467 2590 1518 2644 4.
1549 2578 1792 2633 Inaurata
1816 2581 2053 2650 pallidior
2077 2592 2256 2632 statua.
2281 2579 2405 2630 Tri-

1380 2663 1567 2715 buitur
1606 2681 1735 2713 auro
1777 2662 1908 2712 color
1935 2661 2183 2730 pallidus,
2226 2661 2403 2730 ὠχρὸς,

1380 2745 1586 2811 χλωρός.
1614 2742 1696 2795 Cf.
1728 2760 1841 2811 sup.
1868 2738 1935 2792 ad
1963 2741 2024 2792 C.
2053 2741 2251 2802 LXIV,
2279 2758 2404 2792 1oo.

1463 2825 1515 2874 6.
1535 2822 1586 2873 A
1592 2835 1613 2870 t
1627 2824 1775 2871 nescis
1790 2820 1998 2892 Gryph.
2015 2821 2213 2873 Muret.
2229 2820 2406 2872 Graev.

1380 2901 1526 2953 haud
1541 2902 1717 2952 minus
1736 2898 2017 2954 commode
2033 2939 2048 2965 ,
2068 2913 2200 2970 puto
2214 2940 2228 2964 ‚
2247 2918 2406 2970 quam

1380 2984 1462 3043 ale,
1482 2979 1625 3051 quod
1646 2981 1896 3033 exhibent
1919 2979 2069 3031 editt.
2090 2981 2409 3032 recentiores

1380 3062 1629 3115 Cantabr.
1660 3063 1816 3114 Voss,
1839 3059 2009 3131 Vulp.
2044 3057 2280 3130 Gotting.
2318 3059 2405 3110 Bi·

1380 3141 1592 3211 pontin.
