2986 4935
695 441 836 531 198
1208 444 1281 509 c.
1317 443 1754 509 VALERn
1813 443 2278 511 CATULLI

678 572 844 623 facete
865 568 1212 641 respondent,
1235 571 1436 640 puellas
1461 569 1647 623 aliud
1633 592 1685 624 ιιι
1709 591 1831 636 ore,
1846 570 2039 625 aliud
2024 591 2078 624 ιιι
2102 585 2313 641 pectore
2335 570 2559 634 habene,
2586 568 2800 641 ideoque

678 650 858 702 hunc
845 669 1048 742 ipsum,
1073 669 1229 721 quem
1253 651 1426 720 palam
1450 664 1699 721 carpant,
1721 652 1873 704 tacite
1891 665 2087 723 optare.
2112 652 2433 721 Compar-ant
2451 646 2523 710 (V.
2551 642 2799 719 39-49)

675 731 865 821 puel-las
882 730 1140 799 virginem
1163 730 1407 781 intactam
1431 749 1552 781 cum
1575 730 1740 782 flore
1727 750 1779 781 ιιι
1801 730 1955 782 horto
1982 743 2179 783 secreto
2194 741 2463 792 nascente,
2485 729 2609 799 qui,
2629 748 2801 800 qnam·

676 806 810 859 diu
795 828 849 860 in
878 809 1080 860 honore
1108 827 1200 859 suo
1225 809 1444 861 intactus
1469 822 1519 861 et
1548 810 1879 861 intemeratus
1908 810 2199 880 superbiat,
2224 808 2446 860 mirifice
2466 808 2644 878 pueris
2666 810 2801 878 puel·

676 889 844 959 lisque
868 889 1097 957 placeat:
1121 920 1197 927 —
1217 900 1270 939 at
1295 888 1523 956 puellam
1552 888 1773 941 libidine
1800 890 2202 941 contaminatam
2229 888 2453 939 similem
2482 906 2590 938 esse
2617 901 2803 939 canunt

679 968 800 1019 flori
837 966 1085 1035 decerpto
1116 980 1166 1018 et
1204 968 1415 1037 jamjam
1455 967 1807 1031 flaccescenti,
1839 987 1998 1038 quem
2038 985 2137 1019 nec
2171 965 2325 1038 pueri
2355 984 2454 1017 nec
2489 967 2682 1036 puella
2715 986 2802 1018 cu-

674 1061 810 1100 rent.
833 1047 962 1098 Vim
994 1045 1077 1107 (v.
1106 1052 1175 1114 49
1194 1077 1271 1088 —-
1293 1045 1400 1113 59)
1429 1047 1817 1117 elegantissimae
1846 1047 2250 1117 comparationis
2275 1047 2568 1115 infringunt
2593 1048 2805 1116 juvenes

674 1127 775 1178 alia
813 1145 876 1178 ex
907 1144 965 1177 re
1005 1125 1190 1193 agresti
1220 1126 1381 1194 petita
1412 1127 1655 1197 imagine.
1694 1127 1992 1179 Puellarum
2034 1126 2286 1178 nimirum
2326 1124 2689 1178 conditionem
2728 1144 2804 1176 re-

673 1205 933 1275 spondere
965 1205 1140 1274 potius
1166 1204 1312 1256 aiunt
1344 1203 1634 1258 conditioni
1664 1219 1714 1257 et
1740 1220 1935 1258 naturae
1961 1206 2083 1258 vitis
2100 1244 2115 1270 ,
2154 1224 2303 1275 quae,
2345 1205 2389 1256 si
2420 1206 2475 1256 in
2502 1201 2655 1256 nudo
2684 1224 2805 1256 arvo

676 1297 917 1337 nascatur
956 1284 1151 1335 inculta
1172 1320 1188 1344 ,
1221 1302 1318 1336 nec
1354 1284 1407 1335 in
1444 1286 1609 1337 altum
1651 1304 1926 1354 exsurgens
1959 1286 2110 1337 mites
2149 1303 2275 1336 uvas
2307 1281 2575 1346 demittat,
2613 1283 2806 1335 nullius

677 1366 830 1434 pretii
863 1364 1043 1415 haberi
1071 1363 1230 1414 soleat
1256 1364 1323 1414 ab
1352 1363 1627 1433 agricolis3
1660 1363 1899 1416 eamdem
1924 1383 2079 1427 vero,
2106 1364 2149 1415 si
2177 1365 2323 1415 ulmo
2350 1363 2586 1415 maritata
2608 1362 2806 1414 foecun·

678 1444 889 1496 ditatem
924 1441 1219 1533 promittat,
1255 1444 1322 1494 ab
1353 1442 1538 1494 iisdem
1577 1444 1805 1495 maxima
1831 1463 1957 1496 cura
1985 1445 2119 1507 coli;
2164 1456 2214 1494 et
2248 1444 2404 1512 plane
2429 1443 2500 1494 ita
2533 1460 2587 1493 se
2613 1442 2806 1493 habere

675 1543 797 1575 cum
821 1523 1010 1593 puellis
1036 1522 1268 1591 innuptis
1295 1535 1345 1573 et
1368 1523 1575 1593 nuptis,
1608 1524 1719 1574 illas
1747 1541 2008 1575 senescere
2038 1523 2233 1576 steriles
2259 1536 2311 1573 et
2334 1521 2552 1574 incultas
2568 1560 2583 1586 ,
2609 1521 2709 1572 has
2733 1540 2808 1572 ca·

676 1623 760 1654 ras
791 1617 842 1656 et
870 1600 1127 1673 jucundas
1156 1619 1262 1652 esse
1293 1601 1407 1653 viro
1439 1615 1488 1654 et
1519 1603 1832 1672 parentihuS.
1858 1602 2092 1672 Uterque
2112 1600 2183 1664 (ν.
2207 1603 2277 1668 59
2305 1621 2416 1672 usq.
2432 1599 2496 1653 ad
2520 1592 2639 1666 fin.)
2673 1618 2808 1652 nunc

677 1683 900 1745 chorus,
930 1695 987 1734 ut
1014 1698 1169 1751 supra
1203 1681 1255 1731 in
1284 1680 1467 1732 ultima
1495 1683 1708 1772 stropha
1734 1681 1972 1751 Hymni'
1958 1701 2012 1732 ιιι
2042 1683 2193 1733 Dian.
2226 1683 2401 1734 Carm.
2426 1681 2690 1744 XXXIV,
2720 1679 2807 1731 nbi

678 1762 786 1815 vid.
813 1780 908 1814 nos
928 1760 994 1813 ad
1018 1779 1070 1812 v.
1102 1777 1122 1810 1
1145 1796 1162 1822 ,
1188 1753 1512 1829 (puellarum
1542 1761 1681 1811 enim
1706 1760 1927 1823 chorus,
1950 1778 2096 1830 aeque
2122 1779 2183 1813 ac
2212 1773 2374 1830 nupta
2398 1761 2587 1811 marito
2604 1798 2620 1823 ,
2643 1760 2807 1812 victus

676 1845 776 1912 jam
803 1840 1008 1894 cessisse
1029 1837 1237 1890 videtur
1266 1858 1552 1909 puerorum
1578 1841 1742 1892 choro
1758 1830 1805 1906 ,)
1830 1857 1883 1890 se
1910 1842 2166 1893 convertit
2185 1839 2252 1892 ad
2278 1853 2493 1909 nuptam
2512 1876 2528 1900 ,
2556 1857 2809 1909 eamque,

676 1936 733 1974 ut
758 1920 1100 1990 virginitatem
1121 1958 1135 1982 ,
1156 1921 1302 1988 cujus
1329 1931 1529 1988 partem
1560 1920 1674 1971 aliis
1698 1916 2089 1971 concedendam
2114 1924 2231 1990 jure
2262 1919 2360 1970 sibi
2387 1918 2663 1970 vindicare
2692 1939 2808 1990 pos·

675 2002 778 2054 sint
798 2012 1070 2071 parentes,
1095 1998 1149 2050 in
1178 1999 1347 2049 mariti
1375 2000 1703 2068 amplexibus
1734 1999 1919 2049 lubens
1938 2000 2045 2067 jam
2080 1999 2310 2068 deponat
2329 2035 2344 2057 ,
2374 1998 2601 2069 graviter
2629 1997 2809 2050 horta-

679 2094 781 2134 tur.
804 2111 884 2120 —
902 2078 1197 2148 Singulares
1223 2090 1273 2127 et
1304 2076 1496 2128 divinae
1528 2076 1683 2147 liujus
1709 2077 1954 2129 carminis
1982 2076 2129 2129 dotes
2161 2079 2362 2148 percipi
2391 2077 2568 2148 potius
2596 2096 2625 2129 a
2659 2077 2811 2129 lecto·

674 2161 819 2212 ribus
836 2197 850 2220 ,
879 2177 1034 2230 quam
1059 2175 1189 2208 vana
1215 2154 1591 2208 declamatione
1619 2175 1647 2207 a
1672 2175 1757 2207 me
1779 2156 2004 2207 describi
2029 2171 2079 2208 et
2106 2158 2283 2209 extolli
2306 2155 2527 2217 debent,
2562 2175 2697 2227 quas
2722 2154 2809 2228 qui

679 2237 964 2291 hebetioris
988 2236 1177 2304 ingenii
1206 2237 1471 2306 percipere
1500 2255 1604 2286 non
1630 2250 1871 2305 possunt,
1903 2236 1969 2286 ab
2000 2237 2144 2288 omni
2168 2250 2403 2288 veterum
2433 2247 2717 2305 poetarum
2746 2237 2809 2287 le·

676 2320 849 2372 ctione
875 2314 1126 2368 arcendos
1152 2328 1295 2383 puto.
1329 2347 1404 2355 -—
1430 2316 1520 2365 Est
1544 2327 1718 2366 autem
1745 2316 1847 2367 hoc
1875 2333 2085 2365 carmen
2117 2316 2353 2386 nuptiale
2380 2334 2442 2367 ex
2466 2315 2687 2367 amoeloei
2712 2335 2812 2365 car»

681 2403 818 2449 minis
847 2415 1062 2466 genere,
1101 2396 1248 2460 cujus
1281 2396 1390 2457 lex,
1424 2390 1444 2453 (
1460 2408 1517 2446 ut
1541 2395 1711 2454 Herae
1732 2394 1970 2464 principit
1995 2394 2051 2445 in
2080 2399 2297 2466 Argum.
2323 2393 2388 2446 ad
2411 2394 2603 2464 Virgil.
2630 2396 2808 2465 Eclog

681 2470 798 2545 ΙΙΙ)
829 2478 939 2528 haec
970 2488 1072 2535 est,
1102 2486 1158 2525 ut
1190 2474 1257 2534 is,
1287 2475 1379 2545 qni
1411 2494 1436 2524 r
1533 2457 1725 2538 οιιᾶει,
1755 2475 1949 2526 eisdem
1977 2475 2211 2529 versibus
2238 2488 2288 2526 et
2313 2475 2549 2527 numeris
2576 2490 2672 2529 aut
2696 2495 2815 2528 oon·

680 2557 905 2609 tmrium
919 2591 932 2609 ,
955 2567 1044 2605 aut
1065 2554 1248 2622 majus,
1266 2566 1354 2604 aut
1373 2493 1725 2622 puffirius
1663 2554 1868 2625 aliquid
1889 2552 2145 2616 dicat,aut
2158 2555 2265 2606 nlla
2280 2556 2481 2608 ratione
2493 2554 2673 2608 simile
2686 2552 2812 2627 qnid

679 2637 955 2708 subjiciat3
989 2651 1087 2685 nec
1114 2631 1301 2683 dubito
1319 2669 1333 2695 ,
1357 2632 1488 2702 'quin
1519 2631 1659 2684 idem
1687 2634 1870 2686 latiore
1898 2633 2275 2702 significatione
2308 2647 2448 2688 recte
2476 2652 2697 2704 quoque
2724 2653 2811 2688 vo·

678 2717 784 2770 cari
807 2714 967 2787 possit
992 2712 1404 2783 epithalamium.
1432 2710 1562 2763 Vid.
1591 2732 1687 2764 nos
1711 2714 1763 2764 in
1791 2716 2008 2781 Argum.
2037 2712 2104 2765 ed
2132 2713 2311 2783 Epith.
2336 2715 2499 2767 Manl.
2525 2727 2581 2766 et
2597 2715 2719 2767 sul.
2739 2746 2812 2756 -

679 2797 741 2849 Ῑιι
770 2815 898 2867 quas
927 2793 1133 2862 nuptias
1159 2792 1262 2843 hoc
1288 2800 1496 2843 carmen
1527 2793 1779 2861 scriptum
1808 2794 1905 2853 sit,
1935 2794 2019 2843 vix
2046 2794 2155 2844 ullo
2181 2807 2488 2863 argumento
2511 2794 2637 2847 satis
2659 2795 2812 2847 fimo

679 2875 890 2946 probari
915 2884 1118 2943 potest;
1147 2871 1295 2923 multi
1321 2869 1386 2922 ad
1417 2868 1621 2923 easdem
1644 2873 1675 2921 J
1680 2874 1752 2924 ul.
1782 2886 1834 2924 et
1861 2872 2024 2924 Mani.
2053 2872 2261 2943 nuptias
2287 2892 2407 2925 cum
2441 2874 2719 2943 superiore
2744 2891 2815 2925 re·

679 2955 888 3017 ferunt3
929 2952 1223 3005 Cor-rodinus
1264 2952 1546 3020 praeposuit
1580 2949 1712 3003 adeo
1748 2953 1851 3003 hoc
1887 2968 2095 3003 carmen
2135 2952 2391 3021 superiori
2411 2992 2427 3017 ‚
2464 2966 2517 3005 et
2554 2971 2687 3006 cum
2725 2953 2814 3005 illo

679 3035 980 3105 conjunxit;
1013 3031 1103 3084 sed
1134 3030 1274 3082 haud
1308 3030 1496 3092 dubie,
1528 3030 1672 3100 quod
1703 3050 1972 3102 nunquam
2004 3044 2142 3084 certe
2173 3032 2294 3083 sciri
2322 3044 2523 3102 potest,
2544 3052 2654 3085 nec
2681 3031 2812 3084 iund

679 3114 810 3167 scire
839 3112 1068 3165 multum
1093 3112 1279 3174 refert,
1308 3110 1510 3162 nescire
1534 3111 1667 3162 velle
1694 3123 1914 3181 prastat.
1937 3141 2015 3151 -·
2045 3108 2305 3163 Caeterum
2336 3112 2439 3164 hoc
2462 3129 2684 3165 carmen
2712 3125 2815 3164 stn-

680 3191 826 3246 diose
860 3190 1050 3244 imitati
1077 3202 1195 3241 sunt
1226 3203 1328 3241 tam
1362 3203 1559 3240 veteres
1589 3208 1745 3259 quam
1774 3190 2114 3251 recentiores,
2145 3203 2215 3243 et
2226 3209 2255 3242 a
2287 3191 2508 3245 multis
2495 3209 2551 3242 ιιι
2587 3192 2809 3261 patriam

678 3274 910 3341 linguam
935 3270 1235 3322 translatum
1263 3282 1354 3320 est.
1382 3270 1660 3331 flosculi-lde
1686 3271 1738 3318 V
1734 3290 1824 3322 ers
1858 3282 2036 3321 mett-ec.
2063 3272 2211 3338 cujus
2243 3270 2570 3323 mentionem
2596 3271 2816 3323 fecimus

678 3353 736 3403 in
757 3360 1035 3418 argumento
1061 3348 1360 3418 Epitlialam.
1381 3348 1484 3400 lul.
1509 3360 1556 3398 et
1575 3348 1732 3400 Monl.
1755 3349 1987 3401 verbosis
2008 3347 2176 3401 laudis
2198 3350 2475 3419 praeconiis
2494 3349 2817 3403 condecorat

679 3443 730 3482 et
753 3431 907 3481 nobis
929 3426 1265 3481 commendat
1286 3430 1398 3497 ejus
1418 3429 1618 3479 amicus
1644 3428 1904 3493 Gru-littus,
1930 3447 2026 3480 nec
2053 3426 2259 3481 dubitat
2278 3447 2394 3481 eam
2412 3430 2670 3497 pruses-re
2692 3431 2815 3481 Har·

680 3511 787 3562 deri
805 3509 1058 3571 versioni,
1091 3524 1209 3578 quae
1237 3505 1304 3558 de
1331 3507 1433 3560 hoc
1459 3507 1689 3559 carmine
1716 3521 1876 3560 exstat
1905 3509 1959 3559 in
1986 3508 2191 3560 Her-den·
2221 3510 2273 3558 V
2270 3509 2552 3560 olksliedem
2579 3509 2616 3561 1.
2650 3511 2705 3562 11
2722 3549 2739 3571 ‚
2764 3528 2814 3580 p.

689 3596 789 3651 14¹
813 3627 829 3651 ,
872 3590 1019 3657 cujus
1055 3599 1228 3639 tamen
1259 3599 1438 3639 auctor
1466 3605 1529 3637 ex
1562 3588 1807 3638 sententia
1845 3587 2050 3640 Gur-litei
2077 3589 2165 3639 vix
2196 3607 2303 3640 esse
2330 3590 2492 3657 possit
2523 3589 2814 3649 Hae-dem,-

680 3668 771 3721 sed
794 3668 934 3721 dicat
957 3667 1089 3720 mihi
1119 3666 1359 3719 Gurltetm
1377 3705 1392 3728 ,
1419 3685 1483 3718 an
1514 3666 1660 3717 verbi
1688 3684 1839 3718 causa
1867 3668 1919 3717 in
1944 3669 2223 3719 vernacula
2248 3681 2388 3722 recte
2413 3667 2516 3720 dici
2547 3672 2721 3739 possit
2743 3669 2817 3720 die

684 3748 944 3802 Gedmaeken
967 3747 1316 3798 versammeln?
1346 3764 1466 3797 nam
1492 3763 1623 3797 vers.
1658 3762 1745 3813 17,
1768 3747 1922 3798 vertit
1943 3747 2251 3812 Rosenseldas
2281 3767 2303 3799 .·
2339 3774 2361 3795 ι
2387 3750 2558 3801 Drum
2587 3748 2683 3802 ihr
2710 3750 2818 3802 Ge·

676 3846 895 3891 nossen3
925 3847 1026 3879 nur
1052 3828 1179 3895 jetzt
1206 3825 1535 3876 versammelt
1567 3845 1691 3876 eure
1719 3824 2029 3878 Gedsnken.
2056 3852 2076 3873 ι
2118 3828 2190 3879 Ut
2221 3826 2320 3880 alia
2346 3842 2567 3881 taceam.

1346 4012 2115 4045 -„-—--o-0‹e---—-
