2986 4935
718 419 864 490 306

1230 421 1305 484 C.
1344 419 1460 483 VA
1481 418 1776 484 LERII
1838 417 2293 485 CATULLI

816 556 1008 643 Isque
1044 573 1162 643 per
1200 548 1499 616 aetherias
1541 573 1645 616 me
1680 547 1912 616 tollens
1949 545 2215 615 advolat
2252 570 2477 635 auraS,
2775 583 2818 616 ω

923 660 1005 723 Et
1035 656 1310 722 Veneris
1348 669 1529 721 casto
1566 653 1870 724 conlocat
1905 656 1970 722 in
2002 655 2273 747 gremio.

712 896 838 947 ridos
870 894 1009 944 alese
986 912 1167 964 e:quus
1157 889 1323 942 haud
1354 889 1515 942 dubie
1537 890 1724 942 intelli·

708 972 915 1044 gendus
965 985 1040 1024 est
1087 971 1391 1060 Zephyrus,
1441 969 1723 1022 Chloridos

712 1055 791 1106 vel
818 1054 984 1105 Flora»,
1002 1050 1256 1113 amasius;
1280 1048 1384 1100 vid.
1410 1048 1571 1100 Ovid.
1590 1049 1723 1100 F.ast

712 1135 784 1196 V,
811 1133 945 1199 195,
967 1149 1079 1199 sqq.
1067 1129 1336 1190 .-ΑΙε.ς,
1368 1128 1511 1179 venti
1535 1128 1673 1179 enim
1697 1147 1725 1179 a

714 1212 878 1282 poetis
910 1211 1180 1278 finguntur
1210 1207 1356 1271 alati3
1388 1204 1501 1258 de
1486 1225 1602 1275 ipso
1629 1209 1726 1258 Ze·

713 1291 886 1361 phyro
898 1285 1217 1341 Claudianus
1231 1285 1297 1337 de
1316 1288 1465 1354 Rapt.
1481 1288 1725 1355 Proserp.

715 1370 767 1421 11
791 1405 804 1425 ,
860 1370 930 1420 88
963 1385 975 1418 :
1014 1391 1034 1412 ι
1054 1365 1150 1416 Ille
1199 1383 1339 1416 novo
1403 1363 1729 1417 madidantes

715 1460 925 1500 nectare
963 1463 1158 1515 pennas
1188 1445 1452 1496 Concutit.
1480 1470 1501 1490 ιι
1542 1443 1729 1495 Fusius

717 1526 785 1577 de
811 1526 956 1576 alatis
981 1528 1135 1574 ventis
1155 1542 1251 1574 nos
1270 1524 1467 1593 egimus
1493 1523 1546 1573 in
1574 1523 1732 1574 Com·

716 1605 1037 1658 mentatione
1082 1619 1094 1652 ε
1135 1603 1193 1652 de
1247 1602 1392 1652 alatis
1445 1603 1731 1671 imaginibus

717 1683 1055 1754 apudVeeet-es
1074 1717 1090 1744 ,
1110 1701 1161 1750 p.
1192 1680 1288 1744 23,
1314 1681 1519 1744 Gothae,
1553 1683 1697 1750 1786
1715 1720 1730 1744 ,

718 1795 797 1805 —-
823 1764 994 1834 Equus
1016 1781 1033 1812 .·
1056 1779 1177 1812 num
1222 1762 1362 1812 venti
1391 1802 1404 1822 ‚
1450 1760 1517 1812 ad
1546 1780 1731 1812 eornm

718 1842 1045 1894 velocitatem
1064 1837 1479 1891 adumbrandmn
1491 1842 1594 1904 ,vel
1611 1858 1732 1891 cum

719 1922 865 1991 equis
892 1931 1269 1990 comparantur
1293 1957 1306 1981 ,
1330 1921 1413 1969 vel
1446 1921 1735 1989 equitantes

722 1999 1058 2053 inducuntur.
1092 1999 1178 2050 Sic
1212 1998 1260 2048 T
1257 1997 1418 2049 braces
1457 2003 1565 2070 equi
1591 1999 1732 2050 venti

721 2078 972 2133 dicuntur
989 2077 1205 2129 Valerio
1233 2077 1420 2129 Flacco
1440 2079 1464 2128 1
1482 2117 1496 2140 ‚
1525 2082 1588 2129 61
1610 2097 1630 2130 1
1652 2116 1665 2141 ,
1684 2091 1734 2128 et

721 2172 874 2211 notus
895 2171 969 2209 est
995 2160 1195 2228 Ζέφυρος
1222 2159 1467 2217 ἱππιύσας
1490 2176 1552 2208 cx
1578 2156 1731 2208 Euri-

724 2237 833 2308 pid.
876 2237 1128 2288 Phoeniss.
1172 2247 1307 2298 ΜΝ,
1348 2250 1398 2288 et
1444 2239 1606 2287 Eur-us
1646 2255 1737 2303 per

723 2317 908 2368 Siculas
936 2315 1087 2366 undas
1104 2316 1319 2385 equitans
1342 2335 1403 2366 ex
1425 2317 1606 2367 Horat.
1625 2312 1730 2365 Od.

726 2398 824 2462 lv,
863 2403 894 2458 4
913 2433 927 2457 ,
976 2401 1062 2457 44.
1115 2394 1224 2445 Nec
1269 2393 1491 2444 dixerim
1519 2433 1535 2458 ,
1576 2412 1732 2464 quam

723 2487 860 2527 recte
892 2486 1059 2524 ventos
1086 2477 1343 2544 equitantes
1376 2473 1442 2524 de
1473 2492 1632 2525 curru
1661 2475 1736 2525 in·

725 2553 887 2605 vectis
914 2553 1285 2621 interpretetur
1307 2553 1477 2624 Heytee
1496 2552 1561 2604 ad
1582 2555 1731 2622 Vir-g.

728 2636 847 2684 AEn.
879 2633 960 2686 11,
1007 2634 1116 2691 418
1135 2669 1150 2693 ,
1192 2631 1314 2684 licet
1343 2633 1467 2683 alias
1495 2632 1626 2702 bigis
1654 2633 1734 2683 in-

727 2710 861 2762 vecti
875 2708 1018 2780 apud
1032 2723 1209 2780 poetas
1222 2724 1273 2762 et
1286 2713 1393 2763 scul
1399 2725 1574 2782 ptores
1592 2711 1734 2763 venti

725 2802 1027 2860 appareant.
1049 2821 1127 2830 —
1147 2788 1228 2841 Ad
1252 2790 1393 2842 hunc
1413 2792 1592 2842 locum
1608 2791 1738 2842 Vul-

727 2871 846 2940 pius
859 2869 1057 2921 Valerii
1072 2869 1242 2921 Flacci
1261 2888 1436 2922 versus
1452 2870 1649 2941 optime
1667 2868 1734 2921 ad

728 2967 839 3000 rem
868 2948 1111 3001 facientes
1138 2948 1351 3001 retulit:
1388 2976 1408 2995 a
1428 2947 1655 3000 fundunt
1684 2967 1735 2999 se

728 3045 937 3080 carcere
972 3028 1075 3080 laeti
1102 3029 1149 3078 T
1147 3030 1307 3079 hraoes
1336 3034 1445 3099 equi
1463 3069 1478 3090 ,
1527 3027 1736 3098 Zephy-

726 3125 917 3176 rusque
934 3119 986 3159 et
1012 3108 1153 3158 nocti
1174 3108 1421 3158 concolor
1443 3107 1572 3169 alas,
1591 3106 1738 3158 Nim-

726 3186 917 3236 borum
941 3204 1062 3237 cum
1083 3186 1261 3255 prole,
1287 3186 1471 3236 Notus.
1492 3210 1514 3230 ι
1542 3188 1736 3254 Argon.

726 3264 779 3326 1,
812 3268 934 3315 610.
958 3264 1026 3314 Et
1052 3263 1137 3314 hic
1166 3264 1330 3333 ipsius
1353 3263 1546 3317 Catulli
1568 3282 1619 3315 v.
1645 3266 1737 3329 28,

731 3361 801 3409 ²9
822 3381 836 3405 ,
861 3342 1035 3395 Car-m.
1062 3343 1179 3406 LV,
1201 3361 1493 3395 memorare
1516 3361 1621 3394 non
1641 3344 1733 3395 ab·

723 3438 910 3472 sonum
924 3421 1045 3483 erit,
1059 3421 1148 3472 ubi
1160 3435 1562 3493 ventosquoque
1574 3439 1735 3492 equos

724 3499 891 3567 fingit.
920 3498 985 3551 N.
1012 3530 1091 3541 —-
1111 3501 1332 3553 Arsinoe
1362 3514 1532 3553 nutem
1549 3540 1565 3566 ‚
1611 3502 1732 3553 Pto-

724 3578 894 3631 lemaei
917 3578 1253 3648 Philadelphi
1274 3599 1422 3632 soror
1443 3593 1495 3631 et
1511 3583 1732 3651 conjux,

721 3670 774 3709 et
788 3658 1064 3710 Berenices
1074 3672 1262 3710 nostrae
1280 3671 1444 3711 mater
1457 3656 1729 3729 adoptiva,

719 3755 829 3788 non
850 3738 1071 3790 Veneris
1113 3738 1284 3789 solum
1323 3735 1413 3789 sed
1447 3736 1732 3790 Chloridos

717 3834 931 3886 quoque
958 3817 1175 3869 nomine
1202 3818 1269 3868 ab
1307 3818 1566 3886 AEgyptiis
1593 3819 1729 3870 culta

713 3894 873 3947 fuisse
900 3894 1110 3949 videtur
1131 3936 1144 3961 ,
1174 3893 1321 3965 quod
1344 3935 1359 3959 ,
1391 3897 1487 3948 nisi
1517 3895 1730 3949 aliunde

712 3973 888 4044 colligi
912 3988 1109 4044 posset,
1131 3994 1193 4027 ex
1218 3975 1322 4027 hoc
1346 3989 1483 4027 certe
1509 3976 1626 4029 loco
1649 3978 1731 4028 in-

714 4053 987 4121 telligitur;
1008 4053 1118 4107 vid.
1140 4053 1208 4108 ad
1228 4073 1276 4108 v.
1306 4055 1395 4123 57.
1420 4085 1497 4098 -·-
1520 4056 1730 4126 Zephy-

1813 909 1902 941 rus
1946 889 2139 942 dicitur
2189 893 2429 958 attigerat,
2476 888 2532 940 h.
2574 906 2622 943 e.
2674 889 2828 940 frater

1812 961 2111 1039 (συγγενὴς,
2146 971 2450 1038 ὁμόσπορος,
2493 968 2634 1020 conf.
2675 987 2826 1039 supra

1811 1046 1879 1100 ad
1921 1050 2096 1102 Carm.
2130 1048 2327 1112 LXIV,
2364 1037 2507 1115 301)
2535 1047 2831 1100 Memnonis

1814 1126 2106 1197 AEthiopis,
2122 1129 2270 1198 cujus
2283 1139 2450 1178 mater
2467 1144 2616 1196 aque
2632 1145 2697 1179 ac
2713 1145 2829 1178 ven

1814 1219 1989 1258 torum
2046 1201 2284 1267 (Hesiod.
2316 1206 2522 1276 Theog.
2569 1224 2620 1256 v.
2692 1204 2829 1275 378)

1816 1287 2020 1336 Aurora
2048 1286 2204 1336 fuisse
2229 1282 2569 1337 traditur.—
2587 1285 2828 1354 Inpellem

1816 1384 1929 1415 aera
1955 1364 2228 1415 nutantibus
2246 1365 2416 1434 pennis
2432 1406 2449 1426 ,
2477 1362 2761 1415 dimovens
2783 1378 2830 1415 et

1816 1461 1992 1496 secans
2016 1462 2136 1496 aera
2165 1443 2353 1514 pennis
2377 1441 2603 1495 subinde
2634 1461 2692 1494 se
2718 1462 2828 1494 mo-

1817 1523 2074 1575 ventibus.
2093 1554 2172 1566 -—-
2192 1523 2426 1575 Fuerunt
2447 1534 2627 1574 tamen
2645 1534 2832 1591 prater

1820 1602 2013 1654 Catulli
2039 1601 2345 1672 interpretes
2365 1601 2553 1664 multi,
2574 1601 2671 1672 qni
2693 1601 2833 1654 Chlo-

1820 1682 1946 1732 n'dos
1972 1682 2134 1731 alitem
2165 1700 2331 1753 equum
2356 1678 2426 1733 de
2449 1680 2649 1750 Pegaso
2676 1679 2831 1732 inter·

1820 1773 2148 1830 pretarentur
2170 1779 2185 1823 ;
2244 1761 2319 1813 sic
2371 1761 2720 1810 Rittershusius
2766 1757 2831 1810 ad

1822 1838 1966 1910 opp.
2007 1840 2205 1910 Cyneg.
2242 1840 2301 1902 1,
2342 1837 2483 1901 ²33,
2506 1839 2738 1890 Ponet-us
2768 1836 2831 1889 nd

1821 1919 2140 1989 Lycophr.v.
2164 1935 2252 1986 17,
2266 1918 2505 1969 Rubenius
2518 1915 2587 1969 de
2604 1918 2828 1969 ReVea.

1820 2016 1872 2067 p.
1909 2002 2014 2051 206
2030 2037 2043 2061 ,
2067 2010 2119 2049 et
2144 1998 2258 2061 alii3
2290 2010 2344 2049 at
2372 1995 2441 2049 de
2464 2009 2646 2048 nostru
2667 1997 2832 2067 expli·

1821 2077 2024 2129 catione
2043 2077 2437 2147 cf.Voss.Vulp.
2458 2073 2528 2128 ad
2547 2075 2601 2128 h.
2626 2077 2664 2128 Ι.
2683 2074 2832 2146 Span-

1823 2158 2000 2207 leemius
2037 2156 2105 2209 de
2139 2157 2251 2207 Usu
2281 2168 2334 2207 et
2363 2156 2543 2207 Prost.
2573 2155 2830 2207 Numism.

1823 2237 1955 2288 Diss.
1979 2237 2045 2286 V.
2076 2253 2133 2305 p.
2167 2242 2309 2303 ²74,
2349 2247 2400 2287 et
2432 2232 2831 2300 Wemsdorfod

1823 2315 1969 2367 Poet.
2006 2315 2195 2366 minor.
2213 2315 2368 2366 Tom.
2399 2315 2457 2376 1,
2482 2331 2538 2385 p.
2568 2332 2704 2382 ²7¹·

1905 2394 1996 2447 55.
2045 2394 2231 2463 Hisque
2260 2394 2449 2445 Venet.
2507 2392 2720 2464 Gryph.
2760 2423 2831 2433 -—

1829 2474 2028 2526 Umbras
2057 2474 2249 2527 Statius
2268 2513 2283 2537 ‚
2312 2472 2829 2542 Scaliger,Vossius,

1822 2555 2084 2624 Vulpius;
2117 2551 2271 2617 ideo,
2311 2550 2459 2623 quod
2484 2565 2650 2604 noctu
2677 2557 2829 2605 Coun

1823 2651 1851 2684 e
1865 2634 2087 2685 Veneris
2114 2631 2222 2685 ede
2250 2632 2450 2684 sublata
2471 2632 2552 2682 sit.
2572 2629 2829 2702 Equidem

1822 2710 2199 2781 praeferendam
2238 2710 2421 2783 putavi
2460 2710 2725 2782 vulgatam
2762 2710 2832 2759 le·

1822 2791 2048 2843 ctionem
2092 2811 2236 2842 auras
2256 2832 2269 2853 ,
2312 2808 2476 2861 quam
2515 2791 2677 2842 secuti
2718 2801 2833 2839 sunt

1821 2869 1990 2923 Aldus
2014 2909 2029 2934 ,
2083 2870 2328 2922 Parthen.
2379 2869 2622 2920 Muretus
2654 2886 2668 2920 ε
2703 2886 2832 2918 aare

1823 2950 1963 3001 enim
2010 2950 2218 3001 oetleerioe
2263 2947 2438 3001 ubivis
2475 2946 2622 3017 apud
2660 2960 2835 3018 poetas

1823 3041 2109 3080 occurrunt
2123 3067 2138 3092 ,
2158 3046 2266 3080 non
2286 3027 2482 3080 umbrae.
2497 3026 2588 3078 Sic
2601 3043 2702 3098 pro
2717 3045 2834 3077 am

1825 3109 1962 3159 male
2011 3108 2387 3159 substituerunt
2437 3104 2637 3166 umbra,
2691 3102 2832 3178 apud

1825 3186 2008 3239 Horat.
2052 3185 2158 3239 Od.
2190 3187 2250 3247 1,
2300 3204 2398 3248 22,
2445 3188 2553 3249 1'8,
2596 3185 2690 3236 uhi
2729 3182 2832 3236 vid.

1825 3266 2089 3318 Bentleius.
2109 3298 2189 3308 —
2212 3265 2453 3324 Advolat,
2485 3264 2744 3316 nimirum
2771 3260 2832 3315 od

1827 3345 2125 3409 Venenem,
2110 3366 2122 3378 ·
2164 3344 2265 3397 nisi
2293 3345 2431 3397 forte
2465 3341 2746 3415 legendum
2774 3342 2837 3393 sit

1823 3425 1993 3475 evolat.

1904 3503 2097 3554 56.1n
2125 3505 2307 3570 gremio
2342 3501 2546 3553 Veneris
2586 3501 2831 3560 conlocat,

1820 3600 2010 3652 nempe
2032 3594 2091 3633 ut
2111 3594 2251 3633 tactu
2271 3580 2497 3633 Veneris
2514 3580 2836 3631 immortales

1819 3660 2020 3712 fierent.
2032 3660 2199 3712 Tactu
2213 3659 2357 3711 enim
2371 3659 2630 3721 Veneris,
2639 3671 2696 3710 ut
2715 3676 2834 3709 nar·

1817 3752 1934 3791 rant
1951 3752 2118 3811 poetae
2129 3780 2144 3805 ,
2159 3739 2340 3792 omnin
2357 3738 2496 3791 fiunt
2520 3732 2836 3809 ‘rafidim

1817 3820 1900 3870 vel
1917 3820 2216 3871 immortalia.
2241 3819 2465 3872 luam-is
2484 3818 2541 3870 in
2567 3818 2704 3870 hanc
2721 3833 2836 3868 rem

1819 3911 1893 3950 est
1915 3898 2063 3951 loeus
2088 3899 2360 3952 'Iheocriti
2385 3898 2580 3964 XVII,
2617 3898 2722 3967 37,
2744 3894 2841 3987 qui

1818 3975 1886 4028 de
1930 3978 2028 4031 hac
2083 3978 2194 4049 ipsa
2234 3976 2517 4042 Berenice,
2575 3975 2648 4029 de
2691 3978 2844 4046 eujus

1817 4074 1970 4110 coma
2009 4057 2094 4109 hie
2142 4076 2311 4112 sermo
2355 4069 2434 4109 est
2455 4095 2470 4125 ,
2514 4056 2636 4126 ogit.
2690 4056 2844 4109 Con·
