2986 4935
697 412 790 481 36

1221 412 1297 476 C.
1344 411 1456 475 vA
1482 411 1777 476 LERII
1837 409 2305 477 CATULLI

1011 536 1148 625 (Ut
1196 539 1572 608 solatiolum
1614 543 1711 609 sui
1751 539 1994 608 doloris
2033 568 2043 605 :

1014 647 1267 730 Cred0,
1310 662 1384 715 ut
1430 662 1569 715 tum
1614 647 1832 740 gravis
1872 649 2245 739 acquiescat
2284 644 2554 733 ardor),

693 887 869 949 deret,
911 903 1085 934 versus
1135 885 1200 933 ita
1242 881 1631 933 constituendos
1669 895 1719 933 et

692 961 1106 1035 transpmwndos
1139 981 1244 1013 esse
1281 962 1518 1031 putavit:
1559 962 1720 1014 Corde

694 1065 833 1118 quum
853 1048 1013 1112 gravis
1033 1046 1286 1112 acquiescit
1305 1042 1473 1101 ardor,
1505 1043 1569 1091 Ut
1589 1044 1718 1091 sola-

696 1128 810 1176 riolo
848 1129 923 1174 sui
959 1124 1134 1173 doloris
1178 1124 1349 1172 Tecum
1388 1121 1575 1181 ludere,
1599 1124 1721 1171 sicut

695 1211 796 1275 ipsa
815 1245 826 1264 ‚
845 1208 1038 1273 possim.
1060 1201 1300 1270 Denique
1321 1213 1488 1251 totum
1513 1220 1721 1252 versum

695 1282 942 1338 excidisse
964 1295 1139 1352 putat,
1163 1300 1269 1351 quo
1291 1279 1543 1331 donatum
1567 1280 1660 1330 sibi
1693 1300 1721 1330 a

696 1365 868 1436 puella
884 1380 1139 1432 passerem
1161 1375 1310 1430 poeta
1333 1360 1393 1410 sit
1414 1373 1723 1411 testatus.—

696 1442 1082 1495 Audacissinms
1115 1441 1352 1491 omnium
1389 1439 1438 1488 in
1471 1441 1574 1490 hoc
1605 1440 1723 1490 loco

697 1519 1027 1575 emendando
1043 1521 1135 1571 fuit
1153 1517 1473 1569 Corradinus
1489 1517 1556 1568 de.
1570 1519 1725 1582 Atlio,

701 1603 788 1670 qni
811 1643 823 1659 ,
852 1615 905 1651 ut
931 1601 1158 1651 molliter
1179 1598 1352 1649 dicam
1373 1639 1386 1661 ‚
1406 1618 1514 1648 non
1544 1616 1724 1649 emen-

702 1682 878 1744 (lavit,
902 1679 988 1729 scd
1027 1680 1210 1729 misere
1241 1698 1372 1747 saepe
1409 1679 1644 1746 corrupit
1676 1690 1726 1728 ct

699 1762 953 1814 mutilavit
983 1771 1207 1829 poetam.
1236 1758 1366 1808 Nam
1398 1758 1635 1825 quamvis
1665 1758 1725 1806 li-

700 1843 822 1893 hros
842 1839 1226 1905 Mauuscriptos
1242 1839 1393 1906 jactet
1413 1876 1425 1897 ,
1447 1855 1550 1885 non
1575 1837 1728 1886 unius

701 1936 876 1972 tamen
909 1919 1028 1969 assis
1062 1915 1374 1968 a‘stimandae
1409 1929 1527 1965 sunt
1562 1916 1726 1986 pluri-

701 2018 800 2053 mae
819 2038 833 2062 ‚
852 2018 981 2068 quas
1011 1998 1193 2059 affert,
1214 1997 1475 2046 lominum.
1501 1996 1605 2045 Has
1636 1996 1727 2064 igi-

703 2094 787 2132 tur
807 2098 915 2129 non
938 2078 1214 2128 recensebo
1233 2116 1245 2136 ,
1267 2073 1621 2144 quodcunqm·
1643 2095 1730 2125 au-

701 2172 805 2210 tem
828 2159 882 2209 in
897 2156 1127 2207 editione
1150 2157 1405 2225 reperitur
1427 2154 1726 2224 frugi,bona

703 2238 808 2290 fide
828 2236 1052 2289 laudabo
1074 2249 1121 2286 ct
1139 2236 1415 2305 proferam.
1435 2233 1577 2296 Quid
1602 2234 1727 2283 mihi

704 2317 771 2369 de
810 2319 911 2368 hoc
950 2317 1067 2368 loco
1105 2312 1436 2365 emendando
1476 2327 1522 2364 ct
1565 2314 1728 2382 expli-

706 2396 877 2449 cando
918 2394 1188 2455 videatur,
1240 2412 1359 2443 mox
1419 2391 1610 2442 dicam.
1653 2425 1731 2433 —

710 2475 945 2527 Handius
993 2475 1230 2525 omnium
1270 2486 1504 2522 veterum
1545 2472 1731 2524 editio-

709 2575 838 2608 num
890 2552 1144 2605 ‘consensu
1203 2554 1363 2603 fretus
1381 2589 1395 2614 ,
1442 2570 1560 2620 quae
1607 2551 1735 2604 dant

712 2639 785 2688 Et
813 2633 1081 2685 salariolam
1102 2672 1116 2693 ‚
1151 2645 1250 2683 ete.
1287 2644 1547 2682 mutatum
1583 2632 1636 2681 in
1665 2645 1734 2682 ese

708 2718 774 2769 ab
812 2713 1003 2765 aldinae
1028 2724 1266 2772 auctore,
1296 2724 1502 2773 censet,
1537 2712 1734 2762 levissi-

714 2814 795 2846 ma
840 2792 1155 2854 mutatione,
1181 2790 1301 2842 voci
1329 2802 1378 2839 et
1419 2790 1734 2842 substituen-

712 2872 840 2926 dum
879 2887 968 2934 cst,
1012 2883 1063 2921 et
1104 2871 1177 2922 sic
1222 2884 1384 2920 totam
1428 2872 1732 2922 seutentiam

711 2950 1172 3024 interpretandam.
1199 2952 1296 3001 Est
1309 2950 1578 3000 salariolam
1605 2951 1739 3001 dolo-

713 3038 779 3085 ris
812 3037 885 3084 sui
907 3031 1065 3092 cred0,
1101 3042 1153 3081 ut
1170 3072 1183 3092 ‚
1209 3043 1308 3082 etc,
1345 3057 1365 3075 α
1385 3030 1499 3080 Hoc
1526 3028 1734 3081 solatio-

714 3116 824 3165 lum
858 3124 932 3165 est
964 3109 1106 3181 quod
1138 3127 1340 3160 morsus
1367 3108 1522 3160 dolor
1550 3109 1736 3174 affert,

714 3211 922 3261 nempe.
938 3205 994 3243 ut
1006 3188 1169 3241 ardor
1186 3190 1492 3258 acquiescat.
1510 3190 1737 3241 »Vereor

714 3286 768 3323 ut
806 3270 1010 3321 medela
1042 3269 1290 3321 omnibus
1330 3288 1446 3319 sana
1479 3267 1733 3321 videatur.

712 3353 823 3420 Ego
849 3350 922 3401 sic
948 3347 1178 3399 aldinam
1197 3385 1212 3408 ,
1238 3350 1459 3416 probam
1489 3347 1706 3417 quidem
1723 3388 1738 3412 ,

716 3430 993 3482 lectionem
1026 3427 1217 3495 exponi
1250 3428 1409 3477 velim
1440 3444 1453 3476 ε
1484 3445 1735 3496 passer....

715 3510 841 3579 quoi
875 3507 1020 3577 digit,
1053 3505 1194 3557 dare.
1211 3545 1249 3557 ..
1272 3545 1282 3556 .
1306 3506 1451 3557 solet.
1470 3546 1483 3557 .
1499 3546 1511 3558 .
1537 3545 1547 3556 .
1572 3526 1737 3575 quum

715 3590 857 3639 lubet
877 3585 1087 3638 amabili
1109 3599 1277 3637 tecum
1293 3587 1413 3654 joco
1436 3584 1738 3655 indulgere,

718 3666 864 3738 quod
890 3678 964 3717 est
990 3666 1067 3717 illi
1089 3678 1143 3716 ut
1168 3664 1488 3730 solandum,
1519 3677 1571 3717 et
1593 3665 1738 3735 quod

715 3748 822 3818 agit
852 3766 913 3797 ea
949 3757 1155 3808 mente,
1177 3744 1371 3807 credo,
1403 3758 1458 3795 ut
1491 3743 1738 3797 ardorem

715 3826 1012 3897 inquietum
1026 3823 1154 3876 ludo
1170 3825 1312 3876 fallat
1328 3863 1342 3887 ‚
1357 3837 1454 3877 etc.
1476 3825 1738 3894 Repetitio

717 3906 985 3977 particulae
1012 3905 1067 3957 in
1100 3923 1276 3956 sensus
1294 3903 1529 3957 diversos
1547 3904 1735 3957 distra-

716 4000 811 4039 ctae
838 4004 973 4037 unus
1003 3997 1076 4036 est
1107 4003 1135 4036 e
1167 3983 1344 4037 multis
1369 4003 1500 4054 quos
1526 3985 1578 4037 in
1608 3985 1735 4037 scri·

717 4067 818 4136 ptis
841 4064 1035 4118 Catulli
1064 4063 1288 4117 maxime
1315 4064 1631 4118 illaboriosis
1662 4066 1738 4118 in·

1810 883 1954 933 curia
2003 884 2110 933 fere
2151 902 2256 933 non
2291 884 2566 935 invenusta
2609 887 2827 938 naevulos

1810 961 2032 1013 fundere
2058 960 2258 1013 debuit.
2284 963 2352 1014 N.

1894 1041 1922 1094 5
1947 1073 2026 1083 —-
2049 1062 2100 1109 9.
2153 1044 2326 1094 Locus
2381 1044 2795 1113 corruptissimus
2815 1084 2827 1106 ,

1810 1140 1967 1191 quem
1989 1121 2087 1172 levi
2112 1120 2315 1173 medela
2332 1123 2500 1174 sanari
2521 1143 2672 1193 posse
2692 1138 2826 1195 puto,

1811 1202 1848 1250 si
1889 1201 2196 1270 particulam
2233 1214 2287 1251 ut
2318 1222 2366 1253 v.
2396 1220 2451 1270 7,
2483 1203 2534 1253 in
2572 1206 2620 1253 in
2661 1205 2738 1254 vel
2770 1205 2832 1254 ad

1811 1282 2092 1332 mutaveris
2108 1321 2122 1343 ‚
2144 1294 2192 1331 et
2213 1281 2386 1332 locum
2411 1282 2481 1333 sic
2503 1283 2828 1353 inter-punxe-

1810 1360 1880 1411 ris
1906 1378 1917 1410 :
1950 1361 2163 1424 «Quum
2203 1359 2462 1412 desiderio
2502 1381 2619 1413 meo
2659 1363 2828 1415 nitenti

1809 1440 2010 1505 Carum
2036 1440 2213 1491 nescio
2235 1439 2365 1510 quid
2386 1440 2531 1493 lubet
2554 1442 2755 1511 jocari3
2781 1445 2830 1494 In

1811 1520 2106 1569 sulatinlum
2131 1520 2203 1569 sui
2228 1519 2425 1571 doloris
2443 1521 2637 1586 Credo,
2654 1535 2709 1573 ut
2728 1534 2828 1573 tum
2890 1550 2892 1553 v

1811 1600 1979 1666 gravis
2008 1601 2298 1668 acquiescat
2318 1599 2496 1653 ardor.
2525 1626 2545 1646 ι
2592 1602 2833 1652 Desiderio

1815 1699 1915 1727 meo
1955 1682 2157 1739 nitenti,
2183 1680 2236 1730 h.
2270 1699 2314 1730 e.
2347 1681 2535 1749 puellae
2571 1700 2705 1733 meae
2736 1682 2831 1733 for·

1817 1776 1989 1810 mosae.
2036 1759 2334 1810 Desidet-ium
2372 1774 2590 1812 vocatur
2639 1763 2804 1832 puella
2820 1800 2832 1821 ‚

1818 1839 1969 1904 cujus
2001 1836 2260 1888 dosidorio
2292 1852 2494 1890 amator
2525 1840 2727 1910 flagrat.
2759 1841 2835 1893 Sic
2898 1907 2903 1910 Ι

1818 1920 1959 1976 πόθος
1979 1916 2119 1987 apud
2145 1919 2294 1971 Bion.
2317 1918 2473 1987 Idy-ll.
2498 1920 2542 1983 I,
2565 1922 2661 1973 83.
2681 1922 2835 1973 Nile-m

1816 2010 2007 2050 autem.
2024 1999 2203 2048 nitidus
2217 2012 2265 2049 ct
2287 2002 2415 2048 nitor
2432 2001 2622 2068 passim
2648 2000 2715 2054 de
2730 2002 2838 2072 pul·

1818 2075 1945 2126 chra
1965 2077 2298 2128 l'oeminarum
2321 2078 2503 2129 forma.
2531 2080 2694 2132 Ovid.
2718 2082 2835 2133 Met.

1823 2156 1955 2215 XII,
1984 2158 2108 2215 405.
2145 2158 2448 2225 Hylonome,
2468 2178 2561 2228 qua
2594 2162 2734 2211 nulla
2767 2164 2833 2211 ni-

1821 2238 2215 2300 tentiorsoemirm.
2239 2236 2418 2288 Horat.
2455 2238 2481 2288 I
2498 2280 2509 2301 ‚
2534 2237 2645 2292 Od.
2668 2261 2717 2298 v,
2748 2260 2768 2293 1
2783 2240 2808 2291 3
2825 2280 2838 2305 ,

1827 2316 2049 2384 «quibus
2064 2317 2306 2368 intentata
2331 2323 2514 2378 m'tes;»
2534 2319 2630 2372 lib.
2647 2322 2721 2384 II,
2742 2319 2836 2373 Od.

1821 2413 1899 2444 κη
1919 2432 1934 2456 ,
1983 2415 2000 2446 1
2018 2415 2046 2462 9
2070 2435 2082 2459 ‚
2129 2396 2294 2446 niticloe
2341 2401 2565 2466 virgines.
2626 2400 2735 2454 Od.
2790 2403 2839 2462 l,

1830 2494 1895 2543 19
1914 2515 1927 2538 ,
1958 2478 2017 2539 5,
2055 2503 2073 2522 α
2101 2478 2206 2528 urit
2243 2495 2328 2528 me
2366 2479 2608 2547 Glycerae
2654 2485 2792 2532 nitor.
2815 2507 2833 2526 ο

1820 2560 1968 2608 -6.
1994 2557 2171 2606 Carum
2195 2560 2349 2607 nesct'o
2368 2560 2487 2630 quid
2507 2559 2670 2613 dulce
2690 2559 2842 2633 quid,

1822 2635 2061 2686 suaviter.
2105 2635 2137 2685 J
2141 2654 2225 2687 am
2267 2656 2442 2689 sensus
2480 2640 2576 2691 erit
2622 2660 2636 2693 :
2678 2642 2843 2712 puella

1823 2733 1934 2765 mea
1990 2716 2236 2766 lacessere
2293 2718 2421 2769 solet
2488 2722 2839 2788 passerculum

1822 2812 1974 2844 suum
2037 2793 2105 2846 ad
2157 2795 2412 2864 ejusmodi
2468 2801 2846 2852 morsiunculas

1821 2872 2062 2942 inprimis
2091 2888 2199 2925 tum
2214 2914 2228 2936 ,
2251 2876 2466 2945 quando
2488 2879 2563 2929 illi
2580 2870 2605 2946 (
2625 2899 2727 2949 pro
2745 2899 2844 2951 quo

1823 2954 2088 3021 eleganter
2105 2972 2116 3005 :
2134 2955 2368 3007 desiderio
2381 2978 2479 3008 meo
2493 2952 2694 3025 nitenti)
2709 2960 2845 3010 lubet

1823 3034 2219 3102 suawiterjocari
2239 3047 2287 3086 et
2301 3038 2460 3087 animi
2478 3056 2632 3090 causa
2648 3038 2843 3097 ludere.

1822 3110 1966 3163 haud
1988 3110 2147 3165 dubio
2172 3107 2356 3182 (credo)
2379 3117 2428 3166 in
2451 3114 2657 3169 doloris
2682 3120 2761 3170 sui
2777 3119 2844 3169 le·

1824 3209 1883 3241 va
1891 3210 2008 3242 men
2019 3231 2032 3257 ,
2049 3206 2105 3244 ut
2122 3205 2217 3242 lum
2234 3187 2392 3259 (inter
2400 3194 2693 3264 jocandum)
2709 3212 2850 3251 oestus

1823 3272 1983 3322 animi
2005 3285 2054 3322 ct
2075 3273 2260 3324 flnctus
2279 3290 2695 3344 componantur.
2716 3280 2847 3347 Ergo

1825 3350 2023 3402 Lesbiae
2059 3353 2155 3403 snit
2199 3373 2373 3423 passer
2398 3353 2483 3418 id,
2517 3356 2670 3425 quod
2710 3356 2851 3409 nobis

1826 3430 1931 3482 fere
1957 3433 2089 3482 male
2108 3432 2309 3484 affectis
2329 3434 2743 3490 instrumentum
2762 3436 2849 3489 ali·

1824 3508 1967 3578 quod
1987 3512 2406 3583 musicum,—9.
2429 3513 2511 3565 Ad
2527 3536 2722 3584 possem
2742 3516 2854 3570 sub·

1824 3589 2052 3659 intellige
2074 3594 2118 3641 si
2139 3631 2151 3653 ,
2185 3611 2302 3662 quae
2327 3594 2584 3664 particula
2607 3615 2852 3649 nonnun-

1827 3687 1985 3737 quam
2027 3671 2193 3721 omitti
2229 3672 2374 3724 solet.
2398 3672 2525 3726 Vid.
2559 3676 2850 3729 Burmann-

1826 3746 1894 3799 ad
1926 3748 2084 3801 Ovid.
2126 3753 2304 3803 Amor.
2341 3752 2450 3816 111,
2481 3754 2512 3805 3
2533 3793 2549 3819 ,
2572 3774 2631 3825 9.
2663 3756 2852 3828 Sipus-

1826 3845 1932 3879 sem
1952 3867 1967 3890 ‚
1984 3828 2154 3899 inquit
2173 3844 2349 3900 poeta,
2369 3830 2558 3886 eodem
2579 3834 2753 3888 modo
2769 3875 2784 3900 ,
2799 3852 2854 3886 ιο

1826 3907 2000 3976 puella
2020 3928 2153 3973 mea,
2168 3925 2371 3979 passere
2390 3911 2481 3964 ino
2499 3914 2576 3966 uti
2598 3913 2674 3967 ad
2688 3916 2857 3969 levan-

1823 3985 1915 4038 das
1933 3988 2092 4040 animi
2108 4009 2276 4056 curas»,
2290 4004 2396 4043 tam
2415 4005 2630 4063 gratum
2653 3994 2712 4048 id
2731 3993 2854 4048 mihi

1824 4067 1984 4133 foret,
2024 4088 2183 4139 quam
2206 4068 2353 4141 quod
2395 4073 2856 4143 gratissimum.—
