2986 4935
844 431 1290 497 CARMEN
1349 433 1607 497 XVII.

292 561 379 626 Ne
418 564 679 653 supinus
728 575 869 645 eat,
903 585 1196 654 cavaque
1235 561 1299 627 in
1338 560 1578 654 palude
1610 561 1992 646 recumbat,

2191 458 2281 527 77

292 670 385 735 Sic
425 668 536 734 tibi
573 667 786 734 bonus
828 693 906 734 ex
956 683 1067 735 tua
1107 692 1271 761 pons
1316 667 1585 735 libidine
1631 668 1781 752 fiat,
2271 709 2291 739 ι.

291 776 359 839 In
397 800 520 867 quo
565 773 665 841 vel
713 772 1131 841 Salisubsulis
1174 798 1357 840 sacra
1401 776 1879 867 suscipiantur3

291 883 513 949 Munus
551 881 680 949 hoc
725 881 887 947 mihi·
930 882 1193 948 maximi
1232 881 1349 965 da,
1385 880 1699 967 Colonia,
1744 884 1932 950 risus.

291 987 634 1074 Quemdam
684 989 1081 1081 municipem
1125 1013 1347 1055 meum
1392 986 1473 1054 de
1513 1002 1629 1055 tuo
1672 987 1824 1056 volo
1868 1005 2069 1083 ponte

290 1094 382 1159 lre
416 1095 811 1188 praeeipitem
856 1096 923 1160 in
957 1093 1166 1161 lutum
1191 1149 1208 1178 ,
1247 1119 1366 1187 per
1402 1108 1734 1188 caputque
1768 1096 2134 1189 pedesque,

292 1200 514 1268 Verum
554 1202 756 1268 totius
794 1214 867 1267 ut
902 1199 1084 1268 lacus
1123 1199 1501 1294 putidaeque
1539 1199 1794 1293 paludis

291 1306 716 1392 Lividissima,
754 1309 1165 1400 maximeque
1206 1322 1302 1374 est
1353 1307 1681 1400 profunda
1726 1332 1996 1401 vorago·

291 1412 743 1482 Insulsissimus
775 1429 874 1481 est
903 1413 1143 1498 homo,
1172 1439 1293 1484 nec
1332 1415 1499 1508 sapit
1535 1416 1721 1507 pueri
1756 1417 1959 1483 instar

270 1620 599 1692 4.ivesup1·1ms
617 1633 713 1684 eat,
741 1635 880 1674 retro
908 1623 1111 1694 labatur
1133 1623 1187 1674 in

206 1698 438 1766 paludem,
461 1702 607 1755 unde
633 1716 834 1754 erectus
855 1703 1036 1754 fuerat.
1064 1702 1188 1754 Sua·

204 1778 311 1829 viter
349 1793 395 1832 et
439 1783 684 1834 venuste!
726 1784 813 1833 Sic
852 1782 1014 1853 apud.
1069 1784 1183 1833 Liv.

205 1857 356 1922 XXX,
377 1879 468 1926 ιο,
488 1866 690 1933 supinus
714 1866 908 1913 telorum
922 1865 1103 1931 jactus,
1129 1864 1183 1914 h.

205 1956 241 1987 e.
258 1939 341 1989 tela
362 1959 468 2010 quae
494 1962 610 1994 non
643 1944 851 1994 evolant
880 1943 971 1994 sed
998 1943 1049 1994 in
1084 1956 1185 1992 ter-

202 2035 292 2069 ram
318 2018 891 2094 decidunt.—-Cavaque
909 2027 959 2073 in
975 2023 1181 2092 palude,

205 2099 429 2162 pmfunda
471 2116 522 2154 et
570 2103 693 2153 alta.
742 2103 829 2154 Sic
868 2103 1002 2154 infra
1048 2103 1188 2152 undae

203 2195 308 2229 cavoe
341 2181 502 2245 XCV,
548 2182 616 2242 5.,
639 2184 849 2253 flumina
891 2203 1006 2233 cava
1045 2181 1187 2251 apud

205 2255 326 2327 Virg·
356 2260 542 2333 Georg.
572 2263 634 2325 Ι,
675 2262 815 2327 326,
843 2277 895 2313 et
919 2263 1031 2332 ipsa
1047 2264 1190 2332 palus

203 2354 298 2386 cam
314 2339 444 2410 apud
473 2339 640 2393 Ovid.
674 2343 802 2395 Met.
826 2344 936 2406 VI,
968 2342 1101 2411 3713
1121 2343 1188 2394 cf.

207 2414 453 2475 Burmann.
483 2421 553 2475 ad
579 2421 744 2475 ovid.
767 2424 847 2474 Ib.
878 2443 902 2475 α
920 2425 986 2475 28
1009 2442 1022 2486 ;
1049 2437 1098 2475 et
1124 2421 1189 2474 ad

204 2494 368 2550 Lucan.
388 2502 437 2565 I,
459 2501 595 2571 396.

269 2578 313 2630 5.
335 2581 414 2631 Ex
445 2595 526 2633 tua
558 2583 757 2634 libidine
789 2585 943 2654 plane
971 2602 1034 2633 ex
1068 2596 1192 2633 voto

204 2659 512 2714 tuo.Devoce
531 2664 751 2714 libidoin
774 2665 967 2714 bonam
991 2676 1190 2731 partem

202 2733 592 2796 vid.Dmckenb.
621 2742 687 2795 ad
721 2743 812 2795 Sil.
846 2744 955 2807 xl,
987 2743 1116 2793 312.

268 2822 313 2867 6.
336 2819 620 2875 Salisubsuli
639 2844 778 2874 sacra
797 2826 1085 2892 suscipiuneo
1109 2824 1190 2873 vel

202 2891 455 2951 Salisubsuli
480 2923 624 2953 sacra
659 2908 920 2971 suscipiant
952 2904 1004 2952 in
1038 2902 1188 2954 MSS.

201 2972 351 3041 Statii,
372 2996 500 3051 optt.
536 2982 688 3035 editt.
717 2997 765 3035 et
796 2983 1190 3034 Meml›r.Voss.

204 3054 323 3107 unde
354 3060 648 3114 admodum
681 3063 1000 3133 probabili5,
1034 3082 1190 3132 quam

200 3132 245 3182 in
284 3149 471 3192 textum
525 3144 854 3214 recepimus,
886 3144 952 3193 ab
985 3142 1192 3210 ingenio

201 3211 326 3267 Statii
364 3222 600 3289 prosecta
645 3237 720 3275 est
769 3223 941 3274 lectio.
979 3222 1195 3271 Vossius

198 3301 447 3366 proposuit
478 3301 610 3353 Salii
651 3304 814 3373 ipsulis
862 3323 1001 3353 sacra
1046 3306 1193 3351 susci-

191 3376 359 3440 Ρὶωῑῐο,
410 3400 576 3451 quam
623 3385 978 3452 conjecturam
1028 3382 1197 3431 ambi-

200 3452 338 3520 tiose,
369 3473 425 3510 ut
477 3462 641 3525 solet,
688 3463 909 3531 arripuit
951 3461 1196 3529 Vulpius.

198 3532 354 3601 Ipsuloe
392 3553 574 3593 autem
619 3544 702 3593 vel
742 3543 933 3612 ipsulm,
981 3541 1199 3593 docente

199 3611 368 3681 Festo,
409 3635 602 3673 ·erant
651 3623 867 3674 lamellae
906 3619 1200 3673 necessaria:

194 3696 361 3764 meris,
402 3719 526 3771 qnae
557 3700 624 3752 ad
655 3722 766 3753 rem
806 3700 1040 3753 divinam
1074 3719 1198 3752 con-

197 3773 315 3827 ferm
365 3777 685 3833 dicebantur
731 3782 987 3845 maxime,
1033 3781 1202 3850 specie

196 3852 415 3910 virorum
437 3875 490 3913 et
513 3861 811 3913 mulierum.
826 3859 1204 3913 n—Suliarc'bus

193 3954 315 3985 sacru
344 3945 673 4011 suscipiantur
691 3942 958 3993 AvantiuS.
988 3940 1203 3992 Salisub-

194 4016 279 4065 scdi
300 4038 440 4070 sacra
470 4025 790 4091 suscipiuntur
816 4014 1083 4085 MuretuS,
1114 4020 1206 4090 qui

193 4113 398 4168 propter
411 4099 653 4153 fraudem
683 4120 747 4153 ex
767 4102 996 4153 Pacuvio
1013 4100 1205 4152 laudati

1275 1623 1402 1685 loci,
1431 1626 1582 1692 cujus
1611 1644 1705 1676 nec
1739 1626 1856 1677 vola
1888 1646 1986 1679 nec
2020 1628 2291 1698 vestigium

1275 1717 1468 1766 exstat,
1501 1705 1593 1755 ubi
1622 1705 1945 1756 Sczlc‘subsulus
1974 1708 2115 1758 Mars
2149 1708 2291 1760 dica·

1264 1795 1379 1845 tur,
1402 1785 1628 1852 graviter
1656 1789 1758 1853 jam
1788 1788 2132 1856 reprehensus
2164 1803 2239 1840 est
2265 1809 2293 1840 a

1277 1861 1479 1914 Vossio.
1498 1865 1561 1914 In
1576 1865 1804 1934 antiquis
1817 1865 2130 1935 quibusdam
2147 1867 2294 1921 editt.

1273 1956 1520 2011 corrupte
1540 1944 1729 2012 legitur
1744 1945 1873 1997 Salii
1888 1948 1963 1996 vel
1987 1947 2197 1998 Subsulic'
2219 1970 2296 1998 sa-

1275 2042 1355 2070 cra
1385 2026 1661 2090 suscipiam.
1688 2024 2010 2076 Corradinus
2029 2025 2096 2076 de
2119 2027 2258 2078 Allio
2279 2068 2293 2090 ,

1274 2103 1422 2169 cujus
1449 2102 1689 2170 plurima:
1712 2104 2101 2155 emendationes
2126 2106 2296 2175 dignae

1275 2193 1425 2238 sunt,
1451 2201 1567 2250 qua:
1595 2200 1716 2232 cum
1743 2185 2009 2254 municipe
2033 2186 2222 2237 Catulli
2242 2188 2293 2238 in

1277 2259 1637 2312 lividissimam
1668 2260 1914 2331 paludem
1950 2264 2205 2333 migrent,
2228 2267 2298 2318 le·

1278 2339 1401 2410 pide
1429 2341 1667 2392 obtrudit
1699 2360 1711 2392 :
1751 2346 1799 2392 in
1823 2363 1915 2413 quo
1942 2345 2027 2393 vel
2047 2347 2163 2395 salis
2182 2348 2292 2397 sub-

1277 2421 1376 2470 silis
1396 2460 1410 2483 ‚
1445 2433 1577 2471 sarta
1606 2426 1938 2492 suscipiantur.
1971 2457 2052 2466 —-
2076 2425 2296 2479 Salisub-

1277 2502 1371 2550 ,uli
1413 2500 1556 2553 haud
1607 2502 1769 2554 dubie
1810 2505 2135 2575 intelligendi
2178 2523 2297 2559 stunt

1278 2580 1401 2632 Salii
1421 2621 1433 2643 ,
1466 2583 1649 2632 Martis
1685 2582 1973 2637 sacerdotes
1994 2625 2008 2648 ,
2034 2587 2124 2656 qui
2157 2607 2299 2640 sacra

1278 2662 1611 2712 celebrabant
1649 2662 1890 2733 tripudiis
1934 2679 1983 2716 et
2013 2668 2298 2718 saltationi-

1277 2742 1400 2803 bus,
1429 2741 1496 2791 de
1513 2743 1702 2810 quibus
1725 2743 1829 2794 vid.
1849 2745 2045 2813 Cuper.
2077 2746 2299 2801 Observ.

1280 2822 1379 2884 IV,
1415 2841 1462 2872 2.
1492 2821 1668 2873 Finxit
1695 2837 1870 2874 autem
1889 2864 1903 2884 ,
1923 2825 2132 2893 opinor,
2162 2827 2298 2879 hane

1280 2918 1459 2951 vocem
1480 2902 1637 2953 Poeta
1650 2900 1717 2952 ad
1734 2903 1808 2953 rei
1826 2903 2109 2973 imaginem
2137 2908 2301 2975 magis

1277 2979 1696 3049 exprimendam.

1362 3078 1414 3128 7.
1441 3061 1616 3110 Munus
1637 3063 1684 3115 Ιι.
1706 3082 1768 3112 m.
1789 3065 1866 3112 De
1883 3061 2020 3113 ludis
2040 3076 2090 3115 et
2107 3079 2303 3132 specta-

1280 3140 1411 3190 culis
1437 3154 1488 3190 et
1505 3142 1717 3210 proprie
1736 3140 1952 3211 quidem
1985 3142 2303 3212 gladiatoriis

1281 3238 1414 3289 saepe
1446 3220 1663 3271 obvium
1681 3241 1845 3272 munus
1871 3222 2015 3290 apud
2044 3224 2300 3278 Tullium.

1283 3298 1407 3349 vid.
1458 3301 1605 3352 Clav.
1656 3302 1766 3353 Cic..
1825 3303 1951 3353 Ern.
2005 3305 2079 3354 Ita
2119 3304 2306 3359 Noster

1283 3377 1350 3430 ad
1383 3379 1536 3430 ludos
1558 3380 1612 3430 in
1632 3381 1880 3450 pontibus
1904 3380 2072 3433 editos
2092 3384 2298 3439 alludit.

1286 3461 1545 3510 Caeterum
1585 3459 1743 3511 simili
1789 3462 2132 3512 obtestatione
2179 3484 2302 3518 cum

1284 3538 1575 3589 obtestandi
1591 3540 1847 3608 particula
1864 3545 1933 3591 sic
1959 3556 2007 3592 et
2027 3542 2114 3592 alii
2142 3561 2307 3613 poetae

1283 3620 1509 3688 graviter
1568 3619 1800 3671 exordiri
1845 3622 2010 3671 solent
2059 3626 2306 3676 carmina.

1286 3700 1487 3751 Tibull.
1520 3700 1570 3762 I,
1601 3705 1665 3762 43
1693 3700 1823 3750 Hor.
1854 3700 1956 3751 Od.
1984 3701 2039 3763 l,
2074 3703 2124 3755 3.

1371 3796 1420 3845 9.
1436 3780 1534 3830 Per
1545 3793 1774 3851 caputque
1781 3780 2033 3852 pedesque,
2053 3796 2122 3842 ut,
2148 3802 2310 3852 quan·

1293 3873 1373 3911 tus
1404 3872 1627 3930 quantus
1654 3862 1749 3923 sit,
1774 3880 1805 3912 a
1830 3862 2022 3913 vertice
2049 3880 2215 3932 usque
2238 3864 2306 3916 ad

1294 3940 1422 3990 talos
1441 3941 1795 4009 immergatur.

1385 4039 1464 4071 10.
1499 4020 1567 4070 Ut
1597 4040 1695 4089 pro
1716 4021 1796 4072 ubi
1821 4017 2031 4073 vidend.
2060 4039 2214 4091 supra
2245 4023 2312 4076 ad

1299 4102 1476 4152 Carm.
1514 4100 1615 4156 xl,
1645 4100 1694 4151 3.
