2986 4935
820 473 1259 540 CARMEN
1320 476 1641 543 XXXV.

2148 500 2286 570 110

481 600 792 693 Dindymi
836 602 1169 670 dominam
1191 657 1210 689 ,
1240 629 1318 671 ex
1355 630 1433 671 eo
1473 604 1734 672 misellae

481 710 677 801 Ignes
711 708 1084 775 interiorem
1125 708 1332 777 edunt
1367 709 1738 778 medullam.
2244 749 2287 781 1⁵

479 817 761 907 Ignosco
799 815 918 881 tibi
950 815 1316 908 Sapphica,
1363 814 1614 909 puella,

479 921 671 988 Musa
714 919 973 989 doctior
1003 948 1018 986 ε
1055 936 1155 990 est
1187 923 1360 989 enim
1400 937 1673 990 venuste

482 1028 728 1119 Magna
770 1026 1034 1095 Caecilio
1073 1027 1379 1096 inchoata
1415 1042 1643 1096 mater.

172 1262 196 1284 ι
218 1255 279 1288 ex
320 1255 385 1287 eo
436 1248 673 1306 tempore
729 1255 837 1307 quo
881 1235 1180 1288 inchoatam

167 1314 422 1386 Dindymi
454 1313 755 1380 dominnm
777 1342 798 1362 ι
831 1315 1058 1384 intellige
1086 1333 1178 1367 au·

168 1407 266 1446 tem
287 1412 506 1448 oermen
520 1394 575 1446 in
599 1393 850 1464 Cybelem
863 1433 880 1455 ‚
896 1391 1043 1465 quod
1063 1395 1184 1446 sesi·

168 1474 287 1526 bere
348 1472 624 1545 adgressus
677 1473 846 1526 fuerat
900 1473 1142 1527 Caecilius
1164 1513 1177 1534 ,

169 1552 387 1606 necdum
446 1553 755 1605 absolverat.
803 1553 1035 1605 Fortasse
1082 1553 1185 1622 pri-

169 1651 300 1685 mam
344 1645 555 1686 tantum
588 1634 745 1704 hujus
775 1632 1022 1686 carminis
1059 1650 1178 1699 par-

169 1724 265 1764 tem
290 1730 417 1765 cum
447 1711 730 1765 lectoribus
753 1725 864 1764 tum
887 1712 1184 1764 communi-

167 1805 382 1844 caverat.
420 1791 642 1843 Vossius
701 1792 918 1843 inchoare
961 1790 1186 1860 explioet

167 1871 414 1941 perficere
431 1882 485 1922 et
498 1889 888 1934 consummare,
907 1883 958 1922 et
975 1870 1030 1920 in
1051 1870 1185 1922 banc

166 1968 270 2002 rem
313 1948 506 2003 laudat
542 1951 690 2020 Virg.
735 1952 855 2024 βυ.
884 1950 991 2012 VI,
1041 1950 1146 2000 252
1175 1989 1189 2012 ,

166 2027 248 2082 sed
265 2049 363 2083 nec
379 2029 464 2082 ihi
482 2030 699 2081 inchoare
717 2042 791 2082 est
809 2029 1057 2100 perficere
1076 2045 1187 2079 rem

165 2109 408 2173 «δοίης
440 2108 607 2160 immo
639 2128 842 2179 semper
868 2102 1009 2178 apud
1038 2106 1185 2158 Cice-

165 2204 342 2241 ronem
361 2187 641 2240 inchoatum
663 2188 949 2258 opponitur
955 2188 1183 2256 perfecto.

168 2267 384 2338 Egregie
411 2268 478 2319 in
505 2285 618 2320 rem
644 2280 873 2320 nostram
896 2266 1019 2318 facit
1041 2267 1188 2318 loeus

167 2345 378 2417 quidam
405 2348 473 2400 in
497 2346 645 2399 Brut.
665 2365 709 2399 c.
745 2367 814 2399 ao
832 2347 996 2399 :Meos
1019 2346 1182 2408 libros,

167 2446 276 2498 qam
316 2438 591 2498 aspectas,
631 2426 903 2490 inchoavi,
938 2426 1023 2477 sed
1047 2424 1172 2495 confi

168 2525 264 2559 cere
288 2527 384 2559 non
408 2526 610 2577 possum
642 2508 714 2557 his
740 2506 917 2558 diebus.
944 2538 1021 2548 —
1050 2508 1189 2574 Legit

167 2588 432 2639 authentum
485 2586 726 2655 Dindymi
769 2587 1006 2637 dominam
1062 2585 1186 2638 edit.

170 2667 303 2719 Bria.
345 2679 398 2719 et
459 2667 649 2717 Venet.
698 2666 832 2717 male
860 2667 873 2717 !
923 2666 1188 2716 incohatam

169 2747 343 2799 scribit
395 2745 597 2797 Mutet.
650 2744 716 2796 de
767 2764 869 2816 qua
927 2743 1188 2797 scribendi

169 2824 331 2878 forma
357 2823 476 2878 vid.
501 2824 938 2878 Drackenborch.
972 2823 1041 2877 ad
1071 2825 1187 2877 Liv.

174 2916 290 2956 tom.
316 2905 421 2969 IV,
453 2923 573 2976 pag.
607 2903 738 2957 353.
766 2937 835 2945 —-
860 2904 1093 2974 Dindymi
1110 2905 1193 2955 do·

1272 1239 1397 1287 mina
1422 1239 1504 1288 vel
1529 1238 1828 1306 Dindymene
1849 1250 2067 1289 vocatur
2090 1238 2288 1308 Cybele

1269 1335 1298 1367 a
1328 1330 1505 1368 monte
1537 1315 1808 1387 Dindymo
1839 1316 2082 1387 Phrygiae
2122 1319 2287 1387 majo·

1269 1396 1372 1457 ris,
1409 1396 1505 1448 ubi
1536 1396 1623 1448 illa
1656 1396 1947 1458 colebatur,
1987 1409 2046 1450 ut
2082 1410 2285 1448 notum.

1273 1475 1477 1527 Miselloe
1515 1488 1694 1528 ornate
1728 1495 1827 1547 pro
1856 1476 1933 1527 illi
1942 1496 1963 1536 ,·
1987 1476 2168 1527 misella
2195 1495 2288 1528 au-

1271 1566 1374 1606 tem
1396 1557 1505 1625 jam
1527 1574 1634 1607 non
1659 1567 1731 1607 est
1753 1554 1933 1606 infelix
1954 1594 1969 1619 ,
1991 1554 2080 1607 sed
2103 1555 2287 1606 misere

1270 1650 1450 1685 amans
1467 1674 1480 1695 ,
1526 1635 1603 1686 die
1645 1635 1852 1685 zdrtliclz
1899 1634 2106 1686 liebende
2128 1654 2147 1686 .·
2196 1652 2289 1684 εε-

1272 1713 1481 1782 pissime
1514 1714 1655 1767 enim
1686 1712 1830 1785 apud
1858 1726 2034 1784 poetas
2062 1727 2290 1766 amantes

1272 1790 1525 1845 dicuntur
1572 1797 1754 1856 miseri,
1806 1812 2032 1863 quorum
2082 1793 2289 1845 animus

1274 1883 1409 1922 totus
1468 1886 1544 1924 est
1592 1873 1644 1925 in
1690 1893 1890 1924 amore.
1946 1873 2030 1924 Sic
2083 1873 2288 1923 misellus

1277 1951 1458 2002 Acmen
1489 1953 1626 2004 infra
1650 1953 1826 2005 Carm.
1857 1952 2026 2013 XLV,
2055 1970 2146 2012 αι,
2175 1954 2289 2018 σχέ·

1279 2037 1394 2081 τλιοι
1416 2033 1456 2082 οἱ
1474 2034 1709 2100 φιλέοντες
1733 2031 2001 2084 Theocrit.
2025 2031 2178 2092 XIII,
2196 2033 2285 2081 66.

1362 2110 1444 2162 15.
1471 2112 1612 2178 Ignes
1639 2111 1785 2161 edunt
1826 2111 2104 2171 medullam,
2148 2111 2287 2160 conf.

1275 2189 1467 2240 Muret.
1493 2188 1560 2240 ad
1596 2190 1652 2241 h.
1683 2191 1718 2241 l.
1757 2202 1804 2240 et
1838 2188 2008 2242 Cei-da
2042 2187 2107 2240 ad
2135 2189 2287 2257 Virg.

1275 2271 1394 2319 AEn.
1421 2269 1520 2332 IV,
1542 2271 1633 2322 66.
1658 2270 1896 2321 Macerari
1932 2268 2068 2319 lentis
2104 2267 2291 2335 ignibus

1277 2345 1344 2398 de
1377 2348 1764 2400 vehementiore
1800 2367 1978 2400 amore
2005 2345 2133 2398 dicit
2160 2346 2290 2399 Hor.

1277 2424 1383 2479 Od.
1407 2429 1433 2479 Ι
1449 2466 1465 2491 ,
1500 2444 1521 2478 1
1537 2427 1564 2480 3
1588 2469 1602 2491 ,
1631 2431 1682 2482 8.

1365 2512 1451 2559 16.
1481 2507 1720 2577 Sapphica
1758 2528 1886 2559 musa
1906 2548 1919 2568 ,
1953 2504 2048 2578 pro
2075 2506 2292 2576 Sappho

1279 2588 1387 2657 ipsa
1413 2627 1427 2651 ,
1476 2606 1593 2657 quae
1645 2587 1841 2639 Graecis
1890 2588 2039 2639 Musa
2090 2584 2290 2637 decima

1277 2666 1413 2718 (licta
1437 2680 1525 2718 est.
1900 2671 1903 2674 ’

1365 2764 1384 2797 1
1399 2765 1448 2815 7.
1480 2748 1697 2808 Doctior,
1727 2747 1935 2815 iugenio
1951 2746 2155 2816 poetica
2174 2763 2294 2795 cru·

1279 2823 1391 2877 dito
1420 2826 1670 2878 ornatior.
1697 2824 1780 2877 Sic
1809 2826 1965 2894 vulgo
2001 2851 2020 2869 a
2038 2822 2181 2876 docti
2207 2844 2293 2875 va·

1283 2918 1409 2956 tes-.
1436 2908 1501 2957 Ν.
