2986 4935
816 496 1266 563 CARMEN
1324 497 1608 563 XLIV.

2148 495 2288 588 139

365 627 752 716 Quassavit‚
783 626 1148 719 usquedum
1196 629 1262 694 in
1305 642 1491 695 tuum
1538 629 1753 695 sinum
1802 625 1975 722 fugi,

367 737 455 802 Et
495 757 602 800 me
645 735 948 801 recuravi
995 735 1261 827 otioque
1305 748 1372 801 et
1406 736 1636 802 urtica.
2246 764 2292 801 ‚s

369 842 594 928 Quare
629 839 916 907 refectus
950 841 1268 909 maximas
1303 839 1415 907 tibi
1454 855 1672 932 grates

367 949 546 1039 Ago,
579 970 799 1014 meum
838 945 1016 1039 quod
1063 971 1199 1014 non
1243 971 1312 1015 es
1357 945 1493 1014 ulta
1537 961 1905 1039 peccatum.

368 1050 504 1121 Nec
539 1052 863 1146 deprecor
890 1053 1064 1144 jain,
1101 1055 1150 1122 si
1192 1051 1439 1122 nefaria
1477 1055 1723 1147 scripta

368 1161 541 1227 Sexti
588 1184 894 1253 recepm,
924 1160 1086 1252 quin
1132 1160 1556 1253 gravedinem
1593 1175 1658 1228 et
1698 1164 1930 1230 tussim

368 1266 517 1334 Non
554 1268 680 1352 mi,
717 1265 832 1334 sed
871 1267 995 1359 ipsi
1025 1267 1246 1335 Sextio
1292 1266 1461 1334 ferat
1496 1266 1745 1360 friguS‚
2244 1312 2291 1337 ,ο

183 1462 391 1515 movet;·
429 1460 504 1501 est
546 1449 707 1519 igitur
739 1448 952 1518 gravedo
971 1489 985 1510 ‚
1028 1446 1176 1518 quod

182 1524 411 1582 dicimus:
442 1527 755 1598 Schnupfen
787 1526 897 1580 und
935 1530 1173 1581 Catarre.

257 1627 273 1659 1
288 1614 332 1670 4.
354 1609 408 1661 In
424 1613 576 1660 sinum
601 1620 732 1659 tuum
750 1609 1013 1678 eleganter
1031 1627 1175 1660 sum·

184 1703 265 1738 mn
303 1688 662 1741 familiaritatis
693 1701 745 1740 et
781 1686 1178 1740 consuetudinis

184 1764 447 1821 indicandae
468 1787 622 1820 causa
644 1787 742 1838 pro
765 1769 837 1819 ad
853 1781 913 1819 tc.
933 1800 1013 1809 —
1032 1766 1177 1818 Sinus

183 1860 245 1898 est
267 1851 469 1918 angulus
499 1862 654 1901 terrm
679 1848 734 1899 in
763 1867 871 1918 quo
903 1847 1022 1918 quis
1053 1848 1178 1899 latet

182 1924 364 1987 beatusz
381 1929 674 2000 opponitur
690 1927 776 1979 hic
797 1936 867 1997 τῷ
881 1939 1176 1998 sumptuosas

183 2020 328 2076 appeto
338 2029 502 2059 coenas.
515 2008 664 2060 Sinus
666 2007 1176 2077 samoeTacit.Agric.

184 2102 222 2136 c.
249 2086 478 2151 3o‚sinus
502 2090 702 2158 Imperii
718 2088 902 2140 Germ.
931 2106 1022 2154 ²9·
1048 2089 1118 2139 N.

255 2167 332 2220 15.
369 2170 627 2220 procuravi
658 2167 845 2237 Scalig.
884 2168 959 2218 Et
990 2187 1062 2217 me
1093 2187 1175 2218 cu-

183 2250 270 2296 mi
293 2247 343 2299 in
370 2268 475 2301 uno
508 2248 625 2300 MS.
651 2247 781 2300 Stat.
811 2247 903 2317 qui
927 2247 1173 2315 conjicit:

184 2324 326 2378 Etme
353 2347 408 2378 ne
436 2331 637 2390 curavi,
672 2339 731 2379 ut
765 2347 824 2378 ne
857 2346 957 2398 pro
991 2328 1177 2399 quidem

180 2401 356 2460 dictum
386 2409 466 2462 sit.
500 2408 781 2479 Ocymoque
803 2408 998 2460 Muret.

254 2504 328 2557 17.
358 2490 480 2558 Quoe
509 2508 612 2541 non
641 2507 691 2539 es
722 2490 823 2539 ulta
849 2500 1093 2558 peccatum
1122 2488 1177 2538 in

182 2564 313 2621 MSS.
331 2570 504 2622 Patav.
524 2568 702 2621 Statii.
726 2569 876 2636 Quod
891 2587 984 2619 non
1001 2588 1049 2619 es
1068 2568 1178 2620 ulte

176 2661 391 2713 peccatum
414 2647 664 2702 emendat
687 2648 904 2702 Gabriel
931 2649 1180 2708 Faernus,

183 2740 232 2780 ut
253 2727 314 2782 ad
341 2729 566 2782 fundum
596 2729 853 2781 referatur
870 2768 886 2789 .,
913 2747 1070 2798 quem
1100 2746 1177 2778 se-

181 2808 339 2876 quitur
354 2810 606 2881 Vulpius.
635 2810 748 2860 Non
774 2828 822 2859 es
858 2806 987 2859 ultu’
1007 2828 1177 2877 pecca-

184 2899 264 2937 rim
281 2888 466 2942 Mutet.
482 2923 568 2931 —-
588 2889 707 2940 Non
730 2889 932 2959 optime
950 2906 1071 2938 cum
1094 2906 1184 2938 an·

181 2966 513 3022 tecedentihus
540 2970 648 3020 ulta
662 2966 874 3020 videtur
899 2967 1179 3030 cohaerere,

183 3045 217 3096 si
243 3045 441 3118 quidem
456 3048 671 3115 scandum
700 3047 988 3118 alloquitur
1019 3046 1178 3097 Poeta

183 3140 226 3178 et
246 3129 402 3198 pergit
427 3148 476 3181 v.
507 3134 565 3192 6,
594 3146 624 3197 7
658 3132 705 3179 in
730 3140 812 3178 tua
839 3129 992 3187 villen-
1017 3138 1069 3177 at
1089 3145 1180 3195 po·

185 3208 473 3274 tuitfimdum
495 3208 764 3267 obliviSci‚
789 3219 841 3259 et
864 3207 1030 3257 villam
1045 3226 1179 3255 suam

185 3285 376 3340 tiburtem
433 3289 633 3341 habere
694 3301 820 3338 tunc
873 3287 926 3337 in
983 3286 1176 3337 animo.

184 3365 399 3440 Namque
430 3370 592 3421 lectio
615 3368 814 3418 Mureti
845 3366 1077 3417 obsoleta
1112 3384 1179 3416 ω-

184 3463 240 3495 vo
267 3449 556 3501 Catulliano
578 3487 593 3510 ‚
620 3460 672 3499 et
698 3447 957 3498 correctio
993 3446 1033 3496 F
1037 3446 1179 3496 aei-ni

181 3529 339 3595 paullo
362 3528 568 3581 durior.
605 3530 796 3578 Annon
832 3539 1002 3597 posset
1036 3527 1182 3576 locus

182 3609 326 3660 sanari
353 3605 636 3661 scribendo
656 3620 728 3658 est
749 3608 856 3659 ulta
876 3607 992 3657 suh.
1015 3605 1180 3655 villa?

181 3684 275 3740 vid.
285 3688 411 3741 infra
423 3701 538 3741 not.
551 3686 616 3739 ad
630 3707 759 3739 vers.
778 3706 860 3739 ao.
870 3686 1180 3739 N.—Meum

178 3781 395 3831 peccatum
417 3812 431 3833 ,
471 3766 621 3839 quod
649 3780 846 3819 temere
876 3784 960 3818 me
988 3763 1180 3817 adduci

183 3862 338 3914 passus
360 3849 477 3913 sim,
505 3860 567 3899 ut
586 3847 822 3898 lautioris
848 3864 1009 3898 coenae
1030 3863 1179 3897 causa

180 3922 427 3980 hominem
455 3927 678 3981 stultum
702 3925 903 3979 adirem
922 3966 938 3989 ,
959 3927 1050 3997 qui
1074 3944 1180 3994 ρω-

184 4020 239 4055 ne
259 4023 338 4058 me
362 4006 608 4078 perderet
637 4018 691 4059 et
716 4017 959 4058 enecaret
985 4005 1179 4058 stultis·

183 4082 306 4139 aime
329 4087 583 4141 orationis
606 4085 958 4157 prolectione.

257 4168 336 4220 ¹8.
365 4168 468 4219 Nec
498 4167 754 4238 deprecor,
790 4184 885 4216 nec
913 4183 1096 4217 recuso
1128 4177 1181 4216 et

1270 1467 1299 1500 a
1323 1467 1408 1500 me
1430 1450 1671 1502 amolior.
1697 1448 1974 1520 Loquendi
1999 1468 2163 1520 genus
2186 1449 2291 1502 usi-

1269 1541 1436 1581 tatum
1457 1568 1471 1596 ,
1497 1531 1563 1582 cf.
1594 1530 1709 1581 Liv.

1353 1628 1374 1660 1
1388 1628 1443 1676 9.
1470 1610 1679 1679 Recepso
1703 1609 1916 1681 antique
1937 1628 2040 1680 pro
2061 1630 2291 1678 recepero.

1265 1720 1344 1729 —
1376 1687 1506 1739 Sesti
1546 1703 1597 1742 et
1641 1709 1775 1742 versi.
1816 1708 1924 1760 seq.
1968 1690 2126 1742 Sestio
2164 1692 2291 1742 scri·

1265 1768 1400 1819 bunt
1424 1769 1546 1834 alii,
1572 1768 1718 1841 quod
1740 1781 1944 1823 rectum
1964 1782 2095 1840 puto
2117 1770 2188 1821 ob
2212 1771 2291 1822 lo-

1264 1865 1388 1899 cum
1408 1849 1678 1901 Ciceronis
1705 1868 1859 1920 supra
1882 1848 2175 1913 laudatum,
2198 1850 2290 1900 ubi

1266 1940 1342 1978 est
1365 1925 1802 1999 σηστιωδέστερον.
1835 1931 1918 1982 Cf.
1945 1929 1997 1980 in
2020 1931 2156 1981 hanc
2177 1947 2289 1981 rem

1263 2005 1333 2059 ad
1367 2007 1545 2060 locum
1586 2009 1699 2061 Cic.
1735 2007 1997 2061 Leonard.
2028 2009 2289 2077 Malhesp.

1351 2105 1442 2138 ιο.
1471 2089 1587 2140 Non
1616 2092 1711 2150 mi,
1744 2089 1831 2139 sed
1851 2092 1942 2158 ipsi
1961 2089 2089 2142 Sest.
2117 2089 2289 2158 expli-

1265 2183 1328 2216 co
1349 2184 1362 2218 :
1391 2186 1501 2218 non
1530 2168 1659 2219 mihi
1684 2168 1853 2219 solum
1877 2209 1890 2231 ,
1919 2167 2010 2219 sed
2034 2168 2131 2239 ipsi
2156 2187 2289 2238 quo-

1264 2263 1368 2315 que
1395 2245 1596 2310 Sestio;
1629 2265 1789 2318 quam
1811 2246 2029 2317 quidem
2062 2247 2293 2318 explica-

1265 2326 1464 2377 tionem
1482 2327 1734 2379 orationis
1752 2345 1918 2378 nexus
1939 2328 2046 2379 fere
2062 2327 2258 2397 flagitat
2276 2346 2293 2391 ;

1265 2405 1370 2457 huc
1399 2405 1628 2470 accedit,
1659 2406 1803 2479 quod
1840 2409 2106 2478 particula!
2125 2447 2139 2473 ,
2173 2427 2288 2469 non,

1262 2487 1364 2549 sed,
1388 2486 1694 2556 saepiuscule
1728 2486 1870 2559 apud
1903 2490 2133 2559 optimos
2168 2490 2294 2541 sesi·

1264 2580 1441 2638 ptores
1464 2568 1589 2637 poni
1616 2569 1783 2620 solent
1808 2588 1905 2638 pro
1921 2589 2014 2619 non
2035 2569 2190 2628 modo,
2209 2570 2302 2620 sed

1265 2651 1422 2698 etiam.
1458 2646 1590 2700 Vid.
1639 2649 1788 2701 Cort.
1834 2646 1899 2701 ad
1944 2650 2152 2701 Sallust.
2192 2650 2225 2700 J
2228 2670 2292 2700 u-

1265 2727 1442 2797 gurth.
1466 2728 1616 2790 XIV,
1643 2728 1734 2791 23,
1756 2747 1808 2798 p.
1831 2730 1937 2792 484
1957 2742 2006 2781 et
2022 2730 2292 2781 Dracken·

1266 2807 1452 2859 borch.
1483 2806 1549 2858 ad
1576 2809 1691 2858 Liv.
1720 2810 1797 2872 X,
1824 2813 1855 2859 6
1877 2848 1891 2872 ‚
1914 2809 2070 2862 Tom.
2097 2811 2208 2870 111,
2237 2828 2289 2878 p.

1273 2888 1339 2939 25
1363 2925 1376 2949 ,
1405 2885 1471 2937 ad
1502 2889 1775 2951 XXVIII,
1811 2893 1881 2940 26
1899 2927 1913 2951 ‚
1933 2889 2089 2941 Tom.
2112 2890 2213 2952 IV,
2236 2910 2288 2960 p.

1272 2972 1403 3031 226,
1428 2980 1479 3018 et
1501 2966 1567 3019 ad
1594 2968 1914 3029 XXXVIII,
1937 2987 1991 3038 p.
2022 2988 2113 3031 πα,
2132 2970 2290 3021 Tom.

1268 3049 1337 3109 V,
1357 3068 1411 3117 p.
1436 3065 1560 3116 199.
1578 3079 1655 3089 —
1672 3047 1791 3098 Non
1806 3059 1922 3118 eget
1940 3048 2157 3099 vocibus
2170 3048 2293 3098 sub·

1267 3126 1461 3179 auditis
1479 3147 1682 3189 sensus,
1707 3140 1765 3179 ut
1787 3128 2076 3196 explicetur
2093 3167 2107 3190 ,
2132 3146 2289 3197 quem

1266 3220 1575 3276 pervertunt
1610 3208 1771 3277 magis
1806 3227 1963 3278 quam
1996 3207 2294 3277 explanant.

1268 3286 1505 3339 Catullus
1544 3305 1756 3338 carmen
1796 3288 2050 3339 lusorium
2098 3287 2294 3357 ingenii

1267 3368 1384 3419 lusu
1405 3366 1652 3417 claudere
1667 3367 1866 3431 voluit,
1888 3381 2045 3438 atque
2066 3368 2138 3420 ita
2162 3364 2291 3418 dum

1268 3465 1320 3497 se
1348 3465 1499 3497 reum
1521 3446 1652 3515 juris
1669 3445 1881 3515 jurandi
1906 3447 2191 3516 gravissimi
2217 3447 2293 3498 fa-

1268 3546 1386 3577 cere
1412 3527 1586 3595 primo
1612 3528 2072 3597 simulat,repente
2094 3529 2144 3579 in
2163 3527 2289 3579 Sex-

1269 3606 1327 3658 tii
1356 3618 1512 3676 caput
1535 3624 1691 3656 omne
1717 3608 1979 3658 commissi
2009 3622 2181 3660 reatus
2201 3627 2292 3678 pe·

1270 3686 1498 3737 ticulum
1529 3683 1780 3738 deflectit.
1821 3688 1937 3738 Hoc
1969 3700 2071 3749 est,
2099 3688 2154 3738 ni
2196 3688 2291 3739 fal-

1269 3766 1352 3816 lor
1368 3804 1382 3828 ,
1405 3783 1644 3816 acumen.
1664 3765 1730 3816 N.
1745 3800 1824 3808 -—
1840 3768 2007 3818 Ferat.
2033 3768 2156 3830 Quo
2176 3787 2298 3837 per-

1271 3844 1432 3898 tinent
1463 3844 1548 3896 illa
1578 3864 1679 3896 vox
1709 3865 1816 3897 non
1847 3846 2000 3898 video
2041 3848 2137 3897 nisi
2162 3848 2286 3899 villa

1268 3921 1578 3987 subaudias,
1601 3944 1704 3995 qua
1732 3925 2011 3979 deficiente
2039 3929 2301 3981 sententia

1267 4018 1425 4057 caret.
1462 4006 1649 4075 Itaque
1682 4005 1849 4058 libens
1883 4004 2205 4059 crediderim
2243 4022 2298 4062 et

1267 4084 1357 4136 hic
1388 4098 1440 4137 et
1473 4103 1525 4136 v.
1565 4102 1630 4153 17
1664 4086 1869 4138 subesse
1899 4087 2054 4157 hujus
2084 4085 2190 4139 vim
2216 4089 2291 4140 la-

1269 4176 1481 4216 tentem.
1510 4163 1577 4215 N.
