2986 4935
921 501 1361 569 CARMEN
1417 502 1700 568 LXIV.

2220 499 2355 573 251

340 636 448 703 Ne
487 632 924 725 labyrintheis
966 658 1008 728 e
1041 633 1323 702 flexibus
1364 633 1808 727 egredientem
2368 721 2374 727 p

342 741 531 809 Tecti
574 739 1001 809 frustraretur
1037 737 1540 808 inobservabilis
1580 763 1783 807 error.
2309 768 2373 804 ηε,

450 845 579 914 Sed
623 844 782 938 quid
825 869 985 939 ego,
1017 869 1060 913 a
1103 848 1318 939 primo
1354 845 1687 940 digressus
1729 847 2052 926 carmine,
2091 845 2281 938 plura

345 950 927 1021 Commemorem?
963 966 1038 1021 ut
1072 951 1375 1046 linquens
1419 951 1734 1045 genitoris
1769 949 1902 1020 filia
1942 948 2234 1034 vultum,

345 1061 443 1126 Ut
484 1059 988 1152 consanguineae
1019 1058 1440 1153 complexum
1459 1111 1478 1142 ,
1505 1072 1585 1126 ut
1608 1057 1897 1152 denique
1931 1059 2194 1143 matris,

346 1151 548 1258 [Quae
592 1165 826 1232 misera
868 1165 934 1231 in
972 1179 1172 1258 gnata
1211 1165 1394 1232 flevit
1431 1151 1847 1258 deperdita‚]
1889 1162 2035 1232 laeta

326 1392 347 1426 ι
366 1392 386 1425 1
403 1374 453 1426 5.
479 1373 898 1441 Tectisrusermt.
919 1374 1149 1426 hmbserv.
1164 1394 1256 1426 err.

237 1485 319 1496 --
359 1452 506 1504 Coeca
547 1464 672 1502 tecta
711 1452 1074 1521 labyrinthum
1111 1465 1262 1504 vocat

239 1533 398 1604 virg.
433 1533 690 1595 53va
725 1550 815 1600 ²7·
850 1562 928 1573 —
960 1532 1086 1586 Huc
1120 1532 1260 1584 canit

239 1612 437 1684 Vix-gil.
468 1612 507 1664 l.
530 1630 576 1664 c.
610 1638 631 1658 ι
654 1611 745 1664 hic
771 1611 925 1662 labor
951 1611 1041 1662 ille
1070 1609 1261 1663 domus

238 1705 292 1744 et
321 1691 706 1744 inextricabilis
721 1709 897 1745 error·
926 1723 938 1736 ·
964 1724 979 1737 ·
1012 1709 1146 1744 caeca
1175 1709 1259 1741 re·

237 1790 366 1840 gens
402 1770 495 1821 filo
534 1770 765 1839 vestigia.
795 1795 817 1815 ι
868 1770 934 1821 Ν.
978 1801 1058 1810 --
1103 1770 1258 1824 Conf.

239 1849 426 1902 Heius.
461 1847 530 1901 ad
563 1849 683 1902 Val.
719 1849 886 1901 Flacc.
926 1849 984 1914 1,
1017 1851 1154 1901 601.
1180 1877 1261 1888 —-

237 1930 479 1998 Οἶτιμα,
510 1931 734 1997 καμπαῖς
772 1929 1090 1988 πολυπλόκοις
1128 1934 1259 1980 πλα-

235 2015 330 2059 νῦν
352 2008 441 2063 τὴν
464 2003 627 2070 ἔοδον
651 2005 963 2078 Apollodor.
983 2007 1093 2073 ΙΙΙ,
1123 2025 1149 2057 2
1166 2045 1182 2071 ,
1207 2013 1257 2068 4.

239 2087 325 2140 Cf.
350 2088 525 2158 Heytoe
549 2087 606 2139 in
630 2099 740 2140 not.
764 2106 817 2157 p·
852 2085 962 2139 538
986 2105 1098 2157 sqq.

329 2186 352 2219 1
372 2172 459 2219 16.
487 2165 590 2218 Sed
615 2166 737 2237 quid
760 2185 850 2235 ego
872 2169 1031 2235 primo
1065 2164 1260 2217 omissa

240 2245 619 2316 prepositione
641 2245 696 2299 in
722 2245 913 2299 Venet.
931 2276 1012 2286 —
1031 2244 1088 2298 In
1102 2247 1260 2314 primo

237 2325 296 2376 in
323 2323 661 2398 quibusdam.
694 2356 774 2366 —
808 2323 912 2376 Sed
936 2343 1075 2395 quom
1101 2327 1260 2392 primo

234 2403 621 2458 mediolanens.
646 2401 787 2455 unde
807 2403 1024 2455 Vossius
1043 2421 1259 2476 quorsum

229 2489 412 2555 primo.
444 2516 526 2526 —
561 2483 663 2537 Sed
688 2483 808 2555 quid
836 2502 925 2551 ego
950 2502 982 2533 a
1002 2487 1160 2552 primo
1182 2484 1260 2534 cli-

232 2583 394 2634 gms.
427 2565 547 2637 Ipse
581 2564 743 2616 Poeta
777 2580 831 2613 se
871 2577 1082 2616 revocat
1113 2581 1144 2614 a
1175 2560 1259 2615 di-

235 2643 537 2719 gressione,
555 2640 647 2695 sed
670 2642 858 2697 frustr-
882 2642 1131 2695 cohibere
1154 2654 1261 2693 ten-

239 2737 318 2778 tat
359 2723 622 2795 impetum
643 2760 657 2782 ,
689 2740 796 2795 quo
823 2722 981 2774 semel
1013 2723 1124 2793 ejus
1145 2722 1259 2773 ani·

238 2821 364 2859 mus
387 2819 449 2854 re
475 2800 718 2870 praesenti
748 2799 1098 2853 inflammatus
1127 2813 1258 2853 erat.

235 2912 322 2924 —-
343 2882 559 2936 lazius
589 2880 646 2933 in
674 2879 924 2951 Spicileg.
962 2879 1259 2933 Observatt.

235 2972 519 3033 comparat
536 2959 711 3030 Apoll.
728 2957 902 3011 Rhod.
921 2961 947 3011 1
963 2999 977 3022 ‚
999 2978 1021 3012 1
1038 2978 1063 3009 ο
1076 2978 1162 3011 20.
1180 2991 1261 3001 -

235 3041 479 3114 Vulpius
501 3037 565 3091 ad
588 3038 641 3093 h.
666 3056 873 3091 versum
897 3056 1016 3102 eos,
1036 3038 1127 3110 qui
1150 3058 1261 3094 mu·

235 3139 351 3173 sam
380 3119 575 3175 catulli
604 3118 658 3169 in
681 3116 787 3170 hoc
811 3118 1045 3169 carmine
1061 3157 1078 3180 ,
1099 3117 1260 3170 licen·

237 3199 348 3250 tius
396 3197 742 3253 exsultantem
774 3207 828 3251 et
854 3209 1127 3270 vagantem
1146 3236 1161 3260 ,
1185 3210 1264 3249 at-

235 3297 348 3350 que
375 3278 538 3350 epicae
564 3275 878 3331 narrationis
904 3277 1042 3346 leges
1070 3295 1259 3347 parum

235 3370 539 3410 servantem
562 3396 578 3421 ,
620 3374 731 3408 non
775 3352 1070 3425 adprobant
1088 3392 1105 3419 ,
1148 3368 1259 3408 tan-

235 3456 406 3511 quam
431 3433 673 3511 stupidos
696 3447 749 3491 et
774 3434 994 3504 plebeiis
1017 3433 1259 3504 paedago-

234 3535 440 3591 gotum
461 3514 738 3593 preceptis
755 3514 1014 3566 obnoxios
1031 3512 1261 3567 damnat.

237 3593 357 3650 Sed
387 3615 497 3653 uon
528 3591 809 3649 commode
844 3590 1062 3647 Pindari
1088 3612 1264 3648 exem.-

236 3676 341 3747 plo
375 3674 646 3729 Catullum
686 3673 820 3725 tueri
859 3684 1116 3738 conatur,
1153 3673 1264 3725 fru-

234 3750 460 3829 straque
495 3754 549 3806 in
588 3753 692 3811 hoc
731 3752 963 3805 carmine
995 3770 1148 3804 suum
1176 3770 1264 3803 va-

235 3849 355 3893 tem
398 3829 754 3904 componendi
801 3832 1057 3903 poematis
1102 3831 1265 3901 magi-

233 3927 416 3971 strum
434 3914 673 3989 ptnhere
689 3911 917 3974 laborat,
934 3929 1093 3981 quem
1108 3928 1265 3963 nemo

235 4011 515 4045 summum
538 3988 802 4046 scribendi
827 3990 1081 4049 artificem
1111 4009 1265 4061 nega·

239 4073 401 4126 verit.
436 4073 504 4129 N.

335 4170 355 4203 ι
374 4170 395 4205 1
408 4171 462 4220 7.
481 4152 551 4203 Ue
565 4152 776 4221 linqeoem
786 4154 1016 4219 genitoris
1029 4161 1128 4203 etc.
1144 4149 1268 4202 Sen-

1348 1391 1466 1424 sus:
1505 1372 1777 1443 quomodo
1814 1372 1919 1426 filia
1952 1387 2156 1443 patrem
2172 1410 2189 1433 ,
2230 1392 2370 1425 soro-

1350 1469 1461 1503 rem
1481 1490 1497 1514 ,
1522 1465 1743 1503 matrem
1769 1449 1919 1535 (quae
1939 1470 2145 1503 summo
2168 1451 2361 1504 affectu

1350 1531 1569 1601 abrepta
1597 1531 1787 1584 multas
1816 1532 1886 1583 ob
1928 1531 2171 1583 miseram
2200 1532 2367 1585 filiam

1349 1607 1489 1663 fudit
1515 1607 1776 1673 lacrimas)
1799 1610 2129 1680 relinquens,
2154 1608 2365 1664 dulcem

1348 1689 1539 1741 Thesei
1561 1708 1793 1741 amorem
1813 1689 1896 1741 his
1914 1689 2161 1741 omnibus
2174 1685 2333 1760 (patri
2351 1729 2368 1752 ‚

1350 1769 1506 1820 matri
1528 1782 1578 1821 et
1595 1766 1793 1832 sorori)
1814 1765 1990 1831 (loeta)
2011 1769 2129 1821 laeto
2152 1782 2205 1821 et
2228 1783 2367 1821 tran·

1348 1848 1515 1917 quillo
1544 1848 1720 1899 animo
1743 1849 1991 1918 praeferre
2018 1867 2125 1899 non
2152 1847 2364 1901 dubita-

1350 1927 1504 1979 verit.
1527 1958 1608 1968 -—-
1631 1925 1875 1980 Genitor-is
1892 1927 2078 1978 vultum
2104 1927 2366 1998 eleganter

1350 2024 1448 2075 pro
1460 2020 1649 2075 patrem
1664 2025 1684 2066 ,·
1704 2005 2120 2076 jucundissimus
2146 2008 2289 2059 enim
2306 2007 2366 2057 li-

1350 2085 1488 2137 beris
1513 2104 1621 2136 esse
1643 2082 1801 2136 debet
1828 2085 1991 2153 patris
2010 2082 2302 2154 adspectus.

1435 2180 1457 2214 ι
1475 2165 1562 2216 18.
1610 2164 1677 2213 Ut
1712 2166 2085 2233 consanguineas
2104 2204 2119 2225 ,
2157 2166 2362 2234 comple-

1347 2262 1458 2294 xum
1485 2256 1540 2293 ut
1559 2243 1758 2313 denique
1778 2246 1943 2294 matris
1967 2241 2146 2294 Heius.
2172 2242 2226 2293 iu
2251 2258 2363 2297 not.

1347 2320 1417 2374 ad
1451 2321 2056 2392 &mlh—Consanguin.
2082 2322 2284 2390 ample-x.
2314 2336 2366 2376 et

1349 2405 1513 2452 matris
1536 2399 1766 2454 molliter
1779 2411 1879 2473 pro
1906 2400 2133 2471 simplici
2160 2421 2365 2454 sororem

1349 2493 1402 2533 et
1430 2482 2093 2551 matrem.—Consanguinea
2116 2475 2367 2553 (ὅμαιμος)

1347 2579 1448 2632 pro
1472 2579 1670 2623 sorore,
1686 2579 1802 2631 quae
1822 2562 1924 2615 fuit
1942 2558 2181 2614 Phoedra.

1437 2659 1458 2691 1
1476 2660 1565 2711 ¹9·
1589 2640 1751 2693 Varie
1780 2641 1869 2695 hic
1902 2659 2081 2705 versus
2119 2641 2175 2693 in
2213 2642 2369 2693 variis

1347 2718 1499 2773 editt.
1524 2720 1715 2790 legitur
1729 2758 1745 2784 ,
1769 2734 1819 2772 et
1841 2720 1985 2773 varia
2006 2718 2242 2775 adhibita
2265 2739 2371 2773 me·

1348 2797 1491 2865 dela,
1520 2812 1579 2851 ut
1602 2799 1692 2866 fit,
1712 2813 1997 2870 corruptus
2022 2800 2183 2870 magis
2207 2818 2364 2870 quam

1347 2893 1554 2931 sanatus
1574 2891 1667 2931 est.
1694 2880 1756 2929 In
1778 2878 2020 2950 plurimis
2046 2879 2195 2930 libris
2214 2879 2361 2931 MSS.

1350 2970 1477 3010 teste
1505 2958 1671 3010 Statio
1702 2969 1754 3009 et
1784 2958 1901 3009 aliis
1927 2957 2015 3010 hic
2038 2976 2216 3009 versus
2238 2958 2364 3027 legi-

1350 3049 1436 3089 tur
1453 3038 1562 3089 fere
1585 3037 1657 3088 sic
1679 3055 1692 3088 ε
1711 3042 1878 3087 misera
1902 3042 2073 3106 ignara
2094 3028 2200 3102 (vel
2226 3040 2367 3106 igna-

1350 3129 1399 3166 ta
1419 3158 1433 3178 ,
1461 3121 1655 3184 ingrata
1675 3157 1690 3180 ,
1713 3128 1897 3184 agnata
1912 3106 1932 3183 )
1950 3110 1971 3132 '
1999 3116 2244 3187 deperdita
2272 3117 2366 3167 lem

1347 3196 1432 3247 vel
1471 3196 1585 3246 loeea
1605 3235 1620 3256 ,
1665 3214 1782 3265 quae
1821 3208 2086 3267 corrupta
2122 3195 2370 3247 lectiones

1349 3276 1591 3345 proxime
1623 3272 1688 3326 ad
1717 3293 1831 3326 eam
1849 3313 1864 3338 ‚
1896 3294 2057 3345 quam
2089 3272 2333 3328 dedimus
2351 3313 2365 3336 ‚

1348 3354 1631 3406 lectionem
1654 3352 1940 3415 accedunt3
1966 3356 2100 3408 nihil
2129 3354 2269 3405 enim
2291 3355 2364 3406 fa·

1347 3433 1500 3486 cilius
1527 3446 1578 3485 et
1600 3432 1893 3504 simplicius
1915 3453 2073 3506 quam
2099 3454 2160 3487 ex
2188 3453 2368 3488 corru-

1351 3525 1437 3583 pta
1468 3513 1692 3565 lectione
1721 3517 1889 3582 ignum
1919 3515 2109 3568 elicere
2141 3517 2191 3565 in
2223 3526 2360 3573 nata,

1351 3604 1402 3644 et
1416 3590 1674 3661 ejusmodi
1689 3593 1855 3645 verbo
1870 3593 2108 3646 lacunam
2123 3594 2337 3663 explere
2352 3632 2369 3656 ‚

1351 3669 1498 3742 quod
1520 3671 1631 3742 ipsa
1646 3690 1730 3722 res
1752 3672 1978 3742 flagitat3
2000 3671 2204 3742 egregie
2227 3671 2370 3725 enim

1352 3748 1576 3822 quadrat
1599 3752 1772 3822 flevit,
1812 3764 1866 3804 et
1895 3770 2071 3805 sensus
2105 3770 2169 3804 ex
2197 3762 2373 3805 nostra

1354 3830 1580 3883 lectione
1612 3830 1721 3883 exit
1754 3829 2209 3885 commodissimus
2235 3848 2247 3882 :
2281 3827 2371 3881 sed

1355 3909 1599 3980 plurimae
1625 3908 1777 3963 editt.
1794 3911 1987 3962 Venet.
2019 3908 2227 3980 Gryph.
2248 3909 2369 3959 Mu-

1356 4002 1453 4042 ret.
1471 3989 1942 4061 Cantabrig.Vulp.
1959 3988 2212 4043 exhibent
2229 3989 2374 4042 hunc

1356 4087 1566 4121 versum
1586 4069 1689 4120 sic:
1714 4070 1873 4134 uQuae
1897 4068 2087 4122 misero
2103 4080 2267 4139 gnata
2288 4068 2373 4121 fle·

1356 4162 1435 4201 ret
1459 4146 1730 4217 deperdita
1754 4149 1921 4202 luctu.
1943 4174 1963 4193 ι·
1998 4148 2158 4203 Liber
2180 4149 2373 4201 Come-
