2986 4935
823 468 1259 536 CARMEN
1316 469 1641 536 LXVII.

155 598 413 669 procellas
450 606 737 665 comparet.
767 622 789 642 ο
833 628 910 636 -—
948 597 1177 666 Fulget-et

155 680 224 729 ab
255 677 475 747 antiquo
495 676 747 743 fialgerare
777 694 876 747 pro
898 677 1173 745 fulgurare.

154 788 237 798 --
259 758 317 807 H
308 755 545 828 ydnoclcoi
562 772 724 824 graece
744 774 842 825 pro
860 755 1172 826 Hydrocleoo.

154 837 249 888 Est
277 848 451 887 autem
486 832 841 904 Hydrochous
870 854 959 886 seu
991 835 1171 905 Gany·

156 914 340 966 medes
360 932 529 965 unum
551 933 580 965 e
599 911 884 966 duodecim
903 914 1061 985 signis
1078 916 1175 966 Zo-

154 993 316 1047 diaci.
343 1026 423 1035 —
453 992 570 1045 Hoc
602 1011 811 1045 carmen
838 995 1173 1063 quantumvis

156 1072 490 1126 celeberrimi
508 1069 800 1125 eruditione
815 1073 915 1126 viri
928 1071 1172 1125 laudibus

158 1154 216 1203 in
238 1153 425 1205 caelum
449 1152 633 1204 tollant
654 1190 668 1216 ,
689 1171 795 1202 non
817 1171 1026 1223 possum
1048 1171 1171 1203 cum

133 1232 235 1284 ,eis
260 1229 399 1284 illud
422 1230 692 1291 admirari,
716 1230 838 1284 lieet
863 1231 1169 1284 felicissima}

155 1330 306 1364 venae
328 1311 477 1362 soetus
503 1324 553 1363 et
570 1307 833 1363 scribendi
858 1310 1060 1380 generis
1084 1327 1169 1362 ca·

159 1389 473 1460 stigatissimi
502 1388 759 1460 igniculos
779 1390 967 1459 passim
988 1388 1173 1459 depre-

155 1468 408 1521 hendam.
433 1470 497 1520 Et
514 1469 678 1520 fateor
694 1467 911 1538 quidem
932 1469 1141 1539 regibus
1153 1508 1169 1533 ,

157 1567 392 1619 quorum
406 1561 633 1600 ventosae
646 1547 1054 1618 magnanimitati
1063 1548 1173 1617 pal-

157 1629 421 1698 pabantur
442 1665 457 1690 ,
509 1627 629 1680 talia
679 1640 970 1679 commenta
1017 1624 1170 1680 valde

156 1707 390 1777 placere,
416 1707 581 1758 immo
608 1706 663 1757 in
690 1706 959 1775 praesentia
984 1707 1170 1758 fabulae

155 1784 613 1856 opportunitatem
647 1784 857 1855 ingenio
892 1787 1063 1838 Poetae
1094 1785 1171 1837 fa·

158 1883 341 1917 vorem
358 1864 633 1934 publicum
656 1865 935 1916 conciliare
954 1905 973 1930 ‚
992 1866 1046 1917 in
1068 1866 1173 1935 pri·

159 1945 259 1996 mis
290 1941 434 2013 apud
468 1940 850 1995 Alexandrinos
888 1944 1040 2004 illos,
1079 1945 1169 2013 qui

155 2041 264 2093 prae
285 2023 485 2075 caeteris
506 2021 755 2075 orationis
779 2023 1095 2075 calamistros
1121 2037 1172 2075 et

156 2101 532 2155 curiosissimus
558 2099 844 2172 figurarum
863 2099 1074 2155 dicendi
1097 2121 1172 2153 ar·

153 2183 327 2252 gutias
376 2182 431 2233 in
477 2179 681 2233 deliciis
720 2181 1014 2233 habuerunt
1033 2221 1048 2244 ‚
1075 2201 1173 2252 po-

156 2263 332 2316 tuisse.
388 2259 496 2316 sed
546 2260 743 2314 mirum
784 2260 917 2312 mihi
965 2258 1173 2313 videtur

2123 466 2270 539 313

1262 597 1544 662 Romanos,
1558 597 1752 667 quibus
1766 597 1997 648 alienum
2012 608 2122 650 erat
2134 597 2271 652 illud

1258 690 1629 745 argumentum
1646 715 1662 740 ,
1693 695 1864 747 neque
1896 676 1951 728 in
1975 677 2079 729 hoc
2106 695 2266 748 opere

1258 753 1548 826 quidquam
1578 769 1765 826 praeter
1789 756 2004 825 poetica
2033 756 2266 827 pulchri-

1258 831 1453 886 tudinis
1470 835 1773 906 exemplum
1792 834 2120 904 quaerebatur
2136 873 2153 900 ,
2172 837 2265 888 illo

1256 914 1416 966 fucati
1452 915 1648 983 leporis
1678 913 1940 966 lenocinio
1967 912 2101 967 adeo
2131 914 2264 967 deli-

1254 993 1392 1045 nitos
1430 993 1620 1060 fuisse,
1654 1006 1713 1044 ut
1755 992 1812 1044 in
1855 1012 1999 1045 suam
2030 993 2261 1063 linguam

1255 1070 1390 1125 illud
1408 1090 1620 1125 carmen
1632 1071 1733 1124 viri
1752 1071 2116 1142 sapientissimi
2131 1074 2265 1125 verti

1254 1164 1523 1221 cuperent,
1535 1164 1585 1202 et
1605 1164 1744 1203 vates
1762 1149 2049 1203 doctissimi
2064 1164 2263 1203 vertere

1253 1229 1535 1282 studerent.
1586 1232 1756 1282 Tanta
1803 1228 1945 1300 apud
2001 1232 2265 1282 Romanos

1256 1311 1560 1362 Graecorum
1584 1309 1886 1361 auctoritas!
1914 1323 1969 1361 at
1987 1309 2092 1362 hoc
2113 1307 2262 1360 dam-

1255 1409 1324 1440 no
1350 1387 1619 1457 discipulis
1640 1386 1923 1457 aliquando
1946 1388 2045 1440 fuit
2061 1428 2075 1452 ,
2097 1407 2264 1458 quum

1253 1467 1431 1519 omnia
1450 1506 1466 1531 ,
1499 1484 1822 1538 quacunque
1853 1486 1882 1517 e
1918 1467 2063 1519 fonte
2096 1485 2265 1537 graeco

1253 1546 1587 1599 defluxissent
1598 1583 1614 1610 ‚
1629 1546 1777 1597 nullo
1799 1545 2068 1598 haurirent
2084 1544 2266 1597 discri-

1256 1627 1396 1679 mine
1413 1665 1428 1689 ,
1446 1643 1618 1696 neque
1640 1622 1769 1694 quid
1788 1623 2035 1676 distarent
2062 1644 2163 1676 aera
2187 1624 2262 1676 lu-

1255 1706 1395 1776 pinis
1439 1703 1912 1756 animadverterent
1954 1705 2089 1756 satis,
2131 1701 2264 1756 Inde

1254 1804 1362 1835 nou
1389 1784 1680 1836 inaffectata
1709 1785 1815 1852 jam
1855 1783 2115 1852 Augusteo
2155 1801 2266 1835 aevo

1257 1864 1575 1927 multorum,
1610 1876 1661 1913 et
1696 1862 2018 1932 egregiorum
2049 1858 2266 1932 quidem

1256 1956 1531 2014 poetarum
1575 1940 1890 2011 jucunditas.
1939 1941 2055 1992 Hoc
2095 1941 2269 1992 minus

1259 2040 1342 2074 me
1370 2021 1533 2090 tangit
1550 2056 1566 2082 ‚
1597 2017 1737 2089 quod
1770 2018 2120 2070 recentiorum
2148 2032 2268 2070 aeta-

1259 2116 1367 2154 tum
1413 2101 1719 2168 interpretes
1748 2100 1932 2167 plausu
1966 2099 2085 2148 talia
2119 2115 2269 2149 exce·

1261 2179 1432 2251 periut
1447 2198 1462 2240 ;
1487 2196 1678 2247 nempe
1700 2177 1906 2246 antiqua
1933 2189 1983 2227 et
2000 2194 2167 2246 groeca
2194 2176 2269 2226 la-

1263 2261 1489 2329 tinaque.
1524 2257 1590 2307 N.

703 2427 1238 2517 CARMEN
1323 2425 1721 2515 LXVII.

496 2614 606 2658 AD
660 2612 1013 2659 JANUAM
1070 2612 1415 2659 MOECHAE
1472 2608 1936 2655 CUJUSDAM.

987 2838 1438 2884 CATULLUS.

254 2999 330 3065 ,O
368 3017 579 3083 mJLcl
618 2994 910 3087 jucunda
946 2994 1119 3078 viro,
1158 2990 1449 3083 jucunda
1490 2990 1783 3082 parenti,

158 3208 161 3215 ·
232 3180 381 3229 Aac.
414 3176 575 3227 Poeta
609 3174 855 3226 infamem
890 3171 1172 3243 quamdam

153 3258 443 3310 mulierem
487 3266 755 3305 notaturus
793 3253 1031 3322 increpat
1064 3254 1174 3321 ejus

151 3340 377 3405 januam
394 3372 410 3398 ,
437 3348 487 3387 et
513 3347 760 3403 tanquam
790 3331 1038 3403 nequitiae
1063 3350 1175 3382 ma·

150 3417 378 3487 gistrum
418 3415 672 3483 objurgat.
702 3411 842 3463 Hinc
878 3412 1014 3463 inter
1044 3428 1175 3481 poe-

150 3510 261 3549 tam
274 3506 334 3547 et
348 3494 574 3545 Januam
592 3491 819 3542 exoritur
830 3490 1174 3560 colloquium,

147 3593 261 3646 quo
304 3573 545 3644 primum
577 3569 748 3625 Janua
780 3588 992 3621 omnem
1031 3570 1085 3620 in
1121 3587 1174 3619 se

148 3654 467 3708 translatam
490 3649 698 3719 culpam
715 3669 745 3701 a
768 3667 820 3699 se
841 3648 1045 3700 amoliri
1066 3661 1174 3699 stu·

149 3733 279 3797 det;
313 3728 513 3783 deinde
540 3730 810 3780 sceleratas
835 3728 1040 3780 incestas
1064 3745 1176 3778 mu·

149 3814 302 3867 lieris
323 3808 602 3869 libidines,
626 3808 818 3878 partim
839 3820 1015 3876 aperte
1031 3846 1045 3870 ,
1063 3825 1177 3877 par·

151 3894 251 3944 tim
275 3891 526 3952 obscure,
544 3885 756 3938 indicat.
775 3919 851 3927 —
868 3886 1000 3950 Quae
1021 3884 1176 3937 fuerit

150 3970 337 4039 turpis
355 3969 446 4019 illa
462 3966 672 4031 mulier,
687 3968 805 4038 quis
824 3967 1015 4017 Balbus
1029 4003 1042 4027 ‚
1058 3965 1174 4034 quis

150 4064 306 4120 pater
326 4085 348 4115 ‚
376 4045 496 4118 quis
516 4046 652 4103 filius
675 4059 727 4098 et
753 4044 921 4098 caeteri
942 4044 1068 4096 boni
1091 4063 1173 4094 so-

151 4130 336 4190 dales,
374 4125 431 4179 id
456 4144 552 4178 nec
576 4125 723 4178 facile
747 4145 808 4177 ex
834 4123 1065 4178 historiis
1084 4141 1171 4174 co-

1260 3170 1439 3241 gnosci
1468 3179 1669 3237 potest3
1715 3184 1843 3230 nec,
1878 3166 1918 3216 si
1963 3178 2164 3234 posset,
2206 3184 2264 3216 ex

1261 3246 1520 3318 ejusmodi
1546 3247 1825 3299 hominum
1845 3244 2141 3315 cognitione
2166 3263 2272 3295 ma·

1258 3347 1361 3398 gna
1381 3328 1435 3378 in
1463 3347 1559 3379 nos
1583 3322 1898 3377 redundaret
1922 3324 2129 3375 utilitas.
2165 3325 2267 3375 Re·

1260 3421 1341 3460 cte
1366 3407 1523 3476 igitur
1549 3405 1767 3457 stultum
1790 3423 1895 3456 esse
1912 3442 1926 3466 ,
1950 3402 2014 3454 ad
2046 3403 2095 3454 h.
2122 3401 2158 3453 l.
2182 3405 2265 3471 ju-

1259 3487 1396 3539 dicat
1424 3487 1692 3546 Muretus,
1719 3484 1760 3535 si
1793 3483 1907 3553 quis
1937 3501 1995 3534 ea
2015 3522 2030 3547 ,
2055 3500 2171 3552 quae
2201 3500 2267 3532 ne

1260 3580 1371 3619 tum
1390 3563 1604 3635 quidem
1618 3603 1633 3627 ,
1655 3563 1752 3614 nisi
1776 3580 1805 3612 a
1824 3561 2002 3631 paucis
2017 3603 2030 3623 ‚
2050 3560 2269 3629 intelligi

1260 3656 1493 3716 possent,
1519 3644 1818 3712 conjectura
1840 3660 1892 3692 se
1913 3652 2268 3691 assecuturum

1258 3744 1364 3775 esse
1388 3735 1637 3776 autumet.
1650 3722 1910 3774 Caeterum
1932 3719 2089 3769 simili
2111 3715 2271 3767 modo

1257 3805 1425 3855 Janua
1456 3803 1676 3873 loquens
1703 3798 1974 3852 inducitur
1992 3816 2021 3847 a
2044 3797 2270 3864 Proper-

1261 3884 1334 3933 tio
1365 3882 1456 3932 lib.
1486 3883 1514 3931 1
1533 3920 1549 3944 ,
1580 3882 1660 3932 El.
1697 3882 1789 3943 16,
1809 3895 1966 3947 quem
2010 3893 2132 3926 cum
2162 3874 2273 3926 No-

1260 3974 1365 4014 stro
1388 3979 1656 4030 compara.
2257 3962 2258 3965 ’

1347 4062 1387 4090 ι.
1427 4039 1683 4098 ductanda,
1716 4034 2023 4104 obsequiosa
2055 4046 2104 4084 et
2129 4052 2274 4084 com·

1264 4116 1414 4171 moda
1440 4118 1699 4181 ministra,
1738 4119 1856 4176 viro,
1880 4114 1923 4165 si
1949 4112 2060 4165 Diis
2080 4111 2284 4182 placet,
