2986 4935
757 435 778 473 1
799 412 893 478 80

1269 406 1343 498 (ιΓ
1385 403 1817 470 VALERII
1875 404 2328 469 CATULLI

1372 535 1470 599 Tu
1513 531 1652 599 fero
1676 531 1903 623 juveni
1944 533 2008 598 in
2041 556 2273 599 manus

1168 643 1215 706 F
1220 637 1493 708 loridam
1534 640 1668 730 ipse
1706 634 2060 729 puellulam

1165 746 1396 812 Matris
1431 767 1467 809 e
1502 744 1752 835 gremio
1786 767 1918 809 suae

1166 849 1400 932 Decus,
1437 874 1477 915 o
1522 851 1874 939 Hymenaee
1909 851 2202 940 Hymen,

1175 959 1428 1046 Hymen
1475 978 1517 1020 0
1561 955 1931 1045 Hymenaee.
2798 985 2837 1019 c..

1375 1057 1482 1125 Nil
1520 1072 1745 1151 potest
1775 1060 1911 1126 sine
1942 1072 2008 1126 te
2031 1060 2287 1142 VenuS,

1173 1169 1368 1231 Fama
1411 1163 1591 1256 quod
1638 1163 1808 1230 bona
1842 1163 2266 1257 comprobet,

1167 1269 1516 1338 Commodi
1564 1293 1796 1361 capere
1829 1295 1843 1336 ι
1884 1284 1953 1337 at
1991 1283 2236 1363 potest,

1164 1380 1255 1444 Te
1295 1374 1574 1443 volente.
1614 1376 1779 1462 Quis
1824 1377 1976 1442 huic
2011 1378 2155 1442 Deo

1167 1484 1635 1573 Compararier
1677 1479 1887 1548 ausit?

835 1672 922 1722 56.
964 1667 1035 1717 Tu
1050 1669 1163 1732 sero
1180 1666 1360 1732 jmem‘.
1397 1662 1649 1732 Displicet
1679 1664 1764 1732 ju-

753 1750 895 1802 venis
926 1748 1060 1812 set-us
1093 1745 1367 1796 Bur-manno
1404 1741 1515 1793 Sec.
1554 1739 1622 1792 ad
1663 1742 1765 1791 Lo-

751 1829 873 1881 tich.
913 1827 1057 1894 Eleg.
1098 1824 1196 1886 IV,
1232 1822 1297 1884 3,
1338 1823 1405 1873 55
1429 1857 1443 1882 ,
1480 1819 1571 1871 sed
1612 1838 1767 1872 causa

751 1922 826 1959 est
863 1907 916 1957 in
951 1904 1200 1956 versione.
1226 1903 1383 1952 Verte
1414 1919 1427 1952 z
1474 1925 1496 1946 ι
1520 1898 1641 1950 dem
1685 1918 1766 1950 ra-

752 1987 910 2039 schen
957 1981 1068 2035 und
1115 2000 1217 2031 von
1257 1980 1418 2030 Liebe
1464 1977 1765 2049 gliihenden

752 2067 784 2117 J
791 2065 1010 2134 iingling
1031 2084 1044 2123 ;
1065 2087 1086 2107 ι
1119 2075 1169 2112 et
1194 2061 1264 2111 sic
1281 2063 1419 2125 serm
1444 2062 1568 2127 ignis
1592 2055 1658 2107 de
1681 2077 1769 2109 ve-

756 2143 1068 2197 hementiori
1100 2157 1278 2191 amore
1308 2137 1450 2208 apud
1481 2134 1638 2188 ovid.
1669 2138 1769 2187 Re·

756 2221 897 2276 med.
929 2241 976 2272 v.
1010 2221 1117 2272 265
1143 2218 1354 2270 dicitur.
1386 2220 1561 2270 Omnia
1584 2217 1767 2283 fecisti,

757 2323 813 2353 ne
850 2313 893 2351 te
932 2301 1072 2351 ferus
1112 2311 1266 2350 ureret
1306 2297 1455 2365 ignis.
1489 2296 1577 2346 Est
1618 2295 1774 2364 igitur

755 2380 960 2452 juvenis
975 2379 1114 2445 serus
1141 2376 1278 2427 idem
1309 2379 1495 2445 plane,
1519 2375 1609 2443 qui
1638 2374 1690 2425 in
1715 2373 1776 2424 si-

762 2459 979 2511 millima
999 2456 1161 2508 animi
1188 2455 1462 2507 affectione
1487 2454 1659 2505 ardens
1683 2472 1774 2505 vo-

759 2551 906 2592 catur
943 2536 1118 2587 Carm.
1159 2535 1343 2595 LXII,
1379 2533 1480 2584 23:
1510 2533 1601 2602 qui
1632 2532 1778 2583 locus

761 2637 809 2668 a.
832 2635 881 2666 v.
921 2633 987 2664 20
1018 2612 1235 2664 omnino
1268 2631 1389 2663 cum
1422 2625 1600 2663 nostro
1631 2629 1774 2662 com-

759 2691 1024 2765 parandus
1043 2704 1134 2743 est.

847 2771 932 2840 57.
983 2770 1229 2822 Floridam
1272 2770 1328 2822 h.
1374 2788 1420 2821 e.
1465 2769 1777 2837 pulchram,

765 2869 973 2904 suavem
993 2888 1007 2912 ,
1035 2863 1085 2901 et
1114 2848 1407 2901 amabilem.
1433 2846 1560 2898 vid.
1585 2846 1652 2898 de
1682 2847 1779 2900 hac

768 2949 895 2983 voce
931 2929 1225 2981 Broucklaeus.
1264 2926 1329 2980 ad
1361 2927 1560 2979 Tibull.
1598 2928 1689 2978 lib.
1717 2929 1775 2985 1,

780 3031 798 3064 t
825 3049 840 3074 ‚
881 3013 968 3062 16.

851 3089 942 3157 59.
959 3087 1126 3138 Dedis.
1152 3084 1411 3141 -Dedere,
1434 3110 1453 3129 ·
1476 3085 1649 3154 inquit
1668 3085 1783 3135 Mu·

773 3181 912 3221 retus
934 3164 1000 3219 ad
1027 3166 1169 3217 hunc
1189 3165 1289 3217 loc.
1304 3202 1320 3228 ‚
1351 3191 1371 3210 ι
1390 3165 1509 3234 plus
1531 3163 1779 3234 quiddam

771 3261 876 3309 est,
906 3263 1064 3317 quam
1099 3243 1243 3296 dare.
1285 3246 1480 3294 Damus
1514 3245 1669 3295 etiam
1707 3260 1783 3294 re·

774 3324 1009 3395 cepturi,
1057 3321 1301 3373 dedimus
1370 3341 1497 3373 vero
1560 3341 1620 3373 ea
1667 3334 1783 3373 tan-

775 3416 888 3455 tum
911 3441 925 3466 ,
951 3420 1066 3471 quae
1088 3402 1331 3453 volumus
1360 3400 1634 3471 accipienti
1661 3420 1784 3471 pro-

774 3482 890 3553 pria
933 3499 992 3532 ac
1026 3492 1277 3552 perpetua
1316 3479 1469 3542 fieri;
1499 3505 1518 3524 ·
1568 3491 1622 3530 et
1664 3497 1785 3531 sane

775 3560 943 3611 dedere
982 3580 1030 3610 se
1069 3559 1214 3609 alicui
1254 3559 1322 3611 ita
1365 3557 1557 3609 dicitur
1599 3570 1655 3609 ut
1692 3558 1785 3619 sit,

784 3666 805 3687 ι
826 3652 996 3691 totum
1029 3657 1082 3691 se
1113 3638 1270 3690 alicui
1302 3635 1505 3689 tradere
1534 3648 1588 3686 et
1617 3649 1783 3688 totum

777 3717 844 3771 ad
875 3718 1092 3786 alicujus
1121 3717 1437 3767 voluntatem
1477 3732 1530 3764 se
1565 3732 1784 3784 compo-

775 3815 915 3849 nere.
929 3822 948 3842 ι
968 3793 1093 3846 Vid.
1119 3794 1338 3847 Graevius
1357 3792 1422 3844 ad
1444 3793 1612 3844 Cicer.
1635 3792 1782 3845 Orat.

774 3895 872 3946 pro
905 3875 1003 3928 Cn.
1034 3873 1246 3926 Plancio
1271 3892 1386 3942 cap.
1412 3871 1511 3934 30,
1541 3889 1657 3940 quoe
1676 3873 1787 3942 qui·

776 3953 897 4005 dem
928 3953 1072 4004 notio
1094 3952 1175 4003 vel
1207 3953 1429 4003 maxime
1458 3950 1577 4001 loco
1605 3965 1784 4003 nostro

771 4032 1030 4083 convenit.
1072 4029 1346 4081 Simillime
1384 4029 1555 4079 dedere
1589 4027 1783 4081 dicitur

1852 1662 1985 1714 infra
2023 1665 2198 1716 Carm.
2231 1664 2427 1727 LXIV,
2460 1664 2575 1734 375
2604 1683 2617 1718 :
2656 1692 2675 1710 ·
2700 1665 2851 1717 Decla-

1854 1755 1939 1793 tur
1970 1741 2165 1812 cupido
2196 1746 2301 1812 jam
2332 1742 2540 1795 dudum
2572 1759 2736 1816 nupta
2762 1764 2852 1796 nta-

1852 1821 1972 1873 rito.
1999 1847 2020 1867 ι
2050 1822 2243 1872 Passim
2274 1834 2447 1874 tamen
2476 1823 2653 1875 dedere
2680 1825 2854 1893 simpli·

1853 1902 1981 1952 citer
2003 1919 2102 1970 pro
2125 1900 2241 1951 dare
2265 1899 2471 1955 dicitur.
2493 1903 2698 1956 Tibull.
2727 1905 2752 1954 1
2767 1944 2781 1966 ,
2803 1903 2855 1962 3,

1858 1998 1911 2049 7,
1945 1981 2038 2032 uhi
2063 1978 2171 2032 vid.
2207 1980 2408 2052 Heyne.
2439 1983 2623 2034 Man-ak
2648 2005 2675 2035 e
2697 1988 2860 2052 gremio

1856 2057 1963 2111 vid.
1993 2063 2121 2129 rapis
2147 2073 2350 2112 teneram
2373 2061 2443 2112 ad
2462 2066 2625 2114 virum
2644 2081 2695 2114 v.
2724 2063 2772 2115 3.

1938 2143 2024 2190 61.
2050 2139 2140 2191 Nil
2160 2154 2318 2211 potest
2352 2146 2452 2193 sine
2479 2154 2524 2192 te
2553 2144 2755 2204 Venas,
2774 2154 2859 2194 etc.

1858 2231 2036 2270 ornate
2080 2232 2131 2271 et
2178 2221 2440 2290 eleganter
2493 2240 2599 2292 pro
2643 2223 2858 2292 vulgtri:

1861 2298 2051 2348 Nullus
2071 2316 2248 2360 amor,
2275 2300 2372 2350 nisi
2400 2319 2496 2370 per
2518 2313 2567 2352 te
2600 2302 2862 2354 confirma·

1862 2389 1972 2439 tuS,
2015 2377 2261 2428 honestus
2296 2379 2476 2430 haberi
2516 2393 2569 2431 et
2611 2381 2864 2433 communi

1863 2474 2063 2507 assensu
2094 2456 2303 2526 probari
2331 2472 2499 2527 potest
2512 2498 2529 2523 ,
2544 2473 2605 2511 at
2624 2474 2702 2513 est
2720 2475 2770 2513 et
2791 2460 2865 2511 ha·

1862 2535 2015 2586 betur
2042 2535 2288 2587 honestus
2315 2555 2411 2607 per
2436 2551 2485 2590 te
2512 2550 2565 2590 et
2594 2540 2701 2591 tuis
2717 2541 2868 2609 auspi·

1862 2613 1955 2664 ciis
1980 2612 2330 2667 confirmatus.

1946 2692 2038 2743 63.
2072 2692 2279 2763 Aliquid
2310 2694 2540 2745 commodi
2572 2717 2748 2767 capere
2775 2700 2865 2769 jam

1866 2782 1940 2820 est
1979 2772 2119 2822 bono
2155 2785 2344 2824 eventu
2382 2774 2437 2824 in
2471 2774 2651 2844 aliqua
2688 2795 2872 2846 regau·

1867 2846 1991 2900 dere
2008 2887 2022 2911 ,
2082 2850 2217 2902 bene
2278 2865 2329 2903 et
2402 2852 2624 2904 feliciter
2687 2853 2869 2925 aliquid
2956 2852 2958 2913 i

1868 2928 2135 2997 perficere.
2174 2960 2252 2972 —
2290 2930 2539 2983 Similiter
2577 2931 2655 2985 de
2694 2934 2872 3004 Hyme-

1867 3025 1981 3057 naeo
2036 3007 2308 3060 claudian.
2360 3009 2589 3078 Epithal.
2650 3015 2780 3065 Pan.
2830 3025 2873 3062 et

1870 3085 2121 3138 Celer.-V.
2158 3085 2223 3138 3¹
2258 3119 2334 3128 —
2364 3088 2478 3151 34:
2526 3116 2547 3135 ·
2572 3090 2739 3143 Hunc
2774 3093 2874 3144 Mu·

1867 3181 1921 3214 aa
1946 3165 2176 3234 genitum
2206 3167 2324 3233 legit
2343 3167 2648 3238 Cytheren,
2678 3170 2877 3223 ducem·

1869 3261 1973 3312 que
1993 3244 2227 3296 Praefecit
2243 3246 2514 3300 thalamis:
2537 3251 2756 3302 nullum
2772 3252 2877 3322 jun-

1869 3322 2000 3373 xisse
2034 3323 2206 3374 cubile
2236 3326 2347 3375 Hoc
2375 3328 2480 3376 sine
2498 3366 2513 3387 ,
2557 3345 2665 3381 nec
2697 3331 2879 3400 prima*

1871 3400 1946 3451 fas
1988 3414 2062 3453 est
2102 3403 2333 3455 attollere
2379 3403 2552 3457 tedas.
2580 3431 2606 3451 ι
2664 3408 2878 3463 Pulchre

1870 3493 2105 3531 nostrum
2126 3483 2370 3551 expressit
2391 3484 2595 3536 Lotich.
2618 3488 2878 3558 Eleg.1v‚

1875 3557 1928 3622 3,
1955 3558 2045 3622 55,
2069 3560 2175 3611 56:
2202 3587 2224 3607 ι
2246 3562 2335 3614 Nil
2355 3563 2465 3614 sine
2485 3575 2535 3614 te
2550 3564 2742 3618 Venus
2756 3568 2880 3619 alma

1872 3651 2073 3705 potest,
2096 3638 2244 3691 Iovis
2272 3640 2449 3692 inclita
2481 3643 2699 3711 prolem
2729 3646 2880 3699 Com·

1870 3716 2059 3785 probet
2112 3735 2316 3770 assensu
2363 3718 2509 3789 quod
2554 3722 2703 3776 bona
2755 3726 2882 3776 foma

1874 3813 1984 3846 suo,
2004 3820 2025 3839 ι-
2055 3829 2137 3837 —
2159 3798 2295 3849 Nota
2312 3797 2571 3867 pudicum
2599 3804 2881 3855 verborum

1874 3873 2135 3926 delectum
2188 3870 2543 3945 exprimenda
2595 3881 2679 3932 rei
2733 3888 2885 3952 gratia

1872 3971 1988 4022 quae
2008 3952 2312 4024 pudicitiam
2333 3973 2452 4008 cum
2475 3958 2755 4029 voluptate
2772 3979 2887 4012 con·

1867 4034 2085 4101 jungere
2099 4031 2299 4086 debent.
2326 4035 2391 4086 N.
