2986 4935
937 502 1380 570 CARMEN
1437 505 1599 569 XV.
2239 501 2333 598 73

520 636 770 704 Infesto
816 635 1037 727 pueris
1079 633 1302 717 bonis,
1340 634 1674 728 malisque.

521 743 739 830 Quem
781 755 895 823 tu,
931 765 1061 834 qua
1097 738 1314 823 lubet,
1351 755 1426 807 ut
1470 740 1689 828 lubet,
1730 757 1996 810 moveto

522 850 864 936 Quantum
904 848 1038 931 vis,
1068 847 1181 914 ubi
1219 849 1343 915 erit
1377 847 1539 916 foris
1576 863 1899 940 paratum.

525 958 721 1024 Hunc
759 978 967 1022 unum
1003 954 1291 1046 excipiO,
1328 969 1402 1021 ut
1445 969 1610 1047 puto
1648 955 1991 1048 pudenter.

531 1061 732 1149 Quod
765 1063 816 1129 si
854 1076 920 1129 te
957 1059 1129 1127 mala
1173 1085 1397 1147 mens,
1429 1060 1747 1156 furorque
1785 1088 2015 1133 vecors

527 1173 608 1237 In
653 1182 904 1236 tantam
945 1164 1312 1260 impulerit,
1344 1165 1648 1254 sceleste,
1681 1168 1984 1264 culpam,
2293 1204 2338 1241 ις

528 1278 625 1344 Ut
658 1289 961 1342 nostrum
1005 1274 1254 1341 insidiis
1287 1289 1489 1366 caput
1525 1273 1837 1360 lacessas;

528 1377 666 1450 Ah!
710 1398 855 1448 tum
903 1394 967 1446 te
1017 1381 1364 1466 miserum,
1407 1380 1691 1475 malique
1735 1383 1892 1471 fati,

532 1489 751 1576 Quem
790 1487 1086 1554 attractis
1128 1486 1441 1579 pedibuS,
1480 1503 1745 1580 patente
1782 1505 2011 1583 porta,

534 1597 944 1694 Percurrent
979 1592 1421 1685 raphanique,
1461 1594 1889 1689 mugilesque.

228 1805 564 1878 exsequendis
580 1807 766 1858 intenti
787 1805 950 1857 modo
968 1806 1074 1856 huc
1091 1843 1106 1867 ‚
1128 1822 1241 1854 mo·
1330 1806 1401 1856 mi
1434 1806 1511 1857 tui
1544 1805 1767 1858 libidine
1801 1806 1904 1858 hoc
1930 1806 2214 1878 impetrare
2243 1826 2351 1858 non

226 1886 294 1939 do
314 1887 437 1940 illuc
460 1887 794 1948 discurrunt,
823 1906 922 1938 nec
948 1883 1240 1957 quidquam
1329 1887 1565 1954 poteris,
1592 1900 1649 1938 ut
1668 1888 1732 1938 ab
1751 1887 1855 1938 hoc
1881 1907 2048 1956 puero
2071 1886 2352 1948 abstineas,

227 1987 256 2019 a
287 1969 503 2039 negotiis
527 1968 632 2019 suis
657 1967 888 2018 alienum
917 1979 1120 2019 curant.
1328 1977 1463 2027 tum,
1490 1979 1588 2017 etc.
1616 1964 1871 2036 Expende
1893 1968 2177 2017 verborum
2201 1985 2356 2016 orna-

310 2066 391 2100 10.
422 2049 608 2110 Bonis,
641 2048 887 2117 malisque,
916 2047 1154 2098 formosis
1192 2058 1243 2096 et
1331 2058 1444 2097 tum
1474 2060 1524 2097 et
1549 2064 1798 2114 compara
1817 2048 1993 2098 Carm.
2022 2047 2146 2107 XL,
2182 2065 2229 2097 1.

228 2125 567 2180 deformibus,
591 2128 674 2180 Cf.
698 2126 861 2198 Vulp.
877 2159 952 2168 —-
974 2128 1125 2179 Bonis
1148 2145 1245 2176 ma·
1419 2145 1440 2177 1
1455 2130 1508 2176 6.
1539 2126 1767 2177 Nostrum
1791 2137 1935 2194 caput
1965 2126 2224 2193 eleganter
2257 2143 2355 2195 pro

231 2208 387 2278 lisque,
407 2208 589 2259 malim
603 2207 956 2275 interpretari,
970 2205 1244 2258 referendo
1332 2225 1421 2257 me.
1462 2206 1601 2256 Male
1662 2204 1874 2255 trahunt
1932 2206 2235 2274 interpretes
2286 2201 2352 2256 ad

229 2285 296 2340 ad
308 2307 495 2350 moreS,
511 2285 821 2339 verecundis
836 2301 886 2338 et
899 2286 1244 2355 protervis.N.
1333 2305 1576 2354 puerum.
1622 2284 1837 2344 Insidiis,
1888 2284 2085 2334 furtivo
2135 2302 2315 2335 amore
2337 2302 2353 2344 ς

308 2385 376 2420 11.
397 2367 592 2418 Statius
605 2368 657 2417 in
675 2367 785 2417 MS.
807 2367 1074 2418 invenerat
1094 2367 1245 2430 Quem
1334 2366 1401 2416 cf.
1427 2367 1555 2416 XXI
1575 2405 1588 2426 ,
1626 2384 1675 2432 7.

235 2459 283 2498 tu
314 2448 543 2519 qualubet
583 2466 643 2497 ve
677 2459 876 2508 moveto,
916 2444 1056 2497 unde
1091 2459 1250 2498 tentat
1423 2464 1510 2515 ¹7·
1536 2446 1703 2497 Miseri
1718 2443 2211 2497 exhibetGraeviana
2231 2441 2354 2495 edit.

236 2528 383 2596 Quem
421 2540 508 2590 tu,
545 2528 781 2600 qualibet,
814 2539 868 2577 ut
891 2528 1014 2577 ‘velis
1049 2539 1245 2587 moveto,
1336 2544 1492 2595 quam
1540 2526 1821 2576 lectionem
1869 2544 2014 2576 more
2047 2543 2140 2575 suo
2186 2536 2362 2575 tuetur

231 2626 414 2678 parum
454 2618 604 2675 recte·
642 2608 712 2657 ob
746 2626 967 2676 sequens
1006 2608 1252 2673 Quantum
1337 2605 1703 2656 MSCTOrum
1722 2600 1938 2673 jactator
1957 2602 2277 2657 Coi-rudinus
2294 2602 2362 2656 de

236 2688 488 2739 vila—Ut
508 2687 779 2738 lubet.Vet.
811 2687 925 2737 MS.
948 2698 999 2736 ut
1011 2687 1168 2754 jubet.
1184 2687 1248 2736 N.
1340 2686 1495 2735 Allio.
1516 2685 1824 2755 —Malique
1844 2687 1952 2750 sati
1972 2703 2041 2735 sc.
2066 2684 2356 2735 hominem.

317 2787 337 2820 ι
354 2788 404 2819 2.
431 2767 534 2819 Ubi
552 2772 643 2818 erit
654 2769 781 2835 soris
795 2781 1040 2835 paratum.
1061 2766 1254 2817 Sustuii
1343 2767 1501 2815 Homo
1533 2766 1763 2829 malisati
1784 2778 1855 2815 est
1875 2765 2075 2815 infelix.

231 2848 711 2918 interpunctionem
747 2859 863 2916 post
882 2850 1041 2912 soris,
1074 2860 1123 2896 et
1167 2865 1254 2896 ex·
1427 2849 1514 2897 18.
1570 2847 1763 2895 Atracis
1799 2844 1997 2911 pedihus
2047 2843 2265 2893 Vossius
2314 2857 2364 2893 et

235 2930 374 2999 plico
399 2946 412 2979 ι
435 2928 529 2978 ubi
553 2927 654 2978 erit
675 2928 802 2978 soris
820 2922 839 2987 (
857 2927 912 2977 in
936 2924 1256 2995 angiportu),
1341 2924 1456 2975 MS.
1475 2925 1735 2976 Commel.
1760 2924 1810 2974 in
1830 2924 1945 2974 aliis
1963 2922 2109 2973 editt.
2124 2923 2364 2972 adstrictis

237 3020 469 3060 scortum
494 3005 712 3076 aliquod
736 3004 801 3057 ad
827 3003 1173 3058 exercendam
1204 3006 1259 3056 li·
1342 3005 1424 3055 vel
1447 3010 1635 3055 artatis.
1660 3037 1735 3043 -—
1755 3005 1814 3054 In
1845 3000 2185 3053 describenda
2214 3002 2364 3071 igno·

236 3086 479 3140 bidinem
520 3098 795 3155 paratum3
821 3105 941 3136 nam
979 3085 1145 3154 puella
1164 3104 1256 3153 pa-
1345 3085 1566 3135 miniosa
1588 3086 1675 3134 illa
1693 3081 2050 3134 adulterorum
2077 3081 2367 3150 deprehen-

239 3179 346 3218 Γαΐα
373 3165 591 3226 dicitur,
617 3184 734 3236 quae
761 3165 910 3218 facile
938 3165 1144 3236 copiam
1182 3165 1261 3215 sui
1345 3183 1523 3214 sorum
1557 3183 1712 3233 poena
1752 3158 2081 3233 ῥαφανιὸὠσει
2113 3176 2163 3212 et
2204 3181 2369 3228 παρα-

239 3249 377 3300 facit.
396 3247 639 3316 Proper-t.
665 3246 716 3308 1,
743 3264 797 3296 11
814 3286 828 3309 ,
855 3245 942 3296 25.
966 3246 1048 3297 Cf.
1078 3246 1261 3296 Burm.
1349 3252 1505 3311 τιλμῷ
1547 3246 1711 3295 otium
1748 3244 1903 3294 nobis
1937 3245 2169 3294 fecerunt
2214 3241 2374 3290 inter-

237 3327 304 3380 ad
332 3323 496 3378 Ovid.
519 3327 648 3376 Met.
673 3327 740 3388 V,
770 3326 877 3376 603
898 3364 910 3386 ,
932 3325 1020 3394 qui
1040 3336 1264 3393 paratum
1352 3337 1521 3393 pretes
1539 3363 1552 3385 ,
1604 3338 1656 3374 ct
1702 3323 1766 3374 ad
1811 3324 1952 3375 hunc
1986 3323 2165 3373 locum
2214 3333 2263 3371 et
2305 3321 2373 3373 ad

239 3406 599 3459 malitreferre
618 3403 686 3456 ad
706 3425 860 3475 quem,
882 3405 1114 3455 conferat
1135 3402 1265 3455 illud
1353 3404 1619 3473 Aristoph.
1642 3404 1781 3455 Nub.
1816 3423 1952 3472 ¹079
1974 3440 1989 3463 .‚
2009 3404 2073 3453 cf.
2102 3403 2375 3454 Kusterus.

239 3486 308 3539 de
336 3487 531 3556 Priapo
550 3484 692 3554 apud
713 3483 869 3537 ovid.
892 3485 1024 3535 Fast.
1057 3488 1106 3548 1,
1135 3486 1265 3554 437.
1354 3482 1422 3534 ad
1448 3482 1598 3535 Suid.
1624 3504 1663 3534 s.
1682 3504 1728 3534 v,
1749 3485 1966 3552 ῥαφανίς.
1992 3482 2132 3532 Alias·
2152 3482 2378 3534 moecho-

242 3570 494 3635 Quantum
508 3569 603 3626 vis,
631 3578 884 3634 quantum
904 3564 997 3615 tibi
1016 3565 1174 3617 lubet.
1219 3597 1270 3604 -
1359 3583 1473 3614 rum
1496 3582 1672 3633 poenas
1685 3575 2064 3615 commemorat
2082 3562 2381 3612 Schefferus

241 3643 661 3716 comprobanda
696 3644 968 3713 Doeringii
996 3646 1269 3714 interpun-
1358 3642 1426 3694 ad
1456 3646 1647 3695 AElian.
1672 3645 1739 3694 V.
1764 3643 1827 3694 H.
1854 3645 1958 3693 XII
1975 3683 1988 3705 ,
2023 3661 2040 3692 ῐ
2060 3662 2107 3693 2.
2156 3644 2376 3693 lter-actis

240 3728 368 3779 c'tiO.
400 3725 621 3776 Deliciis
660 3723 902 3794 indulge,
952 3721 1111 3775 modo
1163 3744 1271 3774 non
1354 3725 1573 3793 pedihus,
1615 3722 1842 3775 diductis
1885 3736 1935 3772 et
1971 3721 2297 3783 divaricatis,
2330 3735 2385 3773 ut

238 3804 390 3878 apud
421 3824 526 3856 me.
555 3805 623 3855 Ν.
1361 3817 1500 3855 recte
1546 3804 1767 3872 explicat
1796 3803 2045 3853 Muretus.
2072 3832 2152 3841 -—
2182 3801 2384 3851 I'atente

336 3903 356 3937 1
373 3888 427 3939 3.
451 3884 520 3936 Ut
532 3897 656 3953 puto
679 3884 927 3953 pudenter.
964 3881 1138 3935 Credo
1167 3900 1272 3935 non
1359 3898 1524 3953 porta,
1546 3892 1613 3951 τῷ
1630 3884 1954 3951 πρώκτῳ,(;ιιὶ
1973 3880 2387 3932 immittebantur

241 3964 542 4037 quidquam
570 3963 730 4042 nimis
747 3982 982 4034 poscere.
1027 3964 1099 4015 N.
1368 3963 1587 4033 raphani
1637 3976 1685 4014 et
1735 3963 1982 4030 mugiles,
2027 3960 2221 4023 mugiles
2270 3973 2390 4011 sunt

339 4064 359 4097 ι
377 4052 427 4108 4.
457 4044 611 4112 Quod
642 4048 686 4094 si
723 4057 766 4094 te
802 4044 930 4093 mala
974 4063 1100 4094 mens
1118 4084 1132 4105 ,
1181 4058 1277 4094 etc.
1370 4063 1533 4113 genus
1550 4043 1771 4112 piscium
1790 4080 1805 4102 ‚
1825 4041 1891 4092 de
1914 4039 2107 4109 quibus
2122 4038 2228 4090 vid.
2250 4040 2386 4091 Plin.

245 4124 412 4193 Quod
429 4126 561 4177 siah
590 4121 878 4175 immodica
905 4136 956 4174 et
974 4124 1152 4175 insana
1175 4125 1281 4175 ani·
1372 4125 1447 4174 IX
1465 4165 1478 4185 ‚
1518 4142 1604 4189 17,
1629 4134 1677 4173 et
1703 4121 1766 4172 ad
1790 4122 1980 4172 Juven.
2016 4121 2060 4171 X
2084 4161 2095 4180 ,
2128 4120 2256 4188 317.
