2986 4935
600 463 606 470 ⁴
687 496 833 590 298

1209 497 1286 563 C.
1321 495 1762 561 VALERII
1818 494 2285 561 CATULLI

887 627 1023 713 Qui
1056 623 1390 694 stellarum
1425 638 1611 692 ortus
1649 625 1973 717 comperit
2009 638 2205 717 atque
2246 625 2504 707 obitus;

788 736 838 799 F
841 730 1157 800 lammens
1191 748 1262 801 ut
1303 730 1512 826 rapidi
1551 728 1707 799 solis
1744 731 1920 798 nitor
1958 729 2382 817 obscuretur,

896 840 992 907 Ut
1026 838 1264 907 cedant
1302 839 1500 906 certis
1533 837 1746 905 sidera
1786 836 2230 929 temporibuS‚
2327 901 2330 904 ,

789 948 884 1014 Ut
912 946 1201 1013 Triviam
1241 945 1467 1013 furtim
1508 943 1630 1011 sub
1667 945 1928 1011 Latmia
1964 965 2119 1011 saxa
2162 940 2488 1036 relegans,
2761 971 2779 1006 s

898 1050 1130 1119 Dulcis
1170 1076 1359 1119 amor
1398 1076 1561 1144 gyro
1604 1041 1883 1126 devocet
1922 1049 2135 1135 aeri03

787 1156 971 1223 Idem
1010 1182 1116 1224 me
1152 1156 1257 1224 ille
1294 1160 1532 1226 Conon
1572 1154 1809 1226 caelesti
1850 1153 2093 1223 lumine
2140 1152 2301 1223 vidit

683 1363 898 1416 lentina
933 1365 1137 1416 Ennius
1176 1364 1262 1417 ed.
1302 1365 1448 1417 Hess.
1477 1385 1530 1436 p.
1574 1369 1699 1417 166.

695 1444 1029 1496 -Clarissima
1058 1444 1241 1497 mundi
1268 1445 1495 1509 lumina,
1521 1443 1702 1513 »Virg.

692 1524 885 1594 Georg.
913 1525 968 1589 1,
996 1525 1049 1577 5.
1073 1526 1141 1578 Ν.

776 1622 825 1655 2.
867 1607 1030 1676 Aeque
1086 1605 1242 1656 abitus
1286 1624 1349 1655 ex
1400 1603 1709 1657 auctoritate

692 1691 816 1735 vett.
848 1682 1108 1736 librorum
1146 1682 1384 1736 defendit
1428 1684 1709 1752 Meleager,

691 1763 785 1834 qui
822 1780 974 1814 usum
1006 1763 1288 1834 loquendi,
1331 1782 1391 1814 ex
1427 1781 1534 1834 quo
1580 1762 1710 1813 abire

694 1861 791 1911 pro
819 1842 949 1893 obire
981 1844 1172 1913 passim
1216 1840 1594 1913 apudVeteres
1633 1839 1714 1891 di-

693 1934 858 1986 catur,
894 1924 1149 1993 exemplis
1172 1923 1466 1975 confirmat.
1499 1922 1584 1973 Sic
1625 1939 1710 1971 su-

694 2020 786 2072 pra
818 2003 991 2054 Carm.
1014 2003 1170 2066 LXI,
1200 2005 1271 2064 84
1299 2001 1431 2067 ,abit
1460 2003 1574 2053 dies.
1614 2000 1711 2051 Pa-

696 2100 811 2132 rum
846 2096 985 2134 certe
1011 2083 1077 2134 ab
1106 2083 1205 2134 hac
1228 2083 1452 2134 lectione
1473 2079 1676 2133 abludit
1695 2117 1708 2135 ,

695 2180 852 2230 quam
878 2161 1071 2214 Statius
1103 2181 1165 2214 ex
1194 2161 1341 2213 MSS.
1378 2163 1606 2231 profert,
1635 2170 1710 2209 at-

696 2262 783 2310 que
833 2243 1035 2293 habitus.
1061 2274 1137 2283 -—-
1166 2242 1354 2293 Melior
1396 2260 1513 2311 quae
1555 2241 1713 2309 vulgo

703 2323 964 2389 praebetur
998 2322 1186 2384 lectio;
1224 2349 1243 2367 ι
1275 2320 1382 2372 Nec
1425 2321 1614 2372 frustra
1647 2319 1712 2369 si-

697 2420 921 2469 gnorum
960 2401 1134 2451 obitus
1172 2398 1506 2470 speculamur
1542 2411 1590 2448 et
1629 2418 1715 2449 or-

700 2494 796 2531 tus,
827 2508 846 2526 ·
873 2482 1022 2549 Virg.
1051 2482 1243 2549 Georg.
1288 2483 1312 2532 1
1337 2520 1350 2542 ,
1383 2481 1509 2548 ²57·
1548 2479 1613 2531 N.
1637 2512 1716 2520 -—

704 2561 944 2630 Comperit
962 2600 975 2620 ,
1007 2573 1302 2629 compertos
1337 2560 1523 2622 habet,
1552 2561 1718 2611 anim·

698 2637 1021 2691 advertendo
1052 2639 1216 2691 novit.
1237 2639 1483 2691 ——Conf·
1522 2640 1715 2709 virgil.

705 2718 896 2788 Georg.
919 2720 966 2770 11
989 2758 1005 2782 ‚
1030 2722 1298 2787 477-482.
1330 2720 1594 2789 -Caelique
1612 2721 1720 2770 vias

704 2812 754 2849 et
779 2797 947 2850 sidera
980 2811 1295 2861 monstrent,
1327 2800 1572 2851 Defectus
1600 2799 1721 2849 solis

707 2879 876 2930 varios
930 2879 1171 2949 lunaeque
1219 2879 1438 2931 labores.
1469 2919 1478 2930 .
1512 2920 1523 2931 .
1573 2876 1718 2942 Quid

706 2971 907 3010 tantum
928 2959 1139 3009 Oceano
1154 2972 1440 3028 properent
1454 2979 1508 3010 se
1521 2959 1721 3028 tingere

705 3040 836 3089 soles
862 3038 1119 3108 Hyberni.
1146 3065 1165 3081 -
1198 3038 1263 3089 N.

789 3120 838 3170 3.
874 3120 978 3181 Qui
1007 3119 1264 3188 comperit
1304 3110 1470 3182 (ut),
1517 3137 1616 3188 qua
1660 3138 1720 3168 ex

702 3216 853 3249 causa
883 3198 956 3248 sol
993 3197 1217 3249 deficiat.
1259 3198 1350 3250 Sol
1378 3198 1603 3267 rapidus,
1652 3198 1722 3248 ob

707 3275 951 3346 rapidum
986 3279 1095 3346 ejus
1125 3296 1355 3329 cursum.

792 3364 840 3417 4.
867 3357 1071 3417 Cedant,
1094 3352 1301 3417 δύνωσι,
1323 3356 1590 3418 occidant,
1606 3377 1723 3407 eva-

709 3448 947 3499 nescaut3
985 3437 1055 3487 sic
1094 3436 1253 3485 cedere
1287 3437 1597 3506 simpliciter
1627 3456 1725 3505 pro

707 3516 868 3576 abit-e,
899 3536 1195 3579 evanescere,
1227 3521 1300 3568 est
1332 3515 1472 3586 apud
1512 3516 1722 3568 Cicero-

709 3615 828 3648 nem
851 3635 865 3659 ,
894 3598 1009 3648 Cat.
1049 3616 1113 3663 ¹9
1139 3613 1151 3647 τ
1187 3624 1206 3641 ι
1226 3595 1368 3647 horae
1390 3594 1605 3667 quidem
1638 3613 1723 3645 ce·

709 3676 842 3729 dunt
865 3691 914 3728 et
950 3674 1060 3728 dies
1082 3688 1133 3727 ct
1160 3695 1359 3728 menses
1389 3688 1438 3727 et
1468 3676 1594 3727 anni
1618 3702 1638 3720 υ

795 3760 909 3809 5-6.
941 3756 1174 3807 Sublimia
1203 3770 1253 3808 et
1285 3756 1370 3806 sub
1393 3756 1561 3805 Lamia
1589 3755 1642 3805 in
1665 3756 1726 3807 li·

708 3839 817 3889 bris
841 3847 960 3888 vett.
991 3834 1341 3905 deprehendit
1366 3835 1581 3886 Vossius
1597 3873 1612 3898 ‚
1634 3834 1723 3906 qui

709 3920 761 3969 in
788 3916 1060 3987 posteriori
1082 3916 1412 3987 acquiescens
1428 3917 1552 3985 juga
1571 3914 1728 3966 OEtoe

712 3997 903 4047 montis
940 3994 1208 4065 intelligit,
1241 3994 1304 4046 ad
1339 3995 1487 4064 cujus
1529 3994 1729 4047 radices

710 4078 836 4127 urbs
875 4075 1057 4127 Lamia
1098 4076 1192 4126 sita
1244 4067 1433 4136 fuerin
1483 4075 1555 4125 sic
1596 4093 1728 4143 saepe

712 4156 952 4206 vossium
982 4168 1213 4206 nostrum
1237 4152 1519 4224 impedivit
1536 4152 1731 4205 doctri·

1788 1382 1869 1415 nae
1907 1363 2077 1433 copia.
2126 1363 2318 1416 Latmia
2370 1375 2584 1417 tuentur
2628 1381 2794 1416 omnes

1788 1442 1912 1494 libri
1939 1455 2060 1494 vett.
2085 1467 2163 1476 --
2182 1439 2332 1495 Meus
2349 1441 2460 1496 MS.
2481 1443 2716 1495 sublimia.
2732 1443 2792 1495 N.

1793 1553 1870 1564 —-
1889 1521 1993 1574 Pro
2007 1542 2132 1594 gyro
2160 1534 2500 1576 monstrosam
2533 1524 2794 1575 lectionem

1790 1601 2017 1671 givodero
2044 1621 2152 1672 prae
2174 1621 2226 1653 se
2259 1604 2431 1655 ferunt
2452 1603 2607 1655 MSS.
2632 1602 2796 1664 Statii,

1796 1678 1937 1732 unde
1960 1681 2083 1734 fecit
2110 1683 2326 1734 Vossius
2351 1682 2486 1734 clivo.
2517 1715 2599 1724 —
2625 1682 2800 1735 sensus

1796 1772 1870 1812 est
1905 1777 1918 1811 :
1962 1787 1982 1806 ι
2020 1762 2128 1826 Qui
2179 1764 2468 1834 comperit,
2525 1760 2660 1833 quid
2716 1763 2799 1822 sit,

1796 1839 1942 1909 quod
1966 1859 2116 1893 amor
2137 1842 2341 1893 Lunam
2361 1860 2391 1894 e
2412 1843 2541 1896 celo
2566 1840 2799 1904 devocet,

1795 1933 2015 1989 eamque
2047 1919 2113 1973 ad
2141 1921 2317 1974 furtivi
2352 1923 2550 1974 amoris
2584 1923 2800 1974 fructum

1796 1998 1850 2048 in
1874 2012 2105 2051 montem
2131 1997 2376 2053 Latmum
2399 2001 2546 2054 abire
2567 2003 2760 2073 jubent,
2777 2026 2795 2045 ·

1799 2096 1897 2146 pro
1921 2080 2123 2148 vulgari
2152 2100 2238 2131 cm·
2258 2082 2371 2132 luna
2400 2086 2450 2132 in
2469 2083 2591 2132 coelo
2608 2080 2801 2149 deficiat.

1799 2156 2110 2209 Notissimus
2167 2161 2221 2211 in
2282 2162 2472 2213 fabulis
2528 2176 2604 2214 est
2657 2161 2804 2214 Lunx

1797 2252 1946 2286 amor
1984 2238 2036 2287 in
2073 2239 2493 2313 Endymionem‚
2530 2244 2804 2293 formosum

1797 2313 1946 2366 illum
1969 2335 2057 2367 seu
2079 2333 2356 2389 pastorem,
2376 2339 2465 2372 seu
2483 2333 2805 2380 venatorem,

1799 2413 1958 2464 quem
1976 2395 2323 2451 dormientem
2345 2401 2399 2451 in
2415 2401 2629 2463 Latm0,
2646 2410 2808 2450 monte

1801 2476 1965 2528 Cariae
1988 2515 2004 2539 ‚
2055 2478 2202 2531 Luna
2247 2498 2275 2530 e
2316 2480 2442 2533 caelo
2502 2478 2810 2532 descendens

1803 2554 1982 2606 furtim
2025 2561 2264 2631 amplexa
2307 2564 2359 2612 et
2390 2558 2686 2614 deosculm
2716 2577 2809 2611 esne

1803 2633 2035 2704 fingitur,
2056 2658 2212 2709 quam
2242 2638 2366 2692 inde
2383 2678 2399 2701 ‚
2428 2638 2469 2692 si
2494 2639 2742 2692 deficeret
2761 2638 2808 2689 in

1804 2715 1930 2765 caelo
1953 2757 1967 2781 ,
2002 2716 2215 2771 delicias
2250 2719 2395 2791 apud
2428 2716 2810 2792 Endymionem

1804 2793 1973 2846 facere
2003 2796 2193 2851 dixisse
2222 2799 2493 2866 videntur-3
2521 2797 2672 2872 quod
2689 2811 2813 2850 certe

1806 2891 1867 2923 ex
1891 2874 1992 2927 hoc
2024 2878 2141 2929 loro
2167 2879 2502 2932 manifestum
2531 2892 2624 2932 est.
2656 2879 2812 2930 Fabu-

1805 2952 1908 3003 lam
1944 2956 2294 3027 Endymionis
2319 2960 2480 3011 variis
2506 2956 2683 3011 modis
2709 2968 2815 3029 post

1808 3032 2096 3087 Hesiodum
2134 3050 2396 3090 tractatam
2426 3039 2616 3103 fuisse,
2650 3038 2730 3091 vel
2760 3055 2816 3088 ex

1806 3110 2078 3167 Scholiast.
2110 3116 2178 3168 ad
2226 3117 2472 3189 Apollon.
2513 3110 2690 3171 Rhod.
2727 3117 2819 3177 IV·

1814 3193 1917 3260 57‚‘
1946 3196 2013 3247 58
2036 3236 2050 3256 ,
2081 3197 2296 3267 intelligi
2327 3206 2516 3268 potest.
2553 3201 2817 3252 Cononem

1807 3283 1981 3325 autem
2021 3277 2156 3328 lunae
2189 3274 2451 3329 defectum
2499 3298 2608 3331 uon
2655 3296 2712 3329 ex
2752 3278 2818 3329 ra·

1811 3348 1966 3416 bula,
1997 3354 2084 3406 sed
2119 3375 2180 3407 ex
2213 3357 2379 3409 causis
2413 3357 2646 3428 physicis
2672 3359 2818 3409 inter·

1808 3446 2068 3560 premium
2133 3456 2240 3488 esse
2264 3476 2279 3499 ‚
2349 3451 2538 3507 sponte
2595 3449 2819 3508 apparet.

1847 3510 1989 3564 'rivin
2025 3509 2297 3585 (Τρίοδος)
2326 3516 2507 3579 Luna,
2534 3519 2607 3570 ob
2632 3518 2823 3570 cultum

1813 3590 1869 3641 in
1899 3594 2086 3657 triviis,
2119 3594 2264 3665 quod
2298 3595 2396 3647 fuit
2431 3588 2530 3648 dea
2560 3599 2822 3668 τρίμορφος.

1819 3670 1954 3723 Luna
2007 3674 2060 3724 in
2107 3677 2235 3727 caelo
2254 3716 2267 3738 ‚
2327 3666 2493 3726 Diana
2546 3678 2599 3729 in
2652 3676 2791 3728 silvis
2810 3712 2826 3733 ,

1814 3748 2001 3803 Hecate
2035 3752 2178 3825 apud
2219 3756 2431 3807 inferos.
2459 3755 2545 3808 Cf.
2577 3776 2735 3828 supra
2766 3753 2827 3807 ad

1815 3832 1993 3907 Carni.
2061 3834 2332 3900 XXXIV,
2396 3836 2483 3888 15.
2528 3869 2605 3878 —
2644 3836 2830 3888 Fue-tin

1818 3908 1831 3979 (
1856 3909 2168 3982 κρυπταδίως
2192 3904 2209 3977 )
2249 3913 2316 3966 ad
2358 3915 2493 3967 furta
2523 3917 2734 3968 amoris,
2759 3948 2830 3958 -ο

1818 3992 2054 4062 Releguus
2073 3996 2321 4064 tanquam
2344 3995 2576 4047 exsulem
2594 3996 2744 4047 abire
2760 3999 2836 4067 ju·

1818 4072 1962 4124 bens.
1981 4106 2060 4115 ——
2085 4072 2222 4142 Gyro
2250 4078 2380 4124 aerio
2400 4114 2413 4137 ,
2449 4074 2598 4127 caelo.

1901 4171 1953 4220 7.
1980 4154 2171 4206 Ca’lesti
2209 4173 2392 4204 ιηιιπεικ-
2419 4154 2607 4208 Venet.
2654 4153 2839 4207 divino
