<?xml version="1.0" encoding="UTF-8"?>
<!DOCTYPE html PUBLIC "-//W3C//DTD XHTML 1.0 Transitional//EN"
    "http://www.w3.org/TR/xhtml1/DTD/xhtml1-transitional.dtd">
<html xmlns="http://www.w3.org/1999/xhtml" xml:lang="en" lang="en">
 <head>
  <title>
</title>
<meta http-equiv="Content-Type" content="text/html;charset=utf-8" />
  <meta name='ocr-system' content='tesseract 3.04.00' />
  <meta name='ocr-capabilities' content='ocr_page ocr_carea ocr_par ocr_line ocrx_word'/>
</head>
<body>
  <div class='ocr_page' id='page_1' title='image "./cvaleriuscatull00naudgoog_0239.png"; bbox 0 0 2986 4935; ppageno 0'>
   <div class='ocr_carea' id='block_1_1' title="bbox 806 430 2274 500">
    <p class='ocr_par' dir='ltr' id='par_1_1' title="bbox 806 430 2274 500">
     <span class='ocr_line' id='line_1_1' title="bbox 806 430 2274 500; baseline -0.001 -2"><span class='ocrx_word' id='word_1_1' title='bbox 806 430 1250 499; x_wconf 77' lang='lat' dir='ltr'><strong>CARMEN</strong></span> <span class='ocrx_word' id='word_1_2' title='bbox 1309 433 1608 499; x_wconf 87' lang='lat' dir='ltr'><strong>LXIII.</strong></span> <span class='ocrx_word' id='word_1_3' title='bbox 2128 430 2274 500; x_wconf 74' lang='lat'><strong>223</strong></span> 
     </span>
    </p>
   </div>
   <div class='ocr_carea' id='block_1_2' title="bbox 271 563 2282 1190">
    <p class='ocr_par' dir='ltr' id='par_1_2' title="bbox 271 563 2282 763">
     <span class='ocr_line' id='line_1_2' title="bbox 271 563 2282 650; baseline 0.001 -18"><span class='ocrx_word' id='word_1_4' title='bbox 271 565 568 632; x_wconf 84' lang='lat' dir='ltr'><strong>Geminas</strong></span> <span class='ocrx_word' id='word_1_5' title='bbox 608 565 906 631; x_wconf 86' lang='lat' dir='ltr'><strong>Deorum</strong></span> <span class='ocrx_word' id='word_1_6' title='bbox 943 563 1028 631; x_wconf 83' lang='lat' dir='ltr'><strong>ad</strong></span> <span class='ocrx_word' id='word_1_7' title='bbox 1064 588 1259 632; x_wconf 87' lang='lat' dir='ltr'><strong>aures</strong></span> <span class='ocrx_word' id='word_1_8' title='bbox 1296 587 1470 632; x_wconf 86' lang='lat' dir='ltr'><strong>nova</strong></span> <span class='ocrx_word' id='word_1_9' title='bbox 1508 565 1740 632; x_wconf 84' lang='lat' dir='ltr'><strong>nuntia</strong></span> <span class='ocrx_word' id='word_1_10' title='bbox 1780 564 2104 646; x_wconf 81' lang='lat' dir='ltr'><strong>referens,</strong></span> <span class='ocrx_word' id='word_1_11' title='bbox 2228 600 2282 650; x_wconf 76' lang='lat'><strong>7⁵</strong></span> 
     </span>
     <span class='ocr_line' id='line_1_3' title="bbox 273 668 1851 763; baseline 0.001 -27"><span class='ocrx_word' id='word_1_12' title='bbox 273 670 360 736; x_wconf 88' lang='lat' dir='ltr'><strong>lbi</strong></span> <span class='ocrx_word' id='word_1_13' title='bbox 390 669 613 763; x_wconf 86' lang='lat' dir='ltr'><strong>juncta</strong></span> <span class='ocrx_word' id='word_1_14' title='bbox 649 670 808 763; x_wconf 84' lang='lat' dir='ltr'><strong>juga</strong></span> <span class='ocrx_word' id='word_1_15' title='bbox 853 669 1189 738; x_wconf 83' lang='lat' dir='ltr'><strong>resolvens</strong></span> <span class='ocrx_word' id='word_1_16' title='bbox 1233 669 1480 763; x_wconf 83' lang='lat' dir='ltr'>Cybele</span> <span class='ocrx_word' id='word_1_17' title='bbox 1524 668 1851 756; x_wconf 83' lang='lat' dir='ltr'><strong>leonibus,</strong></span> 
     </span>
    </p>

    <p class='ocr_par' dir='ltr' id='par_1_3' title="bbox 271 775 2282 1190">
     <span class='ocr_line' id='line_1_4' title="bbox 274 775 2172 872; baseline 0.001 -29"><span class='ocrx_word' id='word_1_18' title='bbox 274 779 659 870; x_wconf 64' lang='lat' dir='ltr'><strong>Laevumque</strong></span> <span class='ocrx_word' id='word_1_19' title='bbox 699 778 956 870; x_wconf 82' lang='lat' dir='ltr'><strong>pecoris</strong></span> <span class='ocrx_word' id='word_1_20' title='bbox 998 777 1259 846; x_wconf 83' lang='lat' dir='ltr'><strong>hostem</strong></span> <span class='ocrx_word' id='word_1_21' title='bbox 1305 775 1683 863; x_wconf 72' lang='lat' dir='ltr'><strong>stimulam,</strong></span> <span class='ocrx_word' id='word_1_22' title='bbox 1716 778 1806 846; x_wconf 90' lang='lat' dir='ltr'><strong>ita</strong></span> <span class='ocrx_word' id='word_1_23' title='bbox 1844 777 2172 872; x_wconf 85' lang='lat' dir='ltr'><strong>loquitur:</strong></span> 
     </span>
     <span class='ocr_line' id='line_1_5' title="bbox 279 882 2282 977; baseline 0.004 -32"><span class='ocrx_word' id='word_1_24' title='bbox 279 882 642 976; x_wconf 75' lang='lat' dir='ltr'><strong>«Agedum,</strong></span> <span class='ocrx_word' id='word_1_25' title='bbox 672 884 914 977; x_wconf 91' lang='lat' dir='ltr'><strong>inquit,</strong></span> <span class='ocrx_word' id='word_1_26' title='bbox 949 907 1071 976; x_wconf 86' lang='lat' dir='ltr'><strong>age</strong></span> <span class='ocrx_word' id='word_1_27' title='bbox 1102 884 1367 970; x_wconf 81' lang='lat' dir='ltr'><strong>ferox‚i</strong></span> <span class='ocrx_word' id='word_1_28' title='bbox 1399 909 1412 950; x_wconf 89' lang='lat'>:</span> <span class='ocrx_word' id='word_1_29' title='bbox 1447 883 1592 952; x_wconf 85' lang='lat' dir='ltr'><strong>face</strong></span> <span class='ocrx_word' id='word_1_30' title='bbox 1624 896 1696 951; x_wconf 92' lang='lat' dir='ltr'><strong>ut</strong></span> <span class='ocrx_word' id='word_1_31' title='bbox 1727 885 1883 953; x_wconf 88' lang='lat' dir='ltr'><strong>hinc</strong></span> <span class='ocrx_word' id='word_1_32' title='bbox 1918 884 2282 968; x_wconf 74' lang='lat' dir='ltr'><strong>furoribu5‚</strong></span> 
     </span>
     <span class='ocr_line' id='line_1_6' title="bbox 271 989 2146 1077; baseline 0.003 -23"><span class='ocrx_word' id='word_1_33' title='bbox 271 991 424 1060; x_wconf 88' lang='lat' dir='ltr'><strong>Face</strong></span> <span class='ocrx_word' id='word_1_34' title='bbox 460 1004 532 1058; x_wconf 90' lang='lat' dir='ltr'><strong>ut</strong></span> <span class='ocrx_word' id='word_1_35' title='bbox 565 990 721 1058; x_wconf 87' lang='lat' dir='ltr'><strong>hinc</strong></span> <span class='ocrx_word' id='word_1_36' title='bbox 759 989 1001 1058; x_wconf 84' lang='lat' dir='ltr'><strong>furoris</strong></span> <span class='ocrx_word' id='word_1_37' title='bbox 1037 991 1173 1059; x_wconf 91' lang='lat' dir='ltr'><strong>ictu</strong></span> <span class='ocrx_word' id='word_1_38' title='bbox 1211 991 1492 1060; x_wconf 87' lang='lat' dir='ltr'><strong>reditum</strong></span> <span class='ocrx_word' id='word_1_39' title='bbox 1532 993 1599 1057; x_wconf 88' lang='lat' dir='ltr'><strong>in</strong></span> <span class='ocrx_word' id='word_1_40' title='bbox 1635 1013 1907 1058; x_wconf 84' lang='lat' dir='ltr'><strong>nemora</strong></span> <span class='ocrx_word' id='word_1_41' title='bbox 1948 991 2146 1077; x_wconf 85' lang='lat' dir='ltr'><strong>ferat,</strong></span> 
     </span>
     <span class='ocr_line' id='line_1_7' title="bbox 271 1095 2281 1190; baseline -0 -29"><span class='ocrx_word' id='word_1_42' title='bbox 271 1097 410 1163; x_wconf 89' lang='lat' dir='ltr'><strong>Mea</strong></span> <span class='ocrx_word' id='word_1_43' title='bbox 453 1095 655 1164; x_wconf 82' lang='lat' dir='ltr'><strong>libere</strong></span> <span class='ocrx_word' id='word_1_44' title='bbox 698 1097 890 1164; x_wconf 86' lang='lat' dir='ltr'><strong>nimis</strong></span> <span class='ocrx_word' id='word_1_45' title='bbox 930 1098 1044 1189; x_wconf 90' lang='lat' dir='ltr'><strong>qui</strong></span> <span class='ocrx_word' id='word_1_46' title='bbox 1088 1097 1318 1190; x_wconf 82' lang='lat' dir='ltr'><strong>fugere</strong></span> <span class='ocrx_word' id='word_1_47' title='bbox 1354 1098 1630 1189; x_wconf 86' lang='lat' dir='ltr'><strong>imperia</strong></span> <span class='ocrx_word' id='word_1_48' title='bbox 1670 1099 1869 1190; x_wconf 88' lang='lat' dir='ltr'><strong>cupit.</strong></span> <span class='ocrx_word' id='word_1_49' title='bbox 2230 1133 2281 1167; x_wconf 75' lang='lat' dir='ltr'><strong>u..</strong></span> 
     </span>
    </p>
   </div>
   <div class='ocr_carea' id='block_1_3' title="bbox 166 1306 1190 4170">
    <p class='ocr_par' dir='ltr' id='par_1_4' title="bbox 180 1306 1167 1460">
     <span class='ocr_line' id='line_1_8' title="bbox 180 1306 1167 1376; baseline -0.002 -17"><span class='ocrx_word' id='word_1_50' title='bbox 180 1309 395 1360; x_wconf 80' lang='lat' dir='ltr'><strong>nuntium</strong></span> <span class='ocrx_word' id='word_1_51' title='bbox 415 1347 430 1370; x_wconf 93' lang='lat'>,</span> <span class='ocrx_word' id='word_1_52' title='bbox 466 1307 576 1371; x_wconf 84' lang='lat' dir='ltr'><strong>ibi,</strong></span> <span class='ocrx_word' id='word_1_53' title='bbox 611 1320 709 1358; x_wconf 85' lang='lat' dir='ltr'><strong>etc.</strong></span> <span class='ocrx_word' id='word_1_54' title='bbox 743 1338 823 1346; x_wconf 90' lang='lat'><em>-</em></span> <span class='ocrx_word' id='word_1_55' title='bbox 851 1306 1048 1358; x_wconf 72' lang='lat' dir='ltr'><strong>Sortitus</strong></span> <span class='ocrx_word' id='word_1_56' title='bbox 1074 1325 1167 1376; x_wconf 83' lang='lat' dir='ltr'><strong>pa-</strong></span> 
     </span>
     <span class='ocr_line' id='line_1_9' title="bbox 185 1385 1129 1460; baseline 0 -24"><span class='ocrx_word' id='word_1_57' title='bbox 185 1388 291 1449; x_wconf 76' lang='lat' dir='ltr'><strong>laris,</strong></span> <span class='ocrx_word' id='word_1_58' title='bbox 321 1406 485 1459; x_wconf 76' lang='lat' dir='ltr'><strong>vagm,</strong></span> <span class='ocrx_word' id='word_1_59' title='bbox 520 1405 620 1460; x_wconf 84' lang='lat' dir='ltr'><strong>per</strong></span> <span class='ocrx_word' id='word_1_60' title='bbox 644 1404 816 1438; x_wconf 84' lang='lat' dir='ltr'><strong>aerem</strong></span> <span class='ocrx_word' id='word_1_61' title='bbox 847 1385 1129 1456; x_wconf 67' lang='lat' dir='ltr'><strong>dispersus.</strong></span> 
     </span>
    </p>

    <p class='ocr_par' dir='ltr' id='par_1_5' title="bbox 171 1464 1177 3116">
     <span class='ocr_line' id='line_1_10' title="bbox 248 1464 1172 1536; baseline -0.003 -17"><span class='ocrx_word' id='word_1_62' title='bbox 248 1467 329 1535; x_wconf 86' lang='lat'><strong>75.</strong></span> <span class='ocrx_word' id='word_1_63' title='bbox 348 1466 444 1519; x_wconf 80' lang='lat' dir='ltr'><strong>Hic</strong></span> <span class='ocrx_word' id='word_1_64' title='bbox 459 1484 662 1524; x_wconf 75' lang='lat' dir='ltr'><strong>versus,</strong></span> <span class='ocrx_word' id='word_1_65' title='bbox 682 1466 772 1536; x_wconf 89' lang='lat' dir='ltr'><strong>qui</strong></span> <span class='ocrx_word' id='word_1_66' title='bbox 794 1465 1011 1517; x_wconf 86' lang='lat' dir='ltr'><strong>omnino</strong></span> <span class='ocrx_word' id='word_1_67' title='bbox 1027 1464 1172 1518; x_wconf 66' lang='lat' dir='ltr'><strong>salvo</strong></span> 
     </span>
     <span class='ocr_line' id='line_1_11' title="bbox 181 1546 1175 1618; baseline -0.003 -20"><span class='ocrx_word' id='word_1_68' title='bbox 181 1564 310 1598; x_wconf 69' lang='lat' dir='ltr'><strong>sensu</strong></span> <span class='ocrx_word' id='word_1_69' title='bbox 336 1548 506 1599; x_wconf 70' lang='lat' dir='ltr'><strong>abesse</strong></span> <span class='ocrx_word' id='word_1_70' title='bbox 535 1557 708 1616; x_wconf 74' lang='lat' dir='ltr'><strong>potest</strong></span> <span class='ocrx_word' id='word_1_71' title='bbox 726 1583 742 1609; x_wconf 88' lang='lat'>‚</span> <span class='ocrx_word' id='word_1_72' title='bbox 768 1546 875 1615; x_wconf 83' lang='lat' dir='ltr'><strong>jam</strong></span> <span class='ocrx_word' id='word_1_73' title='bbox 906 1558 1175 1618; x_wconf 77' lang='lat' dir='ltr'><strong>suspectus</strong></span> 
     </span>
     <span class='ocr_line' id='line_1_12' title="bbox 179 1625 1173 1695; baseline 0 -19"><span class='ocrx_word' id='word_1_74' title='bbox 179 1626 264 1678; x_wconf 80' lang='lat' dir='ltr'><strong>fuit</strong></span> <span class='ocrx_word' id='word_1_75' title='bbox 283 1627 506 1687; x_wconf 84' lang='lat' dir='ltr'><strong>Mureto,</strong></span> <span class='ocrx_word' id='word_1_76' title='bbox 532 1644 681 1678; x_wconf 82' lang='lat' dir='ltr'><strong>nuuc</strong></span> <span class='ocrx_word' id='word_1_77' title='bbox 703 1638 877 1677; x_wconf 85' lang='lat' dir='ltr'><strong>autem</strong></span> <span class='ocrx_word' id='word_1_78' title='bbox 906 1625 1061 1695; x_wconf 85' lang='lat' dir='ltr'><strong>plane</strong></span> <span class='ocrx_word' id='word_1_79' title='bbox 1089 1643 1173 1676; x_wconf 84' lang='lat' dir='ltr'><strong>re-</strong></span> 
     </span>
     <span class='ocr_line' id='line_1_13' title="bbox 180 1704 1170 1777; baseline -0.002 -20"><span class='ocrx_word' id='word_1_80' title='bbox 180 1704 397 1774; x_wconf 73' lang='lat' dir='ltr'><strong>pudiatus</strong></span> <span class='ocrx_word' id='word_1_81' title='bbox 414 1719 464 1758; x_wconf 88' lang='lat' dir='ltr'><strong>et</strong></span> <span class='ocrx_word' id='word_1_82' title='bbox 482 1708 678 1777; x_wconf 83' lang='lat' dir='ltr'><strong>ejectus</strong></span> <span class='ocrx_word' id='word_1_83' title='bbox 700 1718 775 1757; x_wconf 82' lang='lat' dir='ltr'><strong>est</strong></span> <span class='ocrx_word' id='word_1_84' title='bbox 793 1723 819 1755; x_wconf 82' lang='lat' dir='ltr'><strong>a</strong></span> <span class='ocrx_word' id='word_1_85' title='bbox 842 1704 1170 1758; x_wconf 74' lang='lat' dir='ltr'><strong>WerthesiO.</strong></span> 
     </span>
     <span class='ocr_line' id='line_1_14' title="bbox 178 1783 1172 1855; baseline -0.003 -18"><span class='ocrx_word' id='word_1_86' title='bbox 178 1783 291 1838; x_wconf 85' lang='lat' dir='ltr'><strong>Sede</strong></span> <span class='ocrx_word' id='word_1_87' title='bbox 321 1799 513 1839; x_wconf 82' lang='lat' dir='ltr'><strong>tantum</strong></span> <span class='ocrx_word' id='word_1_88' title='bbox 543 1804 638 1837; x_wconf 82' lang='lat' dir='ltr'><strong>sua</strong></span> <span class='ocrx_word' id='word_1_89' title='bbox 668 1797 843 1836; x_wconf 78' lang='lat' dir='ltr'><strong>motus</strong></span> <span class='ocrx_word' id='word_1_90' title='bbox 876 1798 925 1835; x_wconf 90' lang='lat' dir='ltr'><strong>et</strong></span> <span class='ocrx_word' id='word_1_91' title='bbox 950 1798 1069 1855; x_wconf 90' lang='lat' dir='ltr'><strong>post</strong></span> <span class='ocrx_word' id='word_1_92' title='bbox 1095 1803 1172 1834; x_wconf 82' lang='lat' dir='ltr'><strong>se·</strong></span> 
     </span>
     <span class='ocr_line' id='line_1_15' title="bbox 178 1863 1171 1935; baseline -0.005 -17"><span class='ocrx_word' id='word_1_93' title='bbox 178 1878 393 1935; x_wconf 80' lang='lat' dir='ltr'><strong>quentem</strong></span> <span class='ocrx_word' id='word_1_94' title='bbox 422 1883 635 1919; x_wconf 79' lang='lat' dir='ltr'><strong>versum</strong></span> <span class='ocrx_word' id='word_1_95' title='bbox 668 1866 869 1935; x_wconf 70' lang='lat' dir='ltr'><strong>positus</strong></span> <span class='ocrx_word' id='word_1_96' title='bbox 893 1877 971 1916; x_wconf 69' lang='lat' dir='ltr'><strong>est</strong></span> <span class='ocrx_word' id='word_1_97' title='bbox 992 1883 1021 1914; x_wconf 83' lang='lat' dir='ltr'><strong>a</strong></span> <span class='ocrx_word' id='word_1_98' title='bbox 1050 1863 1171 1914; x_wconf 86' lang='lat' dir='ltr'><strong>Sca-</strong></span> 
     </span>
     <span class='ocr_line' id='line_1_16' title="bbox 179 1945 1173 2015; baseline 0 -22"><span class='ocrx_word' id='word_1_99' title='bbox 179 1945 348 2014; x_wconf 72' lang='lat' dir='ltr'><strong>ligero,</strong></span> <span class='ocrx_word' id='word_1_100' title='bbox 369 1950 587 2015; x_wconf 70' lang='lat' dir='ltr'><strong>geminas</strong></span> <span class='ocrx_word' id='word_1_101' title='bbox 628 1964 788 1995; x_wconf 78' lang='lat' dir='ltr'><strong>eorum</strong></span> <span class='ocrx_word' id='word_1_102' title='bbox 825 1962 924 2013; x_wconf 83' lang='lat' dir='ltr'><strong>pro</strong></span> <span class='ocrx_word' id='word_1_103' title='bbox 958 1947 1173 2012; x_wconf 76' lang='lat' dir='ltr'><strong>geminas</strong></span> 
     </span>
     <span class='ocr_line' id='line_1_17' title="bbox 182 2022 1176 2097; baseline -0.003 -21"><span class='ocrx_word' id='word_1_104' title='bbox 182 2025 363 2078; x_wconf 76' lang='grc' dir='ltr'><strong>ὒεοιπιιι</strong></span> <span class='ocrx_word' id='word_1_105' title='bbox 396 2027 620 2097; x_wconf 82' lang='lat' dir='ltr'><strong>legente.</strong></span> <span class='ocrx_word' id='word_1_106' title='bbox 663 2056 745 2066; x_wconf 90' lang='lat'>—</span> <span class='ocrx_word' id='word_1_107' title='bbox 789 2022 1017 2075; x_wconf 79' lang='lat' dir='ltr'><strong>Geminas</strong></span> <span class='ocrx_word' id='word_1_108' title='bbox 1049 2024 1176 2074; x_wconf 78' lang='lat' dir='ltr'><strong>Dem&#39;</strong></span> 
     </span>
     <span class='ocr_line' id='line_1_18' title="bbox 179 2104 1173 2176; baseline -0.004 -20"><span class='ocrx_word' id='word_1_109' title='bbox 179 2105 222 2156; x_wconf 81' lang='lat' dir='ltr'><strong>h.</strong></span> <span class='ocrx_word' id='word_1_110' title='bbox 243 2123 285 2158; x_wconf 80' lang='lat' dir='ltr'><strong>e.</strong></span> <span class='ocrx_word' id='word_1_111' title='bbox 311 2107 562 2176; x_wconf 78' lang='lat' dir='ltr'><strong>Cybeles,</strong></span> <span class='ocrx_word' id='word_1_112' title='bbox 592 2116 752 2155; x_wconf 82' lang='lat' dir='ltr'><strong>tentat</strong></span> <span class='ocrx_word' id='word_1_113' title='bbox 771 2104 872 2154; x_wconf 78' lang='lat' dir='ltr'><strong>vir</strong></span> <span class='ocrx_word' id='word_1_114' title='bbox 897 2104 1097 2156; x_wconf 81' lang='lat' dir='ltr'>Doctus</span> <span class='ocrx_word' id='word_1_115' title='bbox 1119 2105 1173 2153; x_wconf 88' lang='lat' dir='ltr'><strong>in</strong></span> 
     </span>
     <span class='ocr_line' id='line_1_19' title="bbox 177 2182 1172 2238; baseline -0.006 -1"><span class='ocrx_word' id='word_1_116' title='bbox 177 2183 449 2238; x_wconf 70' lang='lat' dir='ltr'><strong>Observatt.</strong></span> <span class='ocrx_word' id='word_1_117' title='bbox 528 2183 754 2236; x_wconf 78' lang='lat' dir='ltr'><strong>Miscell.</strong></span> <span class='ocrx_word' id='word_1_118' title='bbox 811 2215 893 2224; x_wconf 87' lang='lat'><strong>———</strong></span> <span class='ocrx_word' id='word_1_119' title='bbox 944 2182 1172 2234; x_wconf 75' lang='lat' dir='ltr'><strong>Geminus</strong></span> 
     </span>
     <span class='ocr_line' id='line_1_20' title="bbox 180 2263 1174 2334; baseline 0.001 -21"><span class='ocrx_word' id='word_1_120' title='bbox 180 2264 363 2315; x_wconf 73' lang='lat' dir='ltr'><strong>Deorum</strong></span> <span class='ocrx_word' id='word_1_121' title='bbox 416 2267 486 2316; x_wconf 82' lang='lat' dir='ltr'><strong>ad</strong></span> <span class='ocrx_word' id='word_1_122' title='bbox 543 2284 702 2315; x_wconf 79' lang='lat' dir='ltr'><strong>aures.</strong></span> <span class='ocrx_word' id='word_1_123' title='bbox 735 2263 903 2315; x_wconf 81' lang='lat' dir='ltr'><strong>Vetus</strong></span> <span class='ocrx_word' id='word_1_124' title='bbox 957 2281 1174 2334; x_wconf 82' lang='lat' dir='ltr'><strong>prover-</strong></span> 
     </span>
     <span class='ocr_line' id='line_1_21' title="bbox 175 2339 1176 2406; baseline -0.005 -12"><span class='ocrx_word' id='word_1_125' title='bbox 175 2343 306 2396; x_wconf 79' lang='lat' dir='ltr'><strong>bium</strong></span> <span class='ocrx_word' id='word_1_126' title='bbox 349 2347 413 2406; x_wconf 75' lang='grc' dir='ltr'><strong>ιίς</strong></span> <span class='ocrx_word' id='word_1_127' title='bbox 452 2351 573 2397; x_wconf 70' lang='grc' dir='ltr'><strong>θεῶν</strong></span> <span class='ocrx_word' id='word_1_128' title='bbox 617 2340 724 2394; x_wconf 75' lang='grc' dir='ltr'><strong>ὦτα</strong></span> <span class='ocrx_word' id='word_1_129' title='bbox 755 2339 911 2398; x_wconf 75' lang='grc' dir='ltr'>ἦλθεν.</span> <span class='ocrx_word' id='word_1_130' title='bbox 948 2342 1176 2394; x_wconf 75' lang='lat' dir='ltr'><strong>Geminas</strong></span> 
     </span>
     <span class='ocr_line' id='line_1_22' title="bbox 175 2424 1175 2495; baseline -0.001 -20"><span class='ocrx_word' id='word_1_131' title='bbox 175 2437 242 2475; x_wconf 71' lang='lat' dir='ltr'><strong>est</strong></span> <span class='ocrx_word' id='word_1_132' title='bbox 256 2427 519 2495; x_wconf 79' lang='lat' dir='ltr'>epitheton</span> <span class='ocrx_word' id='word_1_133' title='bbox 545 2442 761 2477; x_wconf 82' lang='lat' dir='ltr'><strong>ornans.</strong></span> <span class='ocrx_word' id='word_1_134' title='bbox 781 2424 992 2475; x_wconf 79' lang='lat' dir='ltr'><em>Deorum</em></span> <span class='ocrx_word' id='word_1_135' title='bbox 1022 2424 1175 2475; x_wconf 86' lang='lat' dir='ltr'><strong>intel·</strong></span> 
     </span>
     <span class='ocr_line' id='line_1_23' title="bbox 177 2503 1176 2573; baseline -0.001 -19"><span class='ocrx_word' id='word_1_136' title='bbox 177 2503 263 2573; x_wconf 77' lang='lat' dir='ltr'><strong>lige</strong></span> <span class='ocrx_word' id='word_1_137' title='bbox 295 2507 427 2558; x_wconf 66' lang='lat' dir='ltr'><strong>Dent</strong></span> <span class='ocrx_word' id='word_1_138' title='bbox 466 2506 521 2558; x_wconf 87' lang='lat' dir='ltr'><strong>in</strong></span> <span class='ocrx_word' id='word_1_139' title='bbox 577 2504 880 2556; x_wconf 84' lang='lat' dir='ltr'><strong>universum</strong></span> <span class='ocrx_word' id='word_1_140' title='bbox 915 2517 967 2554; x_wconf 86' lang='lat' dir='ltr'><strong>et</strong></span> <span class='ocrx_word' id='word_1_141' title='bbox 1000 2504 1054 2553; x_wconf 89' lang='lat' dir='ltr'><strong>in</strong></span> <span class='ocrx_word' id='word_1_142' title='bbox 1095 2504 1176 2554; x_wconf 84' lang='lat' dir='ltr'><strong>his</strong></span> 
     </span>
     <span class='ocr_line' id='line_1_24' title="bbox 179 2583 1176 2653; baseline -0.001 -18"><span class='ocrx_word' id='word_1_143' title='bbox 179 2583 611 2653; x_wconf 55' lang='lat' dir='ltr'><strong>Cybelae—Nom</strong></span> <span class='ocrx_word' id='word_1_144' title='bbox 636 2589 810 2635; x_wconf 76' lang='lat' dir='ltr'><strong>nuncia</strong></span> <span class='ocrx_word' id='word_1_145' title='bbox 822 2603 839 2634; x_wconf 93' lang='grc'><strong>.·</strong></span> <span class='ocrx_word' id='word_1_146' title='bbox 851 2586 904 2634; x_wconf 83' lang='grc' dir='ltr'><strong>τὸ</strong></span> <span class='ocrx_word' id='word_1_147' title='bbox 926 2602 1045 2633; x_wconf 74' lang='lat' dir='ltr'><strong>nova</strong></span> <span class='ocrx_word' id='word_1_148' title='bbox 1065 2602 1176 2651; x_wconf 76' lang='lat' dir='ltr'><strong>pei·-</strong></span> 
     </span>
     <span class='ocr_line' id='line_1_25' title="bbox 176 2662 1177 2732; baseline -0.001 -18"><span class='ocrx_word' id='word_1_149' title='bbox 176 2663 288 2716; x_wconf 81' lang='lat' dir='ltr'><strong>tiuet</strong></span> <span class='ocrx_word' id='word_1_150' title='bbox 318 2664 384 2717; x_wconf 72' lang='lat' dir='ltr'><strong>ad</strong></span> <span class='ocrx_word' id='word_1_151' title='bbox 423 2677 714 2727; x_wconf 78' lang='lat' dir='ltr'><strong>ornatum,</strong></span> <span class='ocrx_word' id='word_1_152' title='bbox 758 2681 877 2714; x_wconf 85' lang='lat' dir='ltr'><strong>nam</strong></span> <span class='ocrx_word' id='word_1_153' title='bbox 929 2662 1177 2732; x_wconf 76' lang='lat' dir='ltr'><strong>quaelibet</strong></span> 
     </span>
     <span class='ocr_line' id='line_1_26' title="bbox 171 2743 1173 2816; baseline -0.003 -21"><span class='ocrx_word' id='word_1_154' title='bbox 171 2748 340 2807; x_wconf 63' lang='lat' dir='ltr'><strong>mein,</strong></span> <span class='ocrx_word' id='word_1_155' title='bbox 363 2764 530 2816; x_wconf 85' lang='lat' dir='ltr'><strong>quum</strong></span> <span class='ocrx_word' id='word_1_156' title='bbox 556 2743 869 2805; x_wconf 76' lang='lat' dir='ltr'><strong>afferuntur,</strong></span> <span class='ocrx_word' id='word_1_157' title='bbox 888 2761 1008 2792; x_wconf 77' lang='lat' dir='ltr'><strong>nova</strong></span> <span class='ocrx_word' id='word_1_158' title='bbox 1035 2754 1173 2793; x_wconf 81' lang='lat' dir='ltr'><strong>sunt.</strong></span> 
     </span>
     <span class='ocr_line' id='line_1_27' title="bbox 175 2826 1176 2894; baseline -0.003 -18"><span class='ocrx_word' id='word_1_159' title='bbox 175 2854 241 2863; x_wconf 87' lang='lat'>—</span> <span class='ocrx_word' id='word_1_160' title='bbox 265 2826 491 2876; x_wconf 70' lang='lat' dir='ltr'><strong>Nuntium</strong></span> <span class='ocrx_word' id='word_1_161' title='bbox 523 2842 628 2894; x_wconf 81' lang='lat' dir='ltr'><strong>pro</strong></span> <span class='ocrx_word' id='word_1_162' title='bbox 654 2842 705 2873; x_wconf 83' lang='lat' dir='ltr'><strong>re</strong></span> <span class='ocrx_word' id='word_1_163' title='bbox 737 2827 958 2872; x_wconf 76' lang='lat' dir='ltr'><strong>nuntiata</strong></span> <span class='ocrx_word' id='word_1_164' title='bbox 986 2839 1176 2890; x_wconf 85' lang='lat' dir='ltr'><strong>genere</strong></span> 
     </span>
     <span class='ocr_line' id='line_1_28' title="bbox 173 2900 1174 2970; baseline -0.001 -17"><span class='ocrx_word' id='word_1_165' title='bbox 173 2916 343 2957; x_wconf 62' lang='lat' dir='ltr'><strong>nonno</strong></span> <span class='ocrx_word' id='word_1_166' title='bbox 367 2904 474 2957; x_wconf 87' lang='lat' dir='ltr'><strong>dici</strong></span> <span class='ocrx_word' id='word_1_167' title='bbox 502 2903 662 2955; x_wconf 84' lang='lat' dir='ltr'><strong>docet</strong></span> <span class='ocrx_word' id='word_1_168' title='bbox 689 2902 901 2954; x_wconf 81' lang='lat' dir='ltr'><strong>Servius</strong></span> <span class='ocrx_word' id='word_1_169' title='bbox 934 2900 997 2952; x_wconf 85' lang='lat' dir='ltr'><strong>ad</strong></span> <span class='ocrx_word' id='word_1_170' title='bbox 1026 2902 1174 2970; x_wconf 87' lang='lat' dir='ltr'><strong>Virg.</strong></span> 
     </span>
     <span class='ocr_line' id='line_1_29' title="bbox 175 2980 1175 3049; baseline -0.002 -15"><span class='ocrx_word' id='word_1_171' title='bbox 175 2983 363 3035; x_wconf 78' lang='lat' dir='ltr'><strong>AEueid.</strong></span> <span class='ocrx_word' id='word_1_172' title='bbox 409 2985 525 3046; x_wconf 84' lang='lat' dir='ltr'><strong>xl,</strong></span> <span class='ocrx_word' id='word_1_173' title='bbox 576 2985 714 3049; x_wconf 82' lang='lat'><em>896,</em></span> <span class='ocrx_word' id='word_1_174' title='bbox 770 2994 821 3034; x_wconf 84' lang='lat' dir='ltr'><strong>et</strong></span> <span class='ocrx_word' id='word_1_175' title='bbox 850 2982 1068 3033; x_wconf 81' lang='lat' dir='ltr'>Vossius</span> <span class='ocrx_word' id='word_1_176' title='bbox 1108 2980 1175 3032; x_wconf 83' lang='lat' dir='ltr'><strong>ad</strong></span> 
     </span>
     <span class='ocr_line' id='line_1_30' title="bbox 173 3059 518 3116; baseline 0.017 -6"><span class='ocrx_word' id='word_1_177' title='bbox 173 3059 302 3115; x_wconf 78' lang='lat' dir='ltr'><strong>bunc</strong></span> <span class='ocrx_word' id='word_1_178' title='bbox 322 3064 518 3116; x_wconf 85' lang='lat' dir='ltr'><strong>locum.</strong></span> 
     </span>
    </p>

    <p class='ocr_par' dir='ltr' id='par_1_6' title="bbox 166 3142 1190 4170">
     <span class='ocr_line' id='line_1_31' title="bbox 240 3142 1177 3209; baseline -0.004 -14"><span class='ocrx_word' id='word_1_179' title='bbox 240 3150 329 3209; x_wconf 79' lang='lat'><strong>76.</strong></span> <span class='ocrx_word' id='word_1_180' title='bbox 381 3143 728 3198; x_wconf 79' lang='lat' dir='ltr'><strong>werthesius</strong></span> <span class='ocrx_word' id='word_1_181' title='bbox 746 3182 761 3205; x_wconf 92' lang='lat'>,</span> <span class='ocrx_word' id='word_1_182' title='bbox 813 3155 873 3194; x_wconf 89' lang='lat' dir='ltr'><strong>ut</strong></span> <span class='ocrx_word' id='word_1_183' title='bbox 942 3142 1177 3192; x_wconf 70' lang='lat' dir='ltr'><strong>numeris</strong></span> 
     </span>
     <span class='ocr_line' id='line_1_32' title="bbox 171 3221 1177 3293; baseline -0.004 -19"><span class='ocrx_word' id='word_1_184' title='bbox 171 3237 484 3276; x_wconf 71' lang='lat' dir='ltr'><strong>succurreret</strong></span> <span class='ocrx_word' id='word_1_185' title='bbox 509 3263 524 3287; x_wconf 86' lang='lat'>,</span> <span class='ocrx_word' id='word_1_186' title='bbox 555 3242 654 3293; x_wconf 83' lang='lat' dir='ltr'><strong>pro</strong></span> <span class='ocrx_word' id='word_1_187' title='bbox 691 3223 902 3273; x_wconf 74' lang='lat' dir='ltr'><strong>leonibus</strong></span> <span class='ocrx_word' id='word_1_188' title='bbox 936 3221 1055 3272; x_wconf 76' lang='lat' dir='ltr'><strong>satis</strong></span> <span class='ocrx_word' id='word_1_189' title='bbox 1089 3240 1177 3271; x_wconf 89' lang='lat' dir='ltr'><strong>au-</strong></span> 
     </span>
     <span class='ocr_line' id='line_1_33' title="bbox 169 3297 1180 3374; baseline -0.003 -20"><span class='ocrx_word' id='word_1_190' title='bbox 169 3297 334 3355; x_wconf 69' lang='lat' dir='ltr'><strong>dacter</strong></span> <span class='ocrx_word' id='word_1_191' title='bbox 352 3303 628 3374; x_wconf 72' lang='lat' dir='ltr'><strong>rescripsit</strong></span> <span class='ocrx_word' id='word_1_192' title='bbox 645 3304 857 3353; x_wconf 81' lang='lat' dir='ltr'><strong>Domina</strong></span> <span class='ocrx_word' id='word_1_193' title='bbox 866 3302 1012 3365; x_wconf 57' lang='lat' dir='ltr'><strong>siffis,-</strong></span> <span class='ocrx_word' id='word_1_194' title='bbox 1031 3312 1180 3370; x_wconf 81' lang='lat' dir='ltr'><strong>putat</strong></span> 
     </span>
     <span class='ocr_line' id='line_1_34' title="bbox 171 3380 1178 3450; baseline -0.001 -20"><span class='ocrx_word' id='word_1_195' title='bbox 171 3381 404 3435; x_wconf 85' lang='lat' dir='ltr'><strong>nimirum</strong></span> <span class='ocrx_word' id='word_1_196' title='bbox 433 3387 490 3436; x_wconf 78' lang='grc' dir='ltr'><strong>τὸ</strong></span> <span class='ocrx_word' id='word_1_197' title='bbox 527 3383 740 3433; x_wconf 78' lang='lat' dir='ltr'><strong>leonibus</strong></span> <span class='ocrx_word' id='word_1_198' title='bbox 768 3381 989 3450; x_wconf 74' lang='lat' dir='ltr'><strong>glossam</strong></span> <span class='ocrx_word' id='word_1_199' title='bbox 1024 3380 1178 3431; x_wconf 69' lang='lat' dir='ltr'><strong>fuisse</strong></span> 
     </span>
     <span class='ocr_line' id='line_1_35' title="bbox 171 3459 1174 3533; baseline -0.003 -21"><span class='ocrx_word' id='word_1_200' title='bbox 171 3465 244 3512; x_wconf 69' lang='grc' dir='ltr'><strong>τοῦ</strong></span> <span class='ocrx_word' id='word_1_201' title='bbox 268 3464 412 3527; x_wconf 73' lang='lat' dir='ltr'><strong>seris,</strong></span> <span class='ocrx_word' id='word_1_202' title='bbox 455 3481 579 3533; x_wconf 65' lang='lat' dir='ltr'><strong>qum</strong></span> <span class='ocrx_word' id='word_1_203' title='bbox 605 3461 976 3532; x_wconf 84' lang='lat' dir='ltr'><strong>imperitorum</strong></span> <span class='ocrx_word' id='word_1_204' title='bbox 1017 3459 1174 3511; x_wconf 80' lang='lat' dir='ltr'><strong>libra-</strong></span> 
     </span>
     <span class='ocr_line' id='line_1_36' title="bbox 168 3537 1177 3613; baseline -0.003 -22"><span class='ocrx_word' id='word_1_205' title='bbox 168 3539 354 3595; x_wconf 69' lang='lat' dir='ltr'><strong>tionum</strong></span> <span class='ocrx_word' id='word_1_206' title='bbox 381 3543 546 3613; x_wconf 72' lang='lat' dir='ltr'><strong>culpa</strong></span> <span class='ocrx_word' id='word_1_207' title='bbox 567 3541 808 3612; x_wconf 67' lang='lat' dir='ltr'><strong>genuinae</strong></span> <span class='ocrx_word' id='word_1_208' title='bbox 837 3538 1075 3592; x_wconf 80' lang='lat' dir='ltr'><strong>lectionis</strong></span> <span class='ocrx_word' id='word_1_209' title='bbox 1100 3537 1177 3589; x_wconf 89' lang='lat' dir='ltr'><strong>lo·</strong></span> 
     </span>
     <span class='ocr_line' id='line_1_37' title="bbox 170 3618 1178 3693; baseline -0.007 -19"><span class='ocrx_word' id='word_1_210' title='bbox 170 3636 278 3673; x_wconf 79' lang='lat' dir='ltr'><strong>cum</strong></span> <span class='ocrx_word' id='word_1_211' title='bbox 306 3621 669 3693; x_wconf 75' lang='lat' dir='ltr'><strong>occupaverit.</strong></span> <span class='ocrx_word' id='word_1_212' title='bbox 683 3620 782 3673; x_wconf 87' lang='lat' dir='ltr'><strong>Cui</strong></span> <span class='ocrx_word' id='word_1_213' title='bbox 802 3618 1047 3690; x_wconf 84' lang='lat' dir='ltr'><strong>equidem</strong></span> <span class='ocrx_word' id='word_1_214' title='bbox 1071 3636 1178 3669; x_wconf 84' lang='lat' dir='ltr'><strong>non</strong></span> 
     </span>
     <span class='ocr_line' id='line_1_38' title="bbox 166 3696 1179 3769; baseline -0.006 -16"><span class='ocrx_word' id='word_1_215' title='bbox 166 3702 484 3755; x_wconf 62' lang='lat' dir='ltr'><strong>monuerim.</strong></span> <span class='ocrx_word' id='word_1_216' title='bbox 514 3733 599 3744; x_wconf 89' lang='lat'><strong>-—-</strong></span> <span class='ocrx_word' id='word_1_217' title='bbox 641 3700 761 3752; x_wconf 80' lang='lat' dir='ltr'><strong>Non</strong></span> <span class='ocrx_word' id='word_1_218' title='bbox 814 3713 928 3769; x_wconf 82' lang='lat' dir='ltr'><strong>eget</strong></span> <span class='ocrx_word' id='word_1_219' title='bbox 977 3696 1179 3750; x_wconf 85' lang='lat' dir='ltr'><strong>medela</strong></span> 
     </span>
     <span class='ocr_line' id='line_1_39' title="bbox 171 3778 1183 3852; baseline -0.002 -23"><span class='ocrx_word' id='word_1_220' title='bbox 171 3779 247 3831; x_wconf 78' lang='lat' dir='ltr'><strong>hic</strong></span> <span class='ocrx_word' id='word_1_221' title='bbox 295 3800 506 3844; x_wconf 74' lang='lat' dir='ltr'><strong>venus,</strong></span> <span class='ocrx_word' id='word_1_222' title='bbox 561 3782 653 3852; x_wconf 86' lang='lat' dir='ltr'><strong>qui</strong></span> <span class='ocrx_word' id='word_1_223' title='bbox 670 3819 685 3840; x_wconf 89' lang='lat'>‚</span> <span class='ocrx_word' id='word_1_224' title='bbox 733 3794 791 3831; x_wconf 92' lang='lat' dir='ltr'><strong>ut</strong></span> <span class='ocrx_word' id='word_1_225' title='bbox 835 3778 1183 3831; x_wconf 74' lang='lat' dir='ltr'><strong>Terentianus</strong></span> 
     </span>
     <span class='ocr_line' id='line_1_40' title="bbox 169 3857 1183 3931; baseline -0.003 -20"><span class='ocrx_word' id='word_1_226' title='bbox 169 3858 374 3914; x_wconf 63' lang='lat' dir='ltr'><strong>Maurus</strong></span> <span class='ocrx_word' id='word_1_227' title='bbox 392 3861 514 3913; x_wconf 79' lang='lat' dir='ltr'><strong>fieri</strong></span> <span class='ocrx_word' id='word_1_228' title='bbox 541 3878 693 3931; x_wconf 67' lang='lat' dir='ltr'><strong>posse</strong></span> <span class='ocrx_word' id='word_1_229' title='bbox 720 3857 907 3921; x_wconf 84' lang='lat' dir='ltr'><strong>docet,</strong></span> <span class='ocrx_word' id='word_1_230' title='bbox 935 3858 991 3910; x_wconf 88' lang='lat' dir='ltr'><strong>in</strong></span> <span class='ocrx_word' id='word_1_231' title='bbox 1014 3869 1183 3928; x_wconf 78' lang='lat' dir='ltr'><strong>post-e-</strong></span> 
     </span>
     <span class='ocr_line' id='line_1_41' title="bbox 167 3938 1182 4009; baseline 0.001 -22"><span class='ocrx_word' id='word_1_232' title='bbox 167 3938 298 3991; x_wconf 73' lang='lat' dir='ltr'><strong>rion-e</strong></span> <span class='ocrx_word' id='word_1_233' title='bbox 332 3954 599 3993; x_wconf 73' lang='lat' dir='ltr'><strong>commate</strong></span> <span class='ocrx_word' id='word_1_234' title='bbox 642 3951 762 4009; x_wconf 67' lang='lat' dir='ltr'><strong>poet</strong></span> <span class='ocrx_word' id='word_1_235' title='bbox 801 3938 1182 4009; x_wconf 73' lang='lat' dir='ltr'><strong>pai-iambicum</strong></span> 
     </span>
     <span class='ocr_line' id='line_1_42' title="bbox 171 4013 1187 4090; baseline -0.006 -18"><span class='ocrx_word' id='word_1_236' title='bbox 171 4013 293 4071; x_wconf 69' lang='lat' dir='ltr'><strong>duos</strong></span> <span class='ocrx_word' id='word_1_237' title='bbox 314 4021 582 4073; x_wconf 60' lang='lat' dir='ltr'><strong>trocheon</strong></span> <span class='ocrx_word' id='word_1_238' title='bbox 602 4019 805 4090; x_wconf 78' lang='lat' dir='ltr'><strong>recipit.</strong></span> <span class='ocrx_word' id='word_1_239' title='bbox 824 4018 889 4070; x_wconf 80' lang='lat' dir='ltr'><strong>N.</strong></span> <span class='ocrx_word' id='word_1_240' title='bbox 913 4050 993 4060; x_wconf 88' lang='lat'><strong>--</strong></span> <span class='ocrx_word' id='word_1_241' title='bbox 1019 4018 1187 4067; x_wconf 68' lang='lat' dir='ltr'><strong>Leone·-</strong></span> 
     </span>
     <span class='ocr_line' id='line_1_43' title="bbox 168 4096 1190 4170; baseline -0.002 -21"><span class='ocrx_word' id='word_1_242' title='bbox 168 4096 242 4149; x_wconf 74' lang='grc' dir='ltr'><strong>όιυ</strong></span> <span class='ocrx_word' id='word_1_243' title='bbox 263 4140 278 4161; x_wconf 85' lang='grc'><strong><em>,</em></strong></span> <span class='ocrx_word' id='word_1_244' title='bbox 330 4101 427 4170; x_wconf 81' lang='lat' dir='ltr'><strong>qui</strong></span> <span class='ocrx_word' id='word_1_245' title='bbox 487 4114 706 4152; x_wconf 77' lang='lat' dir='ltr'><strong>currum</strong></span> <span class='ocrx_word' id='word_1_246' title='bbox 755 4100 957 4167; x_wconf 63' lang='lat' dir='ltr'><strong>Magna·</strong></span> <span class='ocrx_word' id='word_1_247' title='bbox 1006 4096 1190 4148; x_wconf 65' lang='lat' dir='ltr'><strong>Matris</strong></span> 
     </span>
    </p>
   </div>
   <div class='ocr_carea' id='block_1_4' title="bbox 1252 1305 2301 4089">
    <p class='ocr_par' dir='ltr' id='par_1_7' title="bbox 1263 1305 2280 1456">
     <span class='ocr_line' id='line_1_44' title="bbox 1263 1305 2280 1382; baseline 0.006 -25"><span class='ocrx_word' id='word_1_248' title='bbox 1263 1305 1570 1360; x_wconf 71' lang='lat' dir='ltr'><strong>trahebant:</strong></span> <span class='ocrx_word' id='word_1_249' title='bbox 1597 1306 1724 1359; x_wconf 89' lang='lat' dir='ltr'><strong>hinc</strong></span> <span class='ocrx_word' id='word_1_250' title='bbox 1759 1306 1912 1377; x_wconf 54' lang='lat' dir='ltr'><strong>bijugi</strong></span> <span class='ocrx_word' id='word_1_251' title='bbox 1950 1308 2101 1360; x_wconf 76' lang='lat' dir='ltr'><strong>leones</strong></span> <span class='ocrx_word' id='word_1_252' title='bbox 2136 1310 2280 1382; x_wconf 74' lang='lat' dir='ltr'><strong>apud</strong></span> 
     </span>
     <span class='ocr_line' id='line_1_45' title="bbox 1264 1385 2279 1456; baseline 0.007 -20"><span class='ocrx_word' id='word_1_253' title='bbox 1264 1386 1418 1456; x_wconf 76' lang='lat' dir='ltr'><strong>Virg.</strong></span> <span class='ocrx_word' id='word_1_254' title='bbox 1447 1389 1567 1438; x_wconf 81' lang='lat' dir='ltr'><strong>AEn.</strong></span> <span class='ocrx_word' id='word_1_255' title='bbox 1598 1387 1677 1450; x_wconf 82' lang='lat' dir='ltr'><strong>X,</strong></span> <span class='ocrx_word' id='word_1_256' title='bbox 1710 1385 1817 1439; x_wconf 74' lang='lat'><strong>253</strong></span> <span class='ocrx_word' id='word_1_257' title='bbox 1848 1425 1863 1451; x_wconf 85' lang='lat'>,</span> <span class='ocrx_word' id='word_1_258' title='bbox 1891 1387 1981 1439; x_wconf 84' lang='lat' dir='ltr'><strong>ubi</strong></span> <span class='ocrx_word' id='word_1_259' title='bbox 2004 1389 2071 1440; x_wconf 88' lang='lat' dir='ltr'><strong>cf.</strong></span> <span class='ocrx_word' id='word_1_260' title='bbox 2105 1388 2279 1443; x_wconf 74' lang='lat' dir='ltr'><strong>Cerdo.</strong></span> 
     </span>
    </p>

    <p class='ocr_par' dir='ltr' id='par_1_8' title="bbox 1258 1462 2286 1995">
     <span class='ocr_line' id='line_1_46' title="bbox 1344 1462 2282 1542; baseline 0.006 -24"><span class='ocrx_word' id='word_1_261' title='bbox 1344 1485 1439 1533; x_wconf 87' lang='lat'><strong>77.</strong></span> <span class='ocrx_word' id='word_1_262' title='bbox 1458 1462 1647 1516; x_wconf 73' lang='lat' dir='ltr'><strong>Soevum</strong></span> <span class='ocrx_word' id='word_1_263' title='bbox 1658 1468 1864 1537; x_wconf 72' lang='lat' dir='ltr'><strong>pectoris</strong></span> <span class='ocrx_word' id='word_1_264' title='bbox 1876 1467 2051 1519; x_wconf 81' lang='lat' dir='ltr'><strong>hostem</strong></span> <span class='ocrx_word' id='word_1_265' title='bbox 2072 1469 2282 1542; x_wconf 84' lang='lat' dir='ltr'><strong>Gryph.</strong></span> 
     </span>
     <span class='ocr_line' id='line_1_47' title="bbox 1261 1546 2278 1616; baseline 0.009 -21"><span class='ocrx_word' id='word_1_266' title='bbox 1261 1578 1340 1586; x_wconf 89' lang='lat'><strong>--</strong></span> <span class='ocrx_word' id='word_1_267' title='bbox 1368 1547 1561 1597; x_wconf 76' lang='lat' dir='ltr'><strong>Laevum</strong></span> <span class='ocrx_word' id='word_1_268' title='bbox 1595 1565 1759 1616; x_wconf 72' lang='grc' dir='ltr'><strong>μων.</strong></span> <span class='ocrx_word' id='word_1_269' title='bbox 1798 1546 1920 1598; x_wconf 74' lang='lat' dir='ltr'><strong>host.</strong></span> <span class='ocrx_word' id='word_1_270' title='bbox 1955 1550 2134 1602; x_wconf 83' lang='lat' dir='ltr'><strong>currui</strong></span> <span class='ocrx_word' id='word_1_271' title='bbox 2155 1590 2166 1609; x_wconf 83' lang='lat'><em>,</em></span> <span class='ocrx_word' id='word_1_272' title='bbox 2215 1551 2278 1603; x_wconf 82' lang='lat' dir='ltr'><strong>ad</strong></span> 
     </span>
     <span class='ocr_line' id='line_1_48' title="bbox 1260 1625 2286 1694; baseline 0.006 -19"><span class='ocrx_word' id='word_1_273' title='bbox 1260 1625 1443 1677; x_wconf 76' lang='lat' dir='ltr'><strong>laevam</strong></span> <span class='ocrx_word' id='word_1_274' title='bbox 1472 1629 1745 1694; x_wconf 61' lang='lat' dir='ltr'><strong>junctum?</strong></span> <span class='ocrx_word' id='word_1_275' title='bbox 1757 1628 2005 1679; x_wconf 75' lang='lat' dir='ltr'><strong>-Loevus</strong></span> <span class='ocrx_word' id='word_1_276' title='bbox 2036 1627 2176 1681; x_wconf 89' lang='lat' dir='ltr'><strong>idem</strong></span> <span class='ocrx_word' id='word_1_277' title='bbox 2211 1632 2286 1684; x_wconf 81' lang='lat' dir='ltr'><strong>vi-</strong></span> 
     </span>
     <span class='ocr_line' id='line_1_49' title="bbox 1260 1703 2278 1781; baseline 0.008 -26"><span class='ocrx_word' id='word_1_278' title='bbox 1260 1703 1418 1755; x_wconf 86' lang='lat' dir='ltr'><strong>detur</strong></span> <span class='ocrx_word' id='word_1_279' title='bbox 1446 1703 1592 1775; x_wconf 83' lang='lat' dir='ltr'><strong>quod</strong></span> <span class='ocrx_word' id='word_1_280' title='bbox 1609 1706 1851 1771; x_wconf 75' lang='lat' dir='ltr'><strong>funestus.</strong></span> <span class='ocrx_word' id='word_1_281' title='bbox 1880 1708 2049 1759; x_wconf 62' lang='lat' dir='ltr'><strong>Laevus</strong></span> <span class='ocrx_word' id='word_1_282' title='bbox 2076 1713 2201 1778; x_wconf 52' lang='lat' dir='ltr'><em>Igne}</em></span> <span class='ocrx_word' id='word_1_283' title='bbox 2227 1729 2278 1781; x_wconf 83' lang='lat' dir='ltr'><strong>p.</strong></span> 
     </span>
     <span class='ocr_line' id='line_1_50' title="bbox 1258 1784 2279 1854; baseline 0.005 -18"><span class='ocrx_word' id='word_1_284' title='bbox 1258 1784 1555 1854; x_wconf 81' lang='lat' dir='ltr'><strong>pestilentia</strong></span> <span class='ocrx_word' id='word_1_285' title='bbox 1592 1784 1727 1837; x_wconf 81' lang='lat' dir='ltr'><strong>Stat.</strong></span> <span class='ocrx_word' id='word_1_286' title='bbox 1754 1786 1928 1840; x_wconf 88' lang='lat' dir='ltr'><strong>Theb.</strong></span> <span class='ocrx_word' id='word_1_287' title='bbox 1962 1790 2018 1851; x_wconf 86' lang='lat'><strong>1,</strong></span> <span class='ocrx_word' id='word_1_288' title='bbox 2050 1789 2179 1853; x_wconf 74' lang='lat'><strong>634.</strong></span> <span class='ocrx_word' id='word_1_289' title='bbox 2212 1790 2279 1843; x_wconf 86' lang='lat' dir='ltr'><strong>N.</strong></span> 
     </span>
     <span class='ocr_line' id='line_1_51' title="bbox 1259 1865 2281 1936; baseline 0.008 -22"><span class='ocrx_word' id='word_1_290' title='bbox 1259 1895 1339 1905; x_wconf 91' lang='lat'><strong>-——</strong></span> <span class='ocrx_word' id='word_1_291' title='bbox 1356 1865 1527 1915; x_wconf 82' lang='lat' dir='ltr'><strong>Hostis</strong></span> <span class='ocrx_word' id='word_1_292' title='bbox 1549 1870 1754 1934; x_wconf 80' lang='lat' dir='ltr'><strong>pecoris,</strong></span> <span class='ocrx_word' id='word_1_293' title='bbox 1787 1868 1965 1936; x_wconf 79' lang='lat' dir='ltr'><strong>pecori</strong></span> <span class='ocrx_word' id='word_1_294' title='bbox 1991 1869 2132 1921; x_wconf 86' lang='lat' dir='ltr'><strong>enim</strong></span> <span class='ocrx_word' id='word_1_295' title='bbox 2156 1871 2281 1924; x_wconf 81' lang='lat' dir='ltr'><strong>insi-</strong></span> 
     </span>
     <span class='ocr_line' id='line_1_52' title="bbox 1261 1942 1552 1995; baseline 0.003 -1"><span class='ocrx_word' id='word_1_296' title='bbox 1261 1942 1437 1995; x_wconf 83' lang='lat' dir='ltr'><strong>diatur</strong></span> <span class='ocrx_word' id='word_1_297' title='bbox 1453 1944 1552 1995; x_wconf 87' lang='lat' dir='ltr'><strong>leo.</strong></span> 
     </span>
    </p>

    <p class='ocr_par' dir='ltr' id='par_1_9' title="bbox 1252 2024 2287 3205">
     <span class='ocr_line' id='line_1_53' title="bbox 1343 2024 2278 2096; baseline 0.009 -23"><span class='ocrx_word' id='word_1_298' title='bbox 1343 2028 1436 2092; x_wconf 90' lang='lat'><strong>78.</strong></span> <span class='ocrx_word' id='word_1_299' title='bbox 1464 2024 1689 2092; x_wconf 75' lang='lat' dir='ltr'><strong>Agedum</strong></span> <span class='ocrx_word' id='word_1_300' title='bbox 1708 2065 1722 2087; x_wconf 87' lang='lat'><em>,</em></span> <span class='ocrx_word' id='word_1_301' title='bbox 1767 2028 1919 2096; x_wconf 77' lang='lat' dir='ltr'><strong>inquit</strong></span> <span class='ocrx_word' id='word_1_302' title='bbox 1937 2067 1951 2089; x_wconf 88' lang='lat'>‚</span> <span class='ocrx_word' id='word_1_303' title='bbox 1993 2046 2085 2096; x_wconf 77' lang='lat' dir='ltr'><strong>age</strong></span> <span class='ocrx_word' id='word_1_304' title='bbox 2102 2032 2278 2094; x_wconf 67' lang='lat' dir='ltr'><strong>fier-oz,</strong></span> 
     </span>
     <span class='ocr_line' id='line_1_54' title="bbox 1263 2104 2279 2179; baseline 0.009 -28"><span class='ocrx_word' id='word_1_305' title='bbox 1263 2104 1384 2153; x_wconf 73' lang='lat' dir='ltr'><strong>lium·</strong></span> <span class='ocrx_word' id='word_1_306' title='bbox 1411 2104 1613 2170; x_wconf 72' lang='lat' dir='ltr'><strong>agedum</strong></span> <span class='ocrx_word' id='word_1_307' title='bbox 1637 2106 1896 2173; x_wconf 75' lang='lat' dir='ltr'><strong>aggredere</strong></span> <span class='ocrx_word' id='word_1_308' title='bbox 1906 2108 2055 2171; x_wconf 84' lang='lat' dir='ltr'><strong>furor</strong></span> <span class='ocrx_word' id='word_1_309' title='bbox 2070 2108 2279 2179; x_wconf 81' lang='lat' dir='ltr'><strong>Gryph.</strong></span> 
     </span>
     <span class='ocr_line' id='line_1_55' title="bbox 1263 2183 2286 2254; baseline 0.009 -21"><span class='ocrx_word' id='word_1_310' title='bbox 1263 2183 1455 2234; x_wconf 82' lang='lat' dir='ltr'><strong>Muret.</strong></span> <span class='ocrx_word' id='word_1_311' title='bbox 1483 2215 1561 2223; x_wconf 94' lang='lat'>—</span> <span class='ocrx_word' id='word_1_312' title='bbox 1594 2186 1705 2252; x_wconf 71' lang='lat' dir='ltr'><strong>Age</strong></span> <span class='ocrx_word' id='word_1_313' title='bbox 1719 2186 1867 2249; x_wconf 71' lang='lat' dir='ltr'><strong>ferox</strong></span> <span class='ocrx_word' id='word_1_314' title='bbox 1898 2197 1951 2235; x_wconf 83' lang='lat' dir='ltr'><strong>ut</strong></span> <span class='ocrx_word' id='word_1_315' title='bbox 1987 2187 2109 2238; x_wconf 78' lang='lat' dir='ltr'><strong>hunc</strong></span> <span class='ocrx_word' id='word_1_316' title='bbox 2137 2192 2286 2254; x_wconf 85' lang='lat' dir='ltr'><strong>furor</strong></span> 
     </span>
     <span class='ocr_line' id='line_1_56' title="bbox 1264 2261 2283 2323; baseline 0.01 -12"><span class='ocrx_word' id='word_1_317' title='bbox 1264 2262 1317 2312; x_wconf 86' lang='lat' dir='ltr'><strong>in</strong></span> <span class='ocrx_word' id='word_1_318' title='bbox 1360 2261 1572 2314; x_wconf 76' lang='lat' dir='ltr'><strong>duobus</strong></span> <span class='ocrx_word' id='word_1_319' title='bbox 1611 2263 1764 2317; x_wconf 86' lang='lat' dir='ltr'><strong>MSS.</strong></span> <span class='ocrx_word' id='word_1_320' title='bbox 1804 2265 1970 2318; x_wconf 79' lang='lat' dir='ltr'><strong>Statii.</strong></span> <span class='ocrx_word' id='word_1_321' title='bbox 2013 2298 2091 2307; x_wconf 91' lang='lat'><strong>—</strong></span> <span class='ocrx_word' id='word_1_322' title='bbox 2124 2269 2283 2323; x_wconf 73' lang='lat' dir='ltr'><strong>Fer-02·</strong></span> 
     </span>
     <span class='ocr_line' id='line_1_57' title="bbox 1252 2343 2280 2412; baseline 0.012 -22"><span class='ocrx_word' id='word_1_323' title='bbox 1252 2343 1344 2408; x_wconf 82' lang='lat' dir='ltr'><strong>sac</strong></span> <span class='ocrx_word' id='word_1_324' title='bbox 1382 2356 1436 2392; x_wconf 80' lang='lat' dir='ltr'><strong>ut</strong></span> <span class='ocrx_word' id='word_1_325' title='bbox 1466 2343 1589 2393; x_wconf 75' lang='lat' dir='ltr'><strong>hunc</strong></span> <span class='ocrx_word' id='word_1_326' title='bbox 1608 2346 1756 2410; x_wconf 72' lang='lat' dir='ltr'><strong>fiet-or</strong></span> <span class='ocrx_word' id='word_1_327' title='bbox 1786 2345 1839 2395; x_wconf 86' lang='lat' dir='ltr'><strong>in</strong></span> <span class='ocrx_word' id='word_1_328' title='bbox 1869 2364 1976 2396; x_wconf 91' lang='lat' dir='ltr'><strong>uno</strong></span> <span class='ocrx_word' id='word_1_329' title='bbox 2004 2346 2180 2412; x_wconf 84' lang='lat' dir='ltr'><strong>Statii,</strong></span> <span class='ocrx_word' id='word_1_330' title='bbox 2206 2362 2280 2402; x_wconf 85' lang='lat' dir='ltr'><strong>te-</strong></span> 
     </span>
     <span class='ocr_line' id='line_1_58' title="bbox 1263 2424 2285 2496; baseline 0.009 -23"><span class='ocrx_word' id='word_1_331' title='bbox 1263 2434 1429 2474; x_wconf 79' lang='lat' dir='ltr'><strong>stante</strong></span> <span class='ocrx_word' id='word_1_332' title='bbox 1461 2440 1679 2495; x_wconf 84' lang='lat' dir='ltr'><strong>quoque</strong></span> <span class='ocrx_word' id='word_1_333' title='bbox 1707 2424 1899 2476; x_wconf 69' lang='lat' dir='ltr'><strong>vossio</strong></span> <span class='ocrx_word' id='word_1_334' title='bbox 1926 2464 1940 2488; x_wconf 92' lang='lat'>,</span> <span class='ocrx_word' id='word_1_335' title='bbox 1973 2427 2064 2496; x_wconf 87' lang='lat' dir='ltr'><strong>qui</strong></span> <span class='ocrx_word' id='word_1_336' title='bbox 2106 2428 2285 2483; x_wconf 76' lang='lat' dir='ltr'><strong>ulcere</strong></span> 
     </span>
     <span class='ocr_line' id='line_1_59' title="bbox 1263 2502 2284 2563; baseline 0.009 -10"><span class='ocrx_word' id='word_1_337' title='bbox 1263 2502 1538 2554; x_wconf 75' lang='lat' dir='ltr'><strong>insanabili</strong></span> <span class='ocrx_word' id='word_1_338' title='bbox 1591 2506 1735 2557; x_wconf 87' lang='lat' dir='ltr'><strong>hunc</strong></span> <span class='ocrx_word' id='word_1_339' title='bbox 1788 2524 1992 2557; x_wconf 78' lang='lat' dir='ltr'><strong>versum</strong></span> <span class='ocrx_word' id='word_1_340' title='bbox 2044 2509 2284 2563; x_wconf 77' lang='lat' dir='ltr'><strong>laborare</strong></span> 
     </span>
     <span class='ocr_line' id='line_1_60' title="bbox 1265 2584 2283 2657; baseline 0.01 -25"><span class='ocrx_word' id='word_1_341' title='bbox 1265 2595 1517 2635; x_wconf 85' lang='lat' dir='ltr'><strong>autumat.</strong></span> <span class='ocrx_word' id='word_1_342' title='bbox 1538 2585 1712 2653; x_wconf 74' lang='lat' dir='ltr'><strong>Agite!</strong></span> <span class='ocrx_word' id='word_1_343' title='bbox 1754 2584 1836 2636; x_wconf 81' lang='lat' dir='ltr'><strong>vel</strong></span> <span class='ocrx_word' id='word_1_344' title='bbox 1878 2586 2134 2657; x_wconf 85' lang='lat' dir='ltr'><strong>ejusmodi</strong></span> <span class='ocrx_word' id='word_1_345' title='bbox 2184 2591 2283 2642; x_wconf 88' lang='lat' dir='ltr'><strong>ali-</strong></span> 
     </span>
     <span class='ocr_line' id='line_1_61' title="bbox 1263 2660 2287 2736; baseline 0.012 -25"><span class='ocrx_word' id='word_1_346' title='bbox 1263 2660 1392 2731; x_wconf 86' lang='lat' dir='ltr'><strong>quid</strong></span> <span class='ocrx_word' id='word_1_347' title='bbox 1422 2661 1682 2716; x_wconf 81' lang='lat' dir='ltr'><strong>desiderat</strong></span> <span class='ocrx_word' id='word_1_348' title='bbox 1703 2664 2287 2736; x_wconf 78' lang='lat' dir='ltr'><strong>Cantabrig.—-Nostra</strong></span> 
     </span>
     <span class='ocr_line' id='line_1_62' title="bbox 1266 2742 2277 2817; baseline 0.011 -26"><span class='ocrx_word' id='word_1_349' title='bbox 1266 2743 1418 2792; x_wconf 86' lang='lat' dir='ltr'><strong>lectio</strong></span> <span class='ocrx_word' id='word_1_350' title='bbox 1448 2756 1717 2795; x_wconf 84' lang='lat' dir='ltr'><strong>auctorem</strong></span> <span class='ocrx_word' id='word_1_351' title='bbox 1743 2742 1904 2795; x_wconf 83' lang='lat' dir='ltr'><strong>habet</strong></span> <span class='ocrx_word' id='word_1_352' title='bbox 1928 2746 2244 2817; x_wconf 81' lang='lat' dir='ltr'><strong>Scaligerum</strong></span> <span class='ocrx_word' id='word_1_353' title='bbox 2263 2791 2277 2813; x_wconf 89' lang='lat'>‚</span> 
     </span>
     <span class='ocr_line' id='line_1_63' title="bbox 1265 2822 2283 2893; baseline 0.01 -22"><span class='ocrx_word' id='word_1_354' title='bbox 1265 2822 1358 2891; x_wconf 91' lang='lat' dir='ltr'><strong>qui</strong></span> <span class='ocrx_word' id='word_1_355' title='bbox 1387 2824 1441 2873; x_wconf 87' lang='lat' dir='ltr'><strong>in</strong></span> <span class='ocrx_word' id='word_1_356' title='bbox 1474 2823 1611 2873; x_wconf 82' lang='lat' dir='ltr'><strong>libro</strong></span> <span class='ocrx_word' id='word_1_357' title='bbox 1641 2841 1735 2874; x_wconf 87' lang='lat' dir='ltr'><strong>suo</strong></span> <span class='ocrx_word' id='word_1_358' title='bbox 1759 2836 1809 2874; x_wconf 88' lang='lat' dir='ltr'><strong>et</strong></span> <span class='ocrx_word' id='word_1_359' title='bbox 1837 2825 2021 2893; x_wconf 81' lang='lat' dir='ltr'><strong>priscis</strong></span> <span class='ocrx_word' id='word_1_360' title='bbox 2044 2827 2195 2880; x_wconf 87' lang='lat' dir='ltr'><strong>editt.</strong></span> <span class='ocrx_word' id='word_1_361' title='bbox 2230 2849 2283 2882; x_wconf 79' lang='lat' dir='ltr'><strong>se</strong></span> 
     </span>
     <span class='ocr_line' id='line_1_64' title="bbox 1267 2901 2279 2972; baseline 0.011 -21"><span class='ocrx_word' id='word_1_362' title='bbox 1267 2901 1523 2952; x_wconf 78' lang='lat' dir='ltr'><strong>iuvenisse</strong></span> <span class='ocrx_word' id='word_1_363' title='bbox 1556 2902 1627 2953; x_wconf 86' lang='lat' dir='ltr'><strong>ait</strong></span> <span class='ocrx_word' id='word_1_364' title='bbox 1655 2904 1748 2967; x_wconf 79' lang='lat' dir='ltr'><strong>suc</strong></span> <span class='ocrx_word' id='word_1_365' title='bbox 1784 2916 1838 2953; x_wconf 78' lang='lat' dir='ltr'><strong>ut</strong></span> <span class='ocrx_word' id='word_1_366' title='bbox 1872 2904 1994 2955; x_wconf 78' lang='lat' dir='ltr'><strong>hunc</strong></span> <span class='ocrx_word' id='word_1_367' title='bbox 2014 2908 2279 2972; x_wconf 78' lang='lat' dir='ltr'><strong>furoribus.</strong></span> 
     </span>
     <span class='ocr_line' id='line_1_65' title="bbox 1266 2978 2279 3054; baseline 0.004 -21"><span class='ocrx_word' id='word_1_368' title='bbox 1266 2980 1602 3033; x_wconf 84' lang='lat' dir='ltr'><strong>Werthesius</strong></span> <span class='ocrx_word' id='word_1_369' title='bbox 1629 2978 1776 3032; x_wconf 79' lang='lat' dir='ltr'><strong>(ledit</strong></span> <span class='ocrx_word' id='word_1_370' title='bbox 1802 2982 2024 3050; x_wconf 76' lang='lat' dir='ltr'><strong>Agedum</strong></span> <span class='ocrx_word' id='word_1_371' title='bbox 2048 3027 2062 3048; x_wconf 92' lang='lat'><em>‚</em></span> <span class='ocrx_word' id='word_1_372' title='bbox 2094 2990 2247 3051; x_wconf 78' lang='lat' dir='ltr'><strong>inquit</strong></span> <span class='ocrx_word' id='word_1_373' title='bbox 2263 3033 2279 3054; x_wconf 80' lang='lat'><em>,</em></span> 
     </span>
     <span class='ocr_line' id='line_1_66' title="bbox 1265 3061 2286 3135; baseline 0.01 -26"><span class='ocrx_word' id='word_1_374' title='bbox 1265 3078 1357 3127; x_wconf 73' lang='lat' dir='ltr'><strong>age</strong></span> <span class='ocrx_word' id='word_1_375' title='bbox 1384 3064 1531 3124; x_wconf 61' lang='lat' dir='ltr'><strong>ferox</strong></span> <span class='ocrx_word' id='word_1_376' title='bbox 1549 3101 1563 3122; x_wconf 91' lang='lat'><em>‚</em></span> <span class='ocrx_word' id='word_1_377' title='bbox 1618 3061 1740 3110; x_wconf 65' lang='lat' dir='ltr'><strong>lamec</strong></span> <span class='ocrx_word' id='word_1_378' title='bbox 1774 3063 1974 3130; x_wconf 77' lang='lat' dir='ltr'><strong>agedum</strong></span> <span class='ocrx_word' id='word_1_379' title='bbox 2023 3068 2286 3135; x_wconf 70' lang='lat' dir='ltr'><strong>aggredere</strong></span> 
     </span>
     <span class='ocr_line' id='line_1_67' title="bbox 1252 3143 1415 3205; baseline 0.025 -18"><span class='ocrx_word' id='word_1_380' title='bbox 1252 3143 1415 3205; x_wconf 70' lang='lat' dir='ltr'><strong>feros.</strong></span> 
     </span>
    </p>

    <p class='ocr_par' dir='ltr' id='par_1_10' title="bbox 1266 3220 2293 4019">
     <span class='ocr_line' id='line_1_68' title="bbox 1348 3220 2285 3294; baseline 0.01 -23"><span class='ocrx_word' id='word_1_381' title='bbox 1348 3239 1441 3289; x_wconf 87' lang='lat'><strong>79.</strong></span> <span class='ocrx_word' id='word_1_382' title='bbox 1493 3220 1690 3271; x_wconf 81' lang='lat' dir='ltr'><strong>Furoris</strong></span> <span class='ocrx_word' id='word_1_383' title='bbox 1736 3222 1849 3274; x_wconf 74' lang='lat' dir='ltr'><strong>ictu.</strong></span> <span class='ocrx_word' id='word_1_384' title='bbox 1894 3222 2015 3274; x_wconf 89' lang='lat' dir='ltr'><strong>Non</strong></span> <span class='ocrx_word' id='word_1_385' title='bbox 2060 3226 2285 3294; x_wconf 81' lang='lat' dir='ltr'><strong>graviter</strong></span> 
     </span>
     <span class='ocr_line' id='line_1_69' title="bbox 1266 3297 2284 3368; baseline 0.009 -17"><span class='ocrx_word' id='word_1_386' title='bbox 1266 3299 1387 3351; x_wconf 83' lang='lat' dir='ltr'><strong>satis</strong></span> <span class='ocrx_word' id='word_1_387' title='bbox 1416 3298 1617 3351; x_wconf 87' lang='lat' dir='ltr'><strong>dictum</strong></span> <span class='ocrx_word' id='word_1_388' title='bbox 1647 3297 1926 3353; x_wconf 81' lang='lat' dir='ltr'><strong>videbatur</strong></span> <span class='ocrx_word' id='word_1_389' title='bbox 1952 3305 2201 3368; x_wconf 74' lang='lat' dir='ltr'><strong>sut-oribus</strong></span> <span class='ocrx_word' id='word_1_390' title='bbox 2229 3308 2284 3360; x_wconf 86' lang='lat' dir='ltr'><strong>in</strong></span> 
     </span>
     <span class='ocr_line' id='line_1_70' title="bbox 1271 3376 2285 3452; baseline 0.009 -22"><span class='ocrx_word' id='word_1_391' title='bbox 1271 3398 1402 3432; x_wconf 76' lang='lat' dir='ltr'><strong>vers.</strong></span> <span class='ocrx_word' id='word_1_392' title='bbox 1449 3376 1684 3431; x_wconf 86' lang='lat' dir='ltr'><strong>anteced.</strong></span> <span class='ocrx_word' id='word_1_393' title='bbox 1721 3378 1870 3435; x_wconf 87' lang='lat' dir='ltr'><strong>addit</strong></span> <span class='ocrx_word' id='word_1_394' title='bbox 1911 3384 2068 3452; x_wconf 75' lang='lat' dir='ltr'><strong>igitur</strong></span> <span class='ocrx_word' id='word_1_395' title='bbox 2109 3388 2285 3447; x_wconf 77' lang='lat' dir='ltr'><strong>suroris</strong></span> 
     </span>
     <span class='ocr_line' id='line_1_71' title="bbox 1266 3458 2289 3521; baseline 0.011 -11"><span class='ocrx_word' id='word_1_396' title='bbox 1266 3463 1362 3510; x_wconf 80' lang='lat' dir='ltr'><strong>ictu</strong></span> <span class='ocrx_word' id='word_1_397' title='bbox 1386 3500 1398 3520; x_wconf 89' lang='lat'><em>,</em></span> <span class='ocrx_word' id='word_1_398' title='bbox 1431 3460 1481 3510; x_wconf 78' lang='lat' dir='ltr'><strong>h.</strong></span> <span class='ocrx_word' id='word_1_399' title='bbox 1524 3477 1568 3510; x_wconf 90' lang='lat' dir='ltr'><strong>e.</strong></span> <span class='ocrx_word' id='word_1_400' title='bbox 1604 3458 2060 3516; x_wconf 78' lang='lat' dir='ltr'><strong>vehementissimo</strong></span> <span class='ocrx_word' id='word_1_401' title='bbox 2097 3467 2289 3521; x_wconf 73' lang='lat' dir='ltr'><strong>furoris</strong></span> 
     </span>
     <span class='ocr_line' id='line_1_72' title="bbox 1269 3539 2289 3613; baseline 0.01 -24"><span class='ocrx_word' id='word_1_402' title='bbox 1269 3539 1496 3610; x_wconf 87' lang='lat' dir='ltr'><strong>impetu,</strong></span> <span class='ocrx_word' id='word_1_403' title='bbox 1520 3558 1722 3591; x_wconf 82' lang='lat' dir='ltr'><strong>summa</strong></span> <span class='ocrx_word' id='word_1_404' title='bbox 1756 3541 1950 3594; x_wconf 80' lang='lat' dir='ltr'><strong>furoris</strong></span> <span class='ocrx_word' id='word_1_405' title='bbox 1966 3544 2035 3595; x_wconf 87' lang='lat' dir='ltr'><strong>vi.</strong></span> <span class='ocrx_word' id='word_1_406' title='bbox 2067 3547 2181 3599; x_wconf 85' lang='lat' dir='ltr'><strong>Liv.</strong></span> <span class='ocrx_word' id='word_1_407' title='bbox 2219 3549 2289 3613; x_wconf 84' lang='lat' dir='ltr'><strong>V,</strong></span> 
     </span>
     <span class='ocr_line' id='line_1_73' title="bbox 1269 3619 2290 3695; baseline 0.01 -27"><span class='ocrx_word' id='word_1_408' title='bbox 1269 3636 1313 3668; x_wconf 83' lang='lat' dir='ltr'><strong>c.</strong></span> <span class='ocrx_word' id='word_1_409' title='bbox 1359 3636 1462 3670; x_wconf 81' lang='lat'><strong>21:</strong></span> <span class='ocrx_word' id='word_1_410' title='bbox 1500 3619 1649 3670; x_wconf 78' lang='lat' dir='ltr'><strong>Velut</strong></span> <span class='ocrx_word' id='word_1_411' title='bbox 1691 3623 1933 3687; x_wconf 68' lang='lat' dir='ltr'><strong>repentino</strong></span> <span class='ocrx_word' id='word_1_412' title='bbox 1982 3627 2065 3675; x_wconf 82' lang='lat' dir='ltr'><strong>icti</strong></span> <span class='ocrx_word' id='word_1_413' title='bbox 2099 3628 2290 3695; x_wconf 67' lang='lat' dir='ltr'><strong>surore.</strong></span> 
     </span>
     <span class='ocr_line' id='line_1_74' title="bbox 1270 3695 2287 3777; baseline 0.011 -28"><span class='ocrx_word' id='word_1_414' title='bbox 1270 3698 1354 3749; x_wconf 87' lang='lat' dir='ltr'><strong>Sic</strong></span> <span class='ocrx_word' id='word_1_415' title='bbox 1376 3698 1569 3768; x_wconf 79' lang='lat' dir='ltr'><strong>passim</strong></span> <span class='ocrx_word' id='word_1_416' title='bbox 1595 3698 1661 3750; x_wconf 86' lang='lat' dir='ltr'><strong>ad</strong></span> <span class='ocrx_word' id='word_1_417' title='bbox 1693 3718 1946 3753; x_wconf 74' lang='lat' dir='ltr'><strong>suminam</strong></span> <span class='ocrx_word' id='word_1_418' title='bbox 1976 3704 2084 3755; x_wconf 78' lang='lat' dir='ltr'><strong>vim</strong></span> <span class='ocrx_word' id='word_1_419' title='bbox 2119 3695 2287 3777; x_wconf 73' lang='lat' dir='ltr'><strong>expri-</strong></span> 
     </span>
     <span class='ocr_line' id='line_1_75' title="bbox 1270 3776 2293 3853; baseline 0.002 -25"><span class='ocrx_word' id='word_1_420' title='bbox 1270 3776 1518 3830; x_wconf 82' lang='lat' dir='ltr'><strong>mendam</strong></span> <span class='ocrx_word' id='word_1_421' title='bbox 1543 3798 1667 3830; x_wconf 81' lang='lat' dir='ltr'><strong>mens</strong></span> <span class='ocrx_word' id='word_1_422' title='bbox 1690 3785 1785 3831; x_wconf 78' lang='lat' dir='ltr'><strong>icta</strong></span> <span class='ocrx_word' id='word_1_423' title='bbox 1810 3781 1972 3831; x_wconf 82' lang='lat' dir='ltr'><strong>dolore</strong></span> <span class='ocrx_word' id='word_1_424' title='bbox 1988 3825 2003 3845; x_wconf 88' lang='lat'><em>,</em></span> <span class='ocrx_word' id='word_1_425' title='bbox 2036 3797 2186 3847; x_wconf 84' lang='lat' dir='ltr'><strong>metu,</strong></span> <span class='ocrx_word' id='word_1_426' title='bbox 2202 3789 2293 3853; x_wconf 73' lang='lat' dir='ltr'><strong>su.</strong></span> 
     </span>
     <span class='ocr_line' id='line_1_76' title="bbox 1272 3848 2287 3929; baseline 0.011 -22"><span class='ocrx_word' id='word_1_427' title='bbox 1272 3876 1378 3908; x_wconf 80' lang='lat' dir='ltr'><strong>rore</strong></span> <span class='ocrx_word' id='word_1_428' title='bbox 1396 3897 1409 3918; x_wconf 83' lang='lat'>‚</span> <span class='ocrx_word' id='word_1_429' title='bbox 1436 3858 1598 3915; x_wconf 81' lang='lat' dir='ltr'><strong>malis.</strong></span> <span class='ocrx_word' id='word_1_430' title='bbox 1625 3878 1724 3929; x_wconf 86' lang='lat' dir='ltr'><strong>pro</strong></span> <span class='ocrx_word' id='word_1_431' title='bbox 1745 3862 1964 3929; x_wconf 76' lang='lat' dir='ltr'><strong>perculsa</strong></span> <span class='ocrx_word' id='word_1_432' title='bbox 1980 3848 2189 3916; x_wconf 76' lang='lat' dir='ltr'><strong>dicitur.</strong></span> <span class='ocrx_word' id='word_1_433' title='bbox 2204 3867 2287 3918; x_wconf 80' lang='lat' dir='ltr'><strong>Cf.</strong></span> 
     </span>
     <span class='ocr_line' id='line_1_77' title="bbox 1275 3937 2289 4019; baseline 0.011 -31"><span class='ocrx_word' id='word_1_434' title='bbox 1275 3938 1578 3989; x_wconf 78' lang='lat' dir='ltr'><strong>Burmannus</strong></span> <span class='ocrx_word' id='word_1_435' title='bbox 1595 3937 1706 3990; x_wconf 89' lang='lat' dir='ltr'><strong>Sec.</strong></span> <span class='ocrx_word' id='word_1_436' title='bbox 1731 3938 1795 3990; x_wconf 80' lang='lat' dir='ltr'><strong>ad</strong></span> <span class='ocrx_word' id='word_1_437' title='bbox 1822 3942 2035 3994; x_wconf 80' lang='lat' dir='ltr'><strong>Anthol.</strong></span> <span class='ocrx_word' id='word_1_438' title='bbox 2057 3956 2091 3995; x_wconf 91' lang='lat' dir='ltr'><strong>t.</strong></span> <span class='ocrx_word' id='word_1_439' title='bbox 2121 3945 2201 4008; x_wconf 89' lang='lat'><strong>11,</strong></span> <span class='ocrx_word' id='word_1_440' title='bbox 2235 3966 2289 4019; x_wconf 89' lang='lat' dir='ltr'><strong>p.</strong></span> 
     </span>
    </p>

    <p class='ocr_par' dir='ltr' id='par_1_11' title="bbox 1278 4017 2301 4089">
     <span class='ocr_line' id='line_1_78' title="bbox 1278 4017 2301 4089; baseline 0.014 -25"><span class='ocrx_word' id='word_1_441' title='bbox 1278 4020 1350 4067; x_wconf 82' lang='grc'><strong>66</strong></span> <span class='ocrx_word' id='word_1_442' title='bbox 1370 4054 1383 4078; x_wconf 90' lang='grc'>,</span> <span class='ocrx_word' id='word_1_443' title='bbox 1405 4032 1455 4068; x_wconf 84' lang='lat' dir='ltr'><strong>et</strong></span> <span class='ocrx_word' id='word_1_444' title='bbox 1478 4019 1646 4070; x_wconf 76' lang='lat' dir='ltr'><strong>Heius.</strong></span> <span class='ocrx_word' id='word_1_445' title='bbox 1668 4017 1734 4069; x_wconf 82' lang='lat' dir='ltr'><strong>ad</strong></span> <span class='ocrx_word' id='word_1_446' title='bbox 1759 4020 1862 4070; x_wconf 83' lang='lat' dir='ltr'><strong>Ov.</strong></span> <span class='ocrx_word' id='word_1_447' title='bbox 1890 4020 2029 4073; x_wconf 72' lang='lat' dir='ltr'><strong>Post.</strong></span> <span class='ocrx_word' id='word_1_448' title='bbox 2052 4021 2134 4089; x_wconf 87' lang='lat'><strong>11,</strong></span> <span class='ocrx_word' id='word_1_449' title='bbox 2159 4026 2301 4081; x_wconf 64' lang='lat'><strong>818.</strong></span> 
     </span>
    </p>
   </div>
   <div class='ocr_carea' id='block_1_5' title="bbox 1361 4099 2297 4162">
    <p class='ocr_par' dir='ltr' id='par_1_12' title="bbox 1361 4099 2297 4162">
     <span class='ocr_line' id='line_1_79' title="bbox 1361 4099 2297 4162; baseline 0.01 -12"><span class='ocrx_word' id='word_1_450' title='bbox 1361 4101 1444 4150; x_wconf 84' lang='lat'><strong>80.</strong></span> <span class='ocrx_word' id='word_1_451' title='bbox 1479 4099 1643 4148; x_wconf 77' lang='lat' dir='ltr'><strong>Libere</strong></span> <span class='ocrx_word' id='word_1_452' title='bbox 1663 4102 1820 4162; x_wconf 81' lang='lat' dir='ltr'><strong>nimis,</strong></span> <span class='ocrx_word' id='word_1_453' title='bbox 1852 4101 1902 4151; x_wconf 84' lang='lat' dir='ltr'><strong>h.</strong></span> <span class='ocrx_word' id='word_1_454' title='bbox 1931 4119 1974 4153; x_wconf 88' lang='lat' dir='ltr'><strong>e.</strong></span> <span class='ocrx_word' id='word_1_455' title='bbox 2007 4103 2164 4156; x_wconf 81' lang='lat' dir='ltr'><strong>nimis</strong></span> <span class='ocrx_word' id='word_1_456' title='bbox 2201 4126 2297 4159; x_wconf 75' lang='lat' dir='ltr'><strong>au-</strong></span> 
     </span>
    </p>
   </div>
  </div>
 </body>
</html>
