2986 4935
662 426 801 498 190

1177 400 1719 469 C.VALER11
1778 397 2239 465 CATULLI

1072 538 1147 601 Io
1185 536 1442 625 Hymen
1480 534 1850 624 Hymenaee.
2689 563 2754 596 ,π

1283 641 1384 706 En
1425 637 1541 704 tibi
1578 638 1812 705 domus
1856 649 1931 702 ut
1974 650 2241 729 potenS,

1077 747 1163 813 Et
1196 745 1387 812 beata
1425 744 1545 809 viri
1586 744 1714 825 tui,

1081 853 1236 938 Quo
1282 849 1548 916 tibicine
1585 849 1855 927 serviat,

1082 952 1193 1039 (Io
1231 959 1487 1046 Hymen
1532 956 1882 1047 Hymenaee
1921 954 2014 1036 io,

1087 1065 1159 1128 Io
1199 1064 1457 1152 Hymen
1500 1051 1909 1151 Hymenaee.)
2694 1094 2764 1130 160

660 1315 668 1323 .
751 1270 874 1322 156.
902 1272 1081 1321 Domus
1102 1281 1155 1320 ut
1169 1280 1337 1338 patens
1357 1268 1534 1338 inepte
1553 1285 1679 1319 con-

668 1350 786 1421 jecit
815 1349 1055 1400 Heinsius
1078 1348 1130 1399 in
1163 1360 1272 1399 not.
1300 1345 1365 1398 ad
1400 1346 1682 1398 Camil.—

673 1432 854 1482 Damus
877 1440 1070 1498 potens,
1101 1427 1156 1480 h.
1180 1445 1224 1477 e.
1251 1425 1521 1477 nobilitate
1552 1443 1682 1496 prae·

671 1509 875 1579 pollens
893 1519 944 1558 et
962 1506 1175 1576 insignis
1194 1523 1207 1557 ε
1229 1505 1368 1555 beata
1384 1545 1397 1565 ,
1420 1504 1687 1574 opulenta,

673 1586 976 1639 divitiarum
997 1586 1147 1655 copia
1169 1583 1460 1635 abundans.

760 1685 781 1718 1
797 1665 887 1733 57.
921 1666 1005 1716 En
1029 1665 1168 1715 beata
1201 1662 1378 1714 Heius.
1408 1662 1461 1712 in
1486 1675 1596 1713 not.
1621 1659 1687 1712 ad

672 1744 863 1798 Catull-

765 1823 890 1876 158.
928 1822 1052 1888 Qua!
1084 1820 1172 1872 tibi
1199 1824 1298 1870 sine
1313 1818 1419 1888 fine
1448 1822 1539 1869 erit
1568 1816 1686 1868 Ald.

675 1901 819 1955 haud
856 1901 1023 1966 male,
1053 1911 1215 1970 puto,
1247 1896 1316 1950 ad
1347 1916 1550 1948 sensum
1585 1898 1692 1948 fere

677 1983 862 2034 bunc:
900 1998 1016 2049 qua:
1055 1977 1305 2033 continuo
1345 1990 1395 2028 et
1426 1974 1570 2028 haud
1611 1976 1691 2026 in-

677 2073 912 2130 terrupto
944 2078 1041 2109 usu
1083 2070 1189 2109 tam
1220 2055 1312 2108 diu
1352 2056 1402 2107 in
1444 2066 1691 2127 potestate

679 2152 768 2191 tua
793 2141 924 2201 erit,
953 2156 1119 2207 usque
1143 2135 1272 2187 dum
1290 2176 1304 2199 ‚
1332 2149 1428 2187 etc.
1454 2137 1579 2204 Qum
1608 2134 1692 2184 tibi

677 2222 780 2270 sine
795 2222 970 2269 servias
982 2219 1168 2267 Venet.
1184 2216 1376 2266 Muret.
1397 2213 1692 2281 Cantabrig.

680 2316 797 2367 quo
813 2295 1026 2368 quidem
1046 2295 1228 2359 lectio,
1243 2313 1306 2345 ex
1328 2293 1548 2344 Pontani
1568 2311 1695 2344 con-

677 2379 907 2447 jectura,
941 2392 1195 2444 perquam
1228 2373 1428 2439 elegans
1457 2385 1507 2422 et
1538 2389 1694 2440 quam

682 2455 922 2527 proxime
949 2451 1014 2505 ad
1036 2465 1261 2503 veterem
1285 2452 1592 2522 scripturam
1618 2469 1698 2501 ac-

683 2533 869 2591 cedere
926 2530 1135 2583 videtur
1176 2528 1365 2582 editori
1400 2530 1698 2600 Cantabrig.

684 2613 927 2664 Affirmat
964 2623 1136 2662 autem
1172 2609 1400 2678 Scaliger
1439 2609 1603 2660 MSC.
1651 2621 1701 2659 et

687 2692 926 2762 antiquas
950 2687 1112 2741 Editt.
1141 2687 1332 2739 habere
1359 2693 1458 2738 sine
1471 2686 1579 2754 fine
1604 2708 1700 2737 ser-

689 2776 782 2823 viet
815 2790 832 2821 .·
865 2769 991 2822 hinc
1026 2768 1081 2819 in
1120 2764 1244 2818 edit.
1282 2767 1489 2839 Gryph.
1524 2780 1703 2818 contra

690 2862 917 2905 metrum
952 2849 1138 2918 legitur
1176 2847 1300 2898 Fine
1334 2868 1438 2916 quae
1477 2845 1567 2898 tibi
1607 2852 1706 2896 sine

687 2933 876 2982 seruiat.
897 2960 975 2969 -—-
1005 2929 1120 2980 Sine
1136 2925 1242 2995 fine
1263 2931 1407 2977 seruit
1429 2928 1489 2978 L.
1515 2924 1626 2977 MS.
1656 2938 1707 2976 et

691 3009 818 3063 edit.
846 3009 908 3058 11.
939 3020 1062 3059 teste
1082 3005 1283 3056 editore
1314 3006 1611 3074 Cantabrig.
1629 3036 1704 3045 -—

692 3091 806 3145 Sine
825 3090 967 3140 servit
992 3087 1126 3139 liber
1150 3085 1328 3137 Mafsei
1353 3099 1404 3136 et
1427 3086 1500 3136 sic
1528 3085 1581 3135 in
1600 3083 1708 3154 ple-

693 3171 867 3240 risque
898 3166 1047 3217 MSS.
1080 3182 1186 3215 esse
1221 3178 1432 3216 testatur
1458 3166 1610 3217 voss.
1630 3193 1708 3204 --

694 3250 775 3300 Ex
814 3247 895 3297 his
928 3243 1219 3315 depravatis
1247 3244 1559 3295 lectionibus
1591 3242 1710 3294 fecit

695 3327 920 3394 Scaliger
943 3345 1049 3395 quw
1075 3322 1160 3372 tibi
1181 3342 1288 3372 sene
1306 3328 1470 3373 serviet
1485 3364 1502 3386 ‚
1529 3335 1586 3374 ut
1606 3341 1711 3371 sene

699 3409 942 3475 ἀρχαϊκῶς
968 3401 1165 3454 dictum
1189 3402 1253 3453 sit
1267 3421 1364 3470 pro
1377 3407 1490 3453 seni.
1512 3404 1578 3452 At
1600 3400 1710 3452 Sta-

698 3488 802 3538 tius
827 3494 987 3536 tentat
1011 3502 1115 3552 quae
1142 3484 1240 3531 sem*
1263 3481 1347 3531 tihi
1367 3487 1533 3532 serviet
1550 3520 1563 3542 ,
1589 3500 1711 3549 pro·

699 3566 855 3617 hante
887 3561 1176 3612 Brouckhus.
1214 3559 1279 3612 ad
1320 3561 1516 3612 Tibull.
1551 3561 1605 3622 l,
1652 3578 1714 3628 7,

704 3647 805 3707 88,
829 3639 919 3693 sed
938 3654 1157 3709 utraque
1178 3639 1329 3691 lectio
1357 3641 1445 3691 vix
1474 3639 1583 3689 ullo
1602 3657 1712 3689 mo-

702 3722 774 3778 do
813 3721 934 3774 ferri
969 3732 1135 3789 potest
1171 3720 1243 3769 ob
1277 3720 1543 3787 sequentia
1575 3737 1717 3780 usque

701 3805 812 3855 dum
836 3799 1079 3852 tremulum
1096 3838 1110 3858 ‚
1137 3810 1233 3850 etc.
1248 3834 1265 3855 ..
1290 3798 1407 3866 quis
1424 3798 1566 3848 enim
1584 3797 1716 3847 bene

703 3883 843 3935 dicat
869 3899 974 3949 quae
1002 3878 1089 3927 tilu‘
1115 3882 1280 3926 serviet
1307 3880 1407 3929 seni
1435 3896 1577 3946 usque
1607 3875 1717 3927 dua

705 3983 845 4013 sema·
884 3965 973 4009 es?
1013 3955 1250 4008 Excussis
1285 3955 1560 4019 omnibu5‚
1604 3974 1718 4025 quae

706 4061 733 4093 a
769 4038 894 4091 viris
931 4035 1099 4087 doctis
1142 4034 1194 4084 in
1236 4032 1467 4085 medium
1508 4035 1718 4104 prolate

1770 1278 1886 1318 sunt
1908 1304 1926 1331 ‚
1978 1266 2415 1318 emendationibus
2439 1307 2455 1331 ,
2502 1286 2616 1337 prae
2672 1288 2766 1323 οω-

1771 1346 1894 1397 teris
1933 1347 2135 1416 elegans
2163 1360 2212 1398 et
2238 1346 2445 1398 oratimi
2474 1365 2769 1400 accommo-

1773 1423 1890 1476 data
1911 1425 2039 1476 mihi
2059 1426 2163 1476 visa
2184 1438 2257 1476 est
2273 1438 2552 1493 conectura
2571 1428 2769 1491 vossii,

1773 1503 1839 1556 ad
1889 1506 2073 1556 veteris
2112 1504 2372 1573 scripturn
2402 1503 2622 1557 ductum
2662 1528 2769 1579 quae

1777 1583 1865 1634 tihi
1887 1586 1988 1634 sine
2017 1589 2157 1634 servit
2185 1583 2494 1635 rescrikemis
2523 1586 2637 1651 Quo
2668 1590 2771 1637 tihi-

1776 1666 1878 1713 εἰπε
1903 1667 2075 1712 serviae
2092 1700 2108 1724 ‚
2138 1681 2293 1732 quam
2318 1663 2514 1714 intanta
2534 1663 2773 1718 lectionis

1776 1741 2109 1810 ambiguitate
2136 1755 2186 1793 et
2208 1741 2530 1793 inconatantia
2549 1742 2773 1798 fidenter

1778 1835 1898 1871 cum
1931 1821 2129 1889 Vulpio
2162 1822 2211 1871 in
2246 1832 2423 1871 texttm
2457 1823 2652 1892 recepi.
2696 1858 2773 1867 --

1779 1899 1913 1951 Mihi
1935 1898 2147 1969 quidem
2166 1899 2475 1952 succurrebat
2492 1898 2770 1971 legendum

1780 1978 1991 2029 fortasse
2014 1997 2119 2029 esse
2141 1980 2264 2046 (hue
2283 1978 2482 2029 {lbibene
2497 1987 2686 2033 sewiat.
2698 2013 2771 2023 ·-

1784 2058 1895 2124 Quo
1931 2057 2116 2108 tibicine
2144 2061 2334 2110 serviat.
2360 2057 2471 2110 Hoc
2514 2071 2622 2124 est,
2670 2078 2773 2131 quo

1781 2136 1927 2206 quasi
1972 2137 2140 2189 fulcro
2181 2136 2362 2188 domus
2389 2138 2559 2189 nitens
2600 2153 2774 2209 pax-ent

1781 2215 1878 2267 tibi
1901 2214 2127 2267 dominae
2150 2229 2200 2268 et
2218 2215 2597 2282 man-familias,
2616 2237 2776 2289 usque

1783 2287 1855 2362 (v.
1898 2286 2031 2360 161)
2061 2294 2218 2360 dum,
2252 2307 2436 2347 etc.—
2468 2295 2667 2348 Tibicen
2694 2297 2773 2358 (h.

1785 2392 1830 2424 e.
1865 2374 2137 2436 columna,
2169 2374 2252 2426 cui
2286 2372 2453 2426 donus
2482 2367 2776 2442 incumbit)

1785 2450 1969 2505 eodem
1990 2451 2151 2505 modo
2169 2466 2228 2506 ut
2232 2455 2422 2520 fidetem
2439 2454 2525 2506 vel
2545 2456 2774 2517 columen,

1787 2533 2087 2584 translatum
2121 2532 2287 2586 videri
2324 2532 2457 2586 debet
2482 2534 2551 2586 ad
2584 2555 2703 2599 eos,
2726 2536 2777 2587 in

1788 2612 1978 2681 quibus
1995 2630 2194 2664 summa
2214 2612 2287 2664 rei
2307 2613 2519 2665 vertitur.
2538 2613 2631 2667 Sic
2650 2615 2781 2667 infra

1788 2691 1985 2754 LXIV,
2008 2695 2101 2755 26,
2118 2692 2301 2744 Peleus
2313 2705 2504 2744 vocatur
2525 2693 2781 2745 Thessalice

1790 2771 1998 2821 columen
2013 2810 2026 2830 ,
2050 2770 2137 2821 ubi
2164 2772 2314 2841 plura
2337 2784 2383 2822 te
2405 2771 2501 2823 hac
2519 2772 2784 2826 locutione

1792 2847 2034 2901 dabimus
2053 2850 2106 2900 in
2127 2850 2280 2902 notis.
2296 2882 2354 2891 —-
2370 2850 2591 2922 Egregie
2611 2866 2779 2904 autem

1793 2942 1844 2980 et
1870 2947 1990 2980 vere
2019 2929 2262 2992 maritus,
2295 2929 2454 2999 inquo
2491 2928 2582 2992 (ut
2616 2930 2787 2983 verbis

1795 3020 1910 3060 utar
1924 3008 2134 3077 virgini
2152 3007 2339 3060 AEneid
2355 3008 2457 3059 ΧΠ
2475 3047 2490 3071 ,
2514 3001 2619 3078 59)
2641 3015 2785 3061 omnis

1793 3085 1956 3137 domus
2004 3089 2232 3137 inclinata
2269 3088 2494 3150 reambit,
2540 3090 2786 3140 columen

1795 3166 1878 3217 vel
1905 3166 2099 3218 tibicen
2129 3167 2578 3220 famillaevocatur.
2614 3200 2689 3211 -
2726 3168 2788 3219 In

1796 3246 1912 3297 MS.
1938 3247 2147 3297 invenio
2171 3265 2277 3319 φατι·
2295 3249 2362 3299 tivi
2373 3249 2473 3297 siae
2486 3252 2635 3298 servit
2653 3262 2785 3299 corr.

1796 3326 1953 3376 altera
1976 3342 2134 3377 manu
2155 3330 2337 3377 sen-iet·
2358 3324 2501 3378 unde
2516 3326 2662 3379 bunc
2677 3344 2795 3376 sen·

1797 3421 1910 3453 sum
1945 3403 2126 3455 elicio:
2158 3425 2266 3476 quae
2303 3406 2366 3457 ebe·
2381 3446 2394 3467 ,
2430 3410 2532 3457 sine
2550 3447 2565 3467 ,
2607 3409 2790 3457 sert-iet.

1799 3481 1913 3533 Sine
1940 3483 1974 3534 i.
2005 3501 2049 3534 e.
2079 3483 2239 3535 modo
2270 3485 2403 3546 sins,
2431 3483 2596 3538 modo
2624 3503 2717 3556 per
2745 3496 2794 3535 te

1802 3561 1967 3612 liceat.
1988 3562 2172 3613 Lectio
2198 3565 2343 3615 Vossl
2373 3562 2528 3616 docta
2558 3563 2688 3616 mihi
2714 3563 2795 3613 vi-

1803 3639 1973 3705 detur,
2009 3655 2059 3692 at
2104 3642 2281 3710 paullo
2330 3642 2561 3695 udacior.
2606 3641 2797 3693 Malim

1804 3737 2019 3789 quoque
2037 3728 2108 3770 est
2128 3734 2293 3789 potens
2322 3741 2459 3792 {uam
2490 3735 2559 3775 ut.
2585 3721 2671 3773 Sic
2702 3720 2802 3772 Ti-

1807 3798 1933 3850 buu.
1972 3800 2070 3860 IV,
2095 3806 2162 3863 6,
2200 3802 2228 3854 3
2253 3819 2267 3852 ε
2304 3814 2434 3853 ntota
2464 3802 2561 3854 tibi
2586 3812 2663 3851 est
2698 3800 2802 3850 ho-

1806 3878 1919 3941 die,
1943 3904 1964 3923 ι-
1993 3892 2116 3940 etc..
2140 3899 2236 3949 pro
2271 3893 2393 3932 «ota
2426 3893 2512 3931 tua
2537 3892 2624 3931 est.
2646 3890 2674 3910 ¹·
2714 3878 2809 3929 Sic

1804 3956 1976 4008 omnis
1995 3959 2161 4009 oratio
2184 3960 2441 4023 luculente,
2460 3959 2597 4010 nulla
2614 3958 2811 4009 reflexa

1808 4054 1952 4097 voce,
1977 4036 2117 4089 fluet.
2138 4038 2216 4090 En
2244 4037 2368 4091 don.
2387 4052 2491 4109 pot.
2521 4048 2589 4088 et.
2614 4036 2676 4088 b.
2706 4037 2814 4087 viri
