2986 4935
817 427 1266 496 CARMEN
1320 428 1695 495 XXXIX.

2182 454 2323 526 129

391 563 627 656 Neque
672 557 1038 654 elegantem
1058 614 1077 646 ,
1109 574 1186 628 ut
1220 560 1543 645 arbitror,
1581 585 1795 654 neque
1829 561 2182 632 urbanum.

392 671 621 758 Quare
665 666 1037 735 monendus
1074 693 1144 735 es
1187 667 1384 748 mihi,
1417 668 1592 734 bone
1628 668 1904 761 Egnati3

393 777 463 843 Si
492 774 788 843 urbanus
824 798 1031 858 esseS,
1066 787 1180 840 aut
1218 772 1540 857 Sabinm,
1579 787 1695 840 aut
1725 775 2001 863 Tiburs,

397 886 531 950 Aut
571 893 800 974 pastus
838 881 1129 964 Umber,
1170 893 1284 946 aut
1324 880 1564 948 obesus
1598 882 1953 968 EtruscuS,

397 992 532 1055 Aut
565 987 953 1055 Lanuvinus
996 1000 1139 1052 ater
1180 1000 1377 1079 atque
1414 984 1756 1072 dentatuS,

395 1099 528 1162 Aut
566 1091 1114 1185 Transpadanus,
1150 1105 1227 1159 ut
1270 1116 1452 1159 meos
1489 1117 1754 1185 quoque
1789 1095 2145 1190 attingam,

395 1206 532 1268 Aut
566 1197 873 1293 quilibet,
907 1199 1019 1291 qui
1063 1199 1318 1291 puriter
1359 1196 1520 1265 lavit
1562 1197 1821 1283 dentes;

395 1309 648 1374 Tamen
692 1303 993 1372 renidere
1027 1328 1498 1397 usquequaque
1538 1319 1599 1373 te
1635 1303 1915 1392 nollem;
2279 1342 2323 1379 ,ς

397 1415 573 1481 Nam
620 1413 758 1479 risu
798 1413 1026 1504 inepto
1073 1435 1178 1479 res
1212 1411 1502 1503 ineptior
1545 1409 1723 1479 nulla
1764 1428 1882 1482 est.

394 1522 594 1588 Nunc
638 1516 931 1586 Celtiber
972 1541 1042 1585 es
1078 1542 1094 1584 ε
1132 1515 1488 1585 Celtiberia
1533 1518 1598 1583 in
1637 1532 1811 1587 terra
1834 1572 1853 1605 ,

171 1717 373 1788 passim
407 1713 478 1769 de
504 1714 635 1767 vitio
666 1712 828 1766 animi
856 1714 940 1765 vel
975 1712 1207 1777 insania;

171 1799 299 1850 Ter.
321 1794 576 1848 Eunuch.
600 1793 673 1857 11,
705 1811 754 1857 1,
782 1811 871 1862 19.
890 1793 1007 1845 Alia
1028 1812 1206 1845 exem·

171 1879 258 1948 pla
300 1875 457 1928 dabit
498 1875 648 1927 Cort.
691 1871 756 1924 ad
798 1873 1006 1926 Sallust.
1048 1874 1205 1926 Catil.

170 1956 459 2018 XXXVI,
492 1974 548 2026 p.
588 1951 718 2006 223.
757 1953 845 2005 Sic
885 1953 1023 2012 νόσος
1062 1950 1208 2023 apud

171 2037 411 2090 Grecos.
445 2034 528 2086 Cf.
550 2034 756 2085 Victor.
775 2033 844 2085 V.
871 2033 932 2083 L.
953 2034 1009 2099 I,
1037 2040 1104 2096 14
1120 2073 1134 2097 ,
1155 2045 1208 2085 et

168 2117 375 2169 Triller
398 2115 527 2167 obs.
554 2112 736 2164 Critic.
760 2131 814 2183 p.
844 2111 976 2182 377.

249 2216 308 2266 9.
349 2195 520 2264 Quare
543 2192 797 2244 monendus
819 2203 891 2243 est
915 2193 1048 2244 mihi.
1070 2191 1207 2242 Bone

170 2277 392 2346 Egnati,
419 2271 825 2346 pauci.Vossius
845 2271 970 2341 legit
988 2269 1206 2342 quidem

167 2376 216 2407 es
228 2396 247 2420 ,
279 2353 380 2407 sed
405 2352 736 2422 interpungit
760 2364 879 2421 post
903 2352 1034 2402 mclu'.

255 2453 345 2488 ιο.
371 2433 451 2497 Si,
473 2431 701 2495 etiamsi,
724 2432 862 2483 licet.
882 2430 1007 2484 vid.
1029 2431 1202 2484 Graev,

167 2512 237 2568 ad
262 2516 444 2569 Cicer.
471 2513 639 2583 Epist.
660 2510 731 2564 ad
753 2512 793 2563 F
797 2512 937 2564 amil.
961 2512 1087 2574 XII,
1115 2529 1136 2562 1
1156 2530 1205 2573 1,

167 2592 620 2649 Drackenborch.
663 2589 729 2642 ad
773 2591 888 2642 Liv.
939 2591 1201 2651 XXXIII,

171 2683 243 2745 49
261 2717 278 2739 ‚
312 2675 385 2727 T.
428 2673 530 2739 IV,
564 2692 620 2743 p.
666 2672 798 2741 758.
839 2703 919 2712 —
964 2672 1201 2729 Urbanus,

165 2756 222 2809 h.
249 2776 301 2809 e.
336 2756 606 2806 Romanus.
637 2749 723 2803 Sic
752 2751 960 2802 urbanus
987 2770 1085 2821 pro
1115 2751 1207 2800 Ro-

168 2856 314 2887 mano
335 2833 543 2888 dicitur
563 2831 676 2885 Cic.
699 2831 850 2882 Brut.
879 2835 951 2892 46
970 2869 985 2894 ,
1013 2842 1071 2882 ut
1095 2831 1203 2880 urbs

165 2915 462 2987 sepissime
485 2931 586 2983 pro
613 2911 783 2962 Roma.
806 2907 933 2962 Vid.
959 2909 1107 2962 Cort.
1137 2907 1203 2961 ad

166 2996 385 3048 Sallust.
425 2992 480 3043 in
513 2991 668 3045 Catil.
699 2991 834 3053 LII,
872 3009 925 3059 p.
963 2988 1094 3042 333.
1124 3020 1204 3029 —

166 3076 436 3129 Reoenset
459 3073 572 3141 jam
609 3071 769 3123 Poeta
807 3070 1009 3120 nobiles
1047 3088 1204 3140 quos·

166 3153 296 3207 dam
319 3152 498 3207 Italian
522 3149 749 3221 populos
765 3188 781 3213 ,
806 3168 834 3200 a
860 3149 994 3200 bona
1014 3168 1203 3219 corpo-

165 3236 243 3287 ris
279 3229 606 3287 habitudine
634 3242 687 3281 et
722 3230 951 3300 puritate
986 3227 1204 3281 laudan-

163 3312 352 3447 doeit.
391 3392 578 3444 Pastas
621 3388 797 3441 Umber·
831 3384 917 3449 [ex
957 3385 1207 3439 emenda-

167 3474 321 3526 tione
335 3471 538 3523 vossii.
562 3470 616 3523 h.
637 3487 683 3520 e.
707 3467 949 3539 pinguis,
972 3468 1105 3519 bene
1128 3486 1207 3518 sa·

164 3555 416 3625 ginatus,
457 3551 594 3602 bene
619 3561 798 3601 curata
828 3559 947 3599 rute
977 3547 1204 3616 πιμιλής.

167 3635 257 3687 Cf.
267 3630 518 3683 vossius.
535 3661 618 3670 ——
631 3629 816 3679 Parcus
838 3627 1012 3678 Umber
1028 3625 1083 3678 in
1104 3627 1208 3696 ple·

162 3713 354 3783 risque
369 3721 503 3761 vett.
523 3706 670 3760 unde
689 3707 815 3760 fecit
832 3706 1017 3776 scalig.
1032 3725 1206 3775 porcus

169 3794 387 3855 Umber,
418 3806 582 3860 quem
608 3787 845 3858 sequitur
865 3786 1079 3857 Bipont.
1111 3804 1206 3855 pa·

162 3890 291 3924 rum
340 3880 488 3923 recte
508 3868 522 3919 l
569 3866 744 3919 noluit
785 3866 927 3918 enim
969 3865 1209 3918 Catullus

162 3952 416 4004 Umbros
435 3945 644 4009 ridere,
668 3944 758 3999 sed
789 3947 965 4016 potius
992 3942 1206 3997 laudare

162 4030 484 4082 succulenta
562 4026 897 4078 Umbrorum
959 4043 1206 4095 corpora.

164 4110 275 4163 Pro
311 4108 571 4169 Parthus,
605 4103 754 4177 quod
784 4106 1055 4158 invenerat
1091 4104 1204 4156 Me-

1298 1713 1496 1784 leager,
1526 1713 1650 1785 legit
1663 1716 1831 1781 sar-tus
1845 1718 2124 1787 -pinguis
2154 1719 2330 1771 Umber·

1296 1793 1532 1863 quidam.
1562 1825 1638 1834 ——
1673 1795 1857 1847 Obesus
1893 1798 2131 1849 Etruscus
2171 1818 2200 1850 e
2236 1819 2328 1853 co·

1296 1873 1476 1941 pionis,
1500 1877 1654 1943 inquit
1678 1875 1915 1938 Muretus,
1942 1877 2327 1948 frequentibus·

1295 1971 1398 2021 que
1421 1953 1799 2006 sacrificiorum
1823 1957 2017 2023 epulis,
2043 1959 2238 2027 quibus
2263 1978 2325 2013 ea

1293 2050 1421 2101 gens
1470 2033 1764 2103 plurimum
1811 2033 1992 2087 dedita
2038 2038 2193 2089 fuisse
2237 2037 2323 2092 di-

1296 2125 1454 2163 citur.

1384 2210 1404 2243 1
1422 2211 1471 2241 2.
1533 2193 1803 2243 Lanuvinus
1850 2206 1968 2246 ater.
2020 2196 2323 2251 Lanuvium

1295 2270 1395 2322 fuit
1419 2270 1680 2341 oppidum
1708 2272 1843 2324 Latii
1870 2288 1922 2325 et
1949 2276 2321 2347 municipium,

1293 2352 1438 2402 cultu
1468 2351 1501 2401 J
1506 2352 1695 2402 unonis
1733 2352 1953 2423 Sospitae
1988 2356 2209 2408 celebre.
2238 2389 2321 2399 --

1295 2432 1569 2483 Lanuvinus
1592 2452 1730 2497 acer,
1764 2434 1817 2484 in
1847 2434 2161 2504 quibusdam
2188 2449 2318 2491 vett.

1384 2512 1470 2563 13.
1524 2513 1591 2563 Ut
1627 2532 1749 2563 meos
1782 2534 1921 2585 qecoq.
1962 2522 2140 2584 atting.
2178 2518 2314 2570 Nam

1296 2592 1506 2641 Verona
1536 2593 1769 2662 pertinet
1804 2592 1869 2644 ad
1909 2596 2112 2647 Italiam
2151 2610 2319 2650 trans-

1291 2669 1569 2741 padanam.

1381 2757 1460 2812 πά.
1484 2752 1665 2803 Levita
1684 2753 1854 2815 lavere,
1875 2752 2020 2823 quod
2039 2754 2179 2823 apud
2196 2757 2319 2809 Vir-

1291 2830 1506 2900 gilium,
1536 2831 1813 2883 Horatium
1836 2845 1887 2883 et
1910 2833 2038 2885 alios
2062 2838 2315 2890 occurrit.

1378 2927 1398 2960 1
1412 2912 1461 2960 6.
1505 2910 1636 2961 Nam
1671 2915 1770 2961 risu
1812 2916 1968 2980 inepto
2007 2933 2075 2962 res
2112 2919 2320 2985 ineptior

1290 2990 1424 3040 nulla
1456 3001 1543 3041 est.
1582 2992 1876 3060 Antiquam
1923 3004 1975 3043 et
2011 3011 2197 3045 verum
2240 2996 2321 3050 di·

1292 3081 1453 3120 ctum.
1485 3069 1573 3121 Sic
1604 3071 1656 3120 iu
1693 3069 1968 3122 Gnomicis
1996 3091 2047 3124 v.
2085 3072 2154 3124 83
2174 3114 2189 3138 ,
2217 3077 2312 3141 84,

1291 3167 1344 3218 p.
1379 3155 1510 3211 2225,
1536 3148 1664 3201 edit.
1688 3150 1959 3201 Brunck.:

1294 3230 1453 3287 Γέλως
1476 3229 1673 3299 ἄκαιρος
1693 3232 1738 3281 ἐν
1766 3232 1953 3298 βροτοῖς
1972 3225 2128 3284 ὃιινὸν
2146 3236 2316 3287 κακόν.

1295 3311 1423 3375 Γιλᾴ
1446 3304 1499 3359 δ’
1522 3312 1545 3363 ὁ
1566 3317 1720 3379 μῶρος
1735 3347 1751 3373 ,
1773 3311 1864 3360 κᾶν
1892 3331 1939 3362 τι
1968 3312 2035 3379 μὴ
2059 3316 2240 3381 γελοῖον
2262 3313 2315 3383 ἦ.

1382 3406 1466 3456 ¹7·
1502 3390 1646 3440 Num·
1690 3389 1925 3453 Celtiber,
1955 3393 2186 3462 populus
2216 3396 2315 3447 Hi-

1294 3468 1487 3536 spaniae
1500 3469 1924 3520 Tarraconensis.
1947 3470 2204 3524 Celtiberia
2220 3490 2319 3527 ter·

1294 3565 1351 3596 ra
1379 3544 1584 3599 dictum
1615 3560 1674 3600 ut
1699 3560 1825 3599 terra
1846 3551 2044 3614 Africa,
2071 3563 2202 3604 terra
2220 3557 2322 3608 Hi-

1293 3631 1491 3696 spania,
1534 3639 1658 3677 terra
1681 3628 1968 3697 Campania.
2000 3630 2127 3684 Vid.
2147 3635 2316 3706 Vulp.

1295 3705 1361 3757 ad
1404 3707 1607 3758 Tibull.
1645 3709 1699 3768 1,
1745 3727 1805 3775 9,
1836 3709 1931 3773 33,
1964 3722 2016 3760 et
2041 3712 2165 3764 VV.
2200 3717 2316 3769 DD.

1295 3804 1427 3856 quos
1451 3787 1587 3837 bene
1615 3788 1807 3840 multos
1830 3789 1885 3839 in
1911 3789 2049 3840 hanc
2067 3810 2180 3842 rem
2207 3795 2319 3847 lau-

1297 3864 1442 3918 davit
1485 3867 1921 3920 Drackenborch.
1967 3866 2033 3920 ad
2071 3870 2164 3923 Sil.
2200 3875 2320 3928 Ital.

1296 3945 1459 4006 XVI,
1504 3948 1626 3999 180.
1679 3946 1763 3999 Cf.
1812 3947 2058 4000 eumdem
2104 3949 2173 4002 ad
2210 3954 2329 4009 Liv.

1295 4024 1472 4085 XXV,
1499 4044 1550 4094 7,
1568 4026 1724 4077 Tom.
1746 4028 1848 4091 111,
1868 4046 1920 4096 p.
1944 4028 2079 4096 956.
2094 4033 2329 4086 —Nunc

1301 4102 1581 4168 Celtiber-us,
1609 4106 1866 4158 Celtiberia
1887 4110 1935 4158 in
1955 4118 2083 4158 terra
2098 4111 2181 4164 vel
2204 4133 2329 4166 manc

1968 4237 2016 4308 9
