2986 4935
834 484 1290 551 CARMEN
1350 485 1710 552 LXXVI.

2196 486 2342 561 355

297 617 417 699 Et,
457 615 579 682 Dis
626 616 877 697 invitis,
916 614 1154 683 desinis
1192 641 1332 684 esse
1373 615 1615 683 miser?

191 720 482 790 Difficile
525 736 626 789 est
671 720 941 814 longum
983 721 1202 790 subito
1238 721 1575 817 deponere
1618 748 1954 805 amorem;

297 826 589 896 Difficile
626 843 770 895 est:
804 853 1038 896 verum
1087 829 1217 897 hoc
1261 827 1579 924 qualubet
1617 829 1878 902 efficias,

190 936 349 1001 Una
390 935 564 1003 salus
606 935 747 1003 haec
789 950 927 1021 est,
965 935 1096 1004 hoc
1142 952 1237 1005 est
1285 936 1403 1005 tibi
1442 938 1984 1030 pei-vincendum.
2295 966 2342 1002 ,ε

297 1044 444 1110 Hoc
482 1041 718 1128 facieS,
757 1043 895 1111 sive
932 1042 997 1111 id
1032 1069 1166 1111 non
1203 1057 1394 1138 pote,
1428 1045 1564 1111 sive
1603 1058 1778 1137 pote.

186 1150 254 1210 Ο
288 1148 407 1231 Di,
440 1149 492 1215 si
525 1165 824 1218 vostrum
857 1164 958 1218 est
990 1151 1317 1234 misereri,
1352 1166 1468 1218 aut
1500 1151 1552 1217 si
1584 1151 1825 1244 quibus
1865 1176 2152 1246 unquam

296 1257 612 1324 Extrema
638 1257 774 1349 jam
823 1259 964 1351 ipsa
1009 1259 1075 1324 in
1121 1272 1337 1324 morte
1385 1253 1624 1325 tulistis
1667 1283 1898 1351 opem;

186 1361 304 1428 Me
338 1363 653 1430 miserum
688 1363 1040 1457 adspicite,
1077 1379 1142 1431 et
1181 1366 1234 1431 si
1271 1366 1472 1432 vitam
1519 1365 1773 1457 puriter
1812 1367 1949 1459 egi,

293 1471 550 1563 Eripite
588 1470 762 1537 hanc
799 1485 1050 1563 pestem
1088 1471 1581 1564 perniciemque
1617 1471 1812 1553 mihi,
2293 1518 2340 1542 ,η

182 1670 333 1743 apud
351 1670 997 1742 Vulpium32ddeTe1-ent.
1016 1673 1212 1741 Hecyr.

185 1753 295 1815 111,
326 1752 354 1805 5
373 1791 387 1817 ,
419 1760 470 1815 4.
495 1751 700 1804 Eodem
727 1750 889 1804 modo
917 1750 1113 1805 dicitur
1136 1753 1216 1802 ob-

181 1832 363 1884 durare
405 1850 563 1903 supra
606 1833 782 1884 Carm.
807 1834 945 1884 VIII
963 1872 980 1898 ,
1020 1852 1041 1884 1
1062 1852 1107 1884 1.
1136 1864 1213 1874 —

182 1912 431 1965 Imitatus
488 1926 565 1965 est
613 1912 869 1965 Nostrum
900 1951 915 1978 ,
958 1926 1017 1965 ut
1066 1925 1214 1964 notat

183 1993 449 2064 Vulpius,
490 1990 654 2045 Ovid.
680 1993 893 2046 Metam.
917 1993 1028 2057 IX,
1060 1999 1171 2061 744
1197 2012 1210 2045 ε

188 2100 211 2119 ι
233 2072 385 2136 Quin
414 2074 650 2125 animum
680 2072 890 2136 firmas,
917 2084 1074 2143 teque
1102 2073 1211 2142 ipsa

181 2152 475 2223 recolligis,
500 2152 650 2224 Iphi,
676 2153 1004 2223 Consiliique
1027 2152 1212 2223 inopes

181 2246 237 2285 et
257 2233 448 2285 stultos
466 2232 665 2285 excutis
679 2233 844 2304 ignes.
858 2232 912 2283 Ρ»
934 2263 1013 2272 --
1031 2233 1206 2303 Usque,

177 2314 235 2363 in
266 2325 590 2384 perpetuum
610 2353 622 2373 ,
665 2326 724 2365 ut
764 2331 1037 2382 nunquam
1068 2313 1209 2364 illam

180 2411 395 2445 revisas.

275 2490 362 2526 ια.
381 2475 476 2525 Dis
505 2477 682 2537 invitis,
708 2474 834 2525 licet
859 2487 1043 2525 contra
1069 2475 1209 2525 Deo-

180 2571 306 2605 rum
334 2554 664 2606 voluntatem
690 2554 795 2606 hoc
825 2573 851 2604 a
881 2566 931 2605 te
957 2553 1207 2625 suscipia-

183 2644 276 2686 tur
291 2634 601 2697 consilium;
622 2653 744 2686 nam
762 2635 946 2686 Venus
966 2646 1017 2684 et
1043 2637 1210 2686 Amor

182 2713 275 2765 Dii
305 2727 430 2767 sunt
463 2715 763 2786 χαιρόκακοι.
806 2713 922 2766 Nisi
957 2714 1076 2784 quis
1099 2715 1208 2764 Diis

184 2795 348 2845 Invitis
380 2796 640 2864 explicare
678 2795 826 2846 malit
859 2812 871 2845 :
906 2798 1121 2846 miserum
1164 2809 1207 2846 te

183 2893 286 2924 esse
320 2875 601 2927 nolentibus.
628 2908 708 2917 —
732 2875 933 2927 Neutra
952 2914 967 2939 ,
996 2888 1052 2926 ut
1089 2877 1205 2945 opi-

184 2972 315 3018 nor,
346 2955 718 3025 interpretatio
740 2973 865 3006 vere
891 2955 1206 3007 sententiam

185 3034 384 3086 Catulli
412 3033 665 3088 edisserit.
696 3035 812 3086 Hoc
834 3035 965 3085 mihi
996 3034 1206 3088 videtur

184 3113 353 3167 Poeta
386 3115 678 3186 significare
712 3114 940 3168 voluisse
970 3133 980 3164 2
1030 3142 1049 3160 ι
1074 3117 1203 3184 quin

184 3192 385 3246 desinis
412 3214 519 3246 esse
547 3196 733 3258 miser,
762 3195 795 3245 i.
823 3212 868 3245 e.
896 3212 1070 3246 amare
1097 3215 1203 3247 non

183 3288 419 3339 amatus,
462 3272 864 3328 adversantibus
906 3273 1072 3325 amori
1112 3288 1205 3327 tuo

184 3354 354 3407 Diis.»
393 3356 515 3425 Ipse
541 3355 698 3424 hujus
727 3354 827 3406 loci
859 3355 1202 3424 interpretem

183 3432 400 3506 adjuvat
416 3434 475 3485 C.
504 3435 773 3496 LXVIII,
795 3435 867 3503 78
899 3452 911 3485 :
934 3457 953 3474 e
972 3434 1048 3485 nil
1072 3435 1203 3488 mihi

184 3526 295 3566 tam
336 3512 489 3566 valde
526 3515 730 3585 placeat
737 3552 879 3565 .....
925 3512 1087 3577 Quod
1129 3529 1204 3568 te·

182 3611 329 3646 mere
352 3593 533 3645 invitis
559 3593 876 3664 suscipiatur
902 3594 1061 3646 heris.
1084 3620 1102 3638 n
1136 3596 1203 3648 N.

272 3693 293 3725 1
310 3675 360 3726 3.
395 3672 569 3743 De'ſj‘t‘c.
605 3686 676 3724 est
693 3715 730 3727 ..
753 3715 763 3725 .
785 3694 987 3725 amorem
1010 3696 1027 3727 .·
1054 3677 1203 3729 Hauc

178 3754 499 3807 sententiam
547 3754 802 3826 expressit
844 3757 1086 3809 Loticltius
1128 3759 1202 3809 sic

176 3834 277 3887 lib.
302 3836 329 3887 Ι
347 3873 365 3901 ,
392 3835 542 3906 Eleg.
578 3855 604 3886 π
626 3875 640 3901 ,
671 3839 743 3897 64
774 3855 786 3886 :
827 3861 848 3880 ι·
869 3837 1072 3889 Ponere
1096 3837 1200 3890 dif-

175 3915 321 3969 ficile
349 3928 454 3981 est,
485 3934 606 3988 quae
634 3916 880 3987 placuere
909 3915 1021 3971 diu.
1048 3944 1067 3962 ι
1087 3920 1201 3971 Ma-

172 4015 279 4066 gna
301 3996 385 4049 vis
404 3996 739 4067 repetitionis
761 4002 848 4048 τοῦ
867 3996 1082 4066 deffice'le.

266 4082 355 4139 1'4.
399 4076 457 4126 V
452 4095 580 4127 erum
608 4078 696 4128 hoc
725 4077 856 4148 quod
877 4078 1004 4129 lubet
1032 4076 1205 4146 efficies

231 4169 397 4210 euett.
428 4189 508 4199 —
543 4157 720 4208 Ver-nm
750 4158 836 4208 hoc
863 4178 911 4229 q.
940 4161 1024 4224 eff.
1057 4157 1205 4210 Idem

1307 1671 1498 1724 suadet
1554 1672 1816 1724 Parmeno
1872 1671 2134 1726 Phaedriae
2188 1672 2334 1744 apud

1306 1752 1525 1803 Terent.
1551 1752 1798 1804 Eunuch.
1830 1754 1882 1816 1,
1917 1770 1936 1803 1
1957 1790 1973 1816 ,
2002 1771 2070 1821 ²9
2096 1771 2110 1805 :
2142 1780 2162 1799 ·
2184 1752 2333 1818 Quid

1306 1831 1462 1901 agas?
1502 1832 1603 1883 nisi
1649 1844 1711 1883 ut
1753 1845 1804 1883 te
1846 1831 2076 1885 redimas
2112 1845 2330 1904 captum

1304 1930 1464 1981 quam
1506 1930 1667 1982 queas
1702 1912 1980 1963 Minimo:
2019 1914 2060 1965 si
2098 1932 2327 1984 nequeas

1304 1991 1579 2062 paullulo,
1612 2004 1664 2042 at
1693 1992 1878 2062 quanti
1919 2010 2079 2062 queas
2109 2012 2123 2044 ε
2155 1994 2223 2046 Et
2260 2013 2327 2046 ne

1305 2087 1355 2123 te
1384 2072 1622 2124 afflictes.
1645 2097 1666 2115 ι·

1397 2171 1415 2203 1
1433 2151 1481 2203 5.
1524 2152 1632 2203 Una
1660 2152 1790 2202 salus
1819 2153 1920 2202 hoec
1947 2165 2036 2215 est,
2067 2152 2121 2202 in
2150 2170 2328 2203 amore

1303 2231 1554 2283 nimirum
1582 2230 1824 2283 funditus
1848 2230 2189 2302 exstirpando
2211 2232 2328 2285 sita.

1302 2343 1380 2352 —
1406 2313 1808 2373 Peri-iacendum,
1844 2312 2087 2382 gnaviter
2117 2324 2329 2382 perten-

1303 2390 1538 2444 dendum
1557 2432 1570 2456 ,
1599 2390 2019 2462 pei-dolendum,
2054 2405 2114 2443 ut
2152 2393 2327 2462 loqui-

1302 2486 1389 2524 tur
1427 2475 1729 2527 Terentius.
1771 2503 1852 2514 —-
1897 2473 2012 2525 Hoc
2047 2474 2273 2525 verbum
2303 2516 2319 2540 ,

1300 2544 1658 2626 quo'ponitur
1685 2555 1740 2606 in
1772 2555 1890 2605 loco
1908 2594 1922 2618 ,
1948 2555 2081 2605 inira
2108 2555 2322 2624 ἑνεργιίᾳ

1300 2652 1460 2703 quam
1484 2635 1553 2686 sit
1569 2653 1750 2706 aspera
1769 2645 1821 2686 et
1841 2632 2010 2686 ardua
2034 2633 2141 2695 illa,
2160 2652 2319 2704 quam

1300 2729 1439 2767 vates
1478 2714 1678 2767 referre
1727 2714 1908 2784 cupit,
1945 2713 2195 2779 victoria,
2229 2734 2320 2767 ex-

1298 2795 1500 2863 primit.
1536 2795 1606 2847 N.

1388 2895 1405 2927 1
1421 2881 1473 2929 6.
1503 2875 1612 2926 Hoc
1624 2876 1783 2939 facito
1803 2874 2022 2925 Vossius
2045 2893 2168 2925 cum
2186 2876 2320 2926 Vul-

1297 2955 1408 3024 pio.
1434 2988 1511 2996 —-
1531 2955 1640 3005 Hoc
1662 2994 1672 3004 .
1694 2994 1703 3003 .
1724 2994 1736 3005 .
1755 2958 1849 3004 sive
1864 2965 1977 3022 pote
1995 2994 2009 3016 ,
2045 2979 2066 2999 ιι
2090 2954 2317 3007 tentabis

1296 3035 1399 3086 hoc
1431 3046 1603 3093 certe,
1643 3033 1752 3084 sive
1795 3034 2028 3094 eveniat,
2060 3046 2120 3083 ut
2157 3032 2212 3084 id
2250 3035 2316 3086 ab

1296 3115 1475 3167 animo
1507 3127 1600 3165 tuo
1630 3113 1880 3184 impetres
1897 3150 1912 3175 ,
1939 3114 2047 3163 sive
2074 3131 2182 3162 non
2203 3132 2319 3165 eve-

1296 3195 1422 3246 niat.
1442 3221 1463 3240 ι
1503 3196 1581 3246 De
1607 3211 1702 3244 usu
1723 3195 1852 3261 potis
1880 3205 1931 3243 et
1947 3203 2060 3261 pote
2087 3192 2142 3242 in
2171 3204 2316 3245 utro·

1295 3293 1398 3345 que
1430 3291 1623 3346 genere
1647 3271 1758 3324 vid.
1779 3272 1972 3324 Mur-et.
1999 3270 2065 3322 ad
2089 3272 2142 3324 h.
2171 3272 2205 3323 l.

1385 3375 1405 3408 1
1421 3375 1474 3424 7.
1498 3354 1556 3406 Si
1578 3366 1784 3404 vestrum
1810 3365 1876 3402 est
1899 3354 2122 3403 misereri.
2151 3352 2205 3404 Si
2223 3374 2315 3408 vos

1298 3435 1588 3487 infelicium
1634 3434 1862 3484 miseret.
1917 3433 2139 3483 Misereri
2187 3438 2316 3487 sub·

1296 3516 1520 3568 stantivc
1557 3525 1828 3582 acceptum
1848 3552 1862 3577 ,
1894 3525 1954 3564 ut
1983 3511 2124 3583 apud
2159 3513 2317 3566 Plau-

1298 3610 1411 3647 tum
1454 3622 1474 3640 ι
1502 3595 1568 3646 ita
1613 3606 1768 3645 tuum
1814 3593 2064 3644 conferto
2101 3613 2306 3645 amare.

1298 3677 1516 3729 Curcul.
1542 3678 1596 3737 1,
1628 3693 1647 3725 ι
1672 3713 1687 3737 ,
1718 3677 1786 3726 28
1812 3692 1824 3723 ε
1855 3673 1983 3724 -hie
2009 3676 2162 3724 vereri
2186 3693 2310 3742 per-

1297 3754 1452 3809 didit.
1477 3782 1497 3801 ·
1531 3755 1720 3808 Bacch.
1751 3756 1810 3814 1,
1846 3772 1871 3803 2
1895 3793 1908 3814 ,
1942 3753 2031 3805 50.
2065 3753 2131 3803 N.

1379 3841 1464 3890 18.
1498 3838 1656 3905 Ipsam
1683 3836 1870 3887 Venet.

1382 3938 1464 3985 ¹9·
1515 3917 1600 3967 Mc
1639 3918 1858 3966 miserum
1902 3913 2039 3980 adsp.
2085 3911 2313 3976 Oculos,

1294 3997 1699 4062 aures,vultum
1728 3995 1978 4044 advertunt
2009 3991 2095 4044 Dii
2126 3994 2310 4063 propi·

1297 4080 1355 4131 tii
1379 4117 1395 4140 ,
1435 4089 1654 4128 avertunt
1709 4074 1862 4136 irati,
1913 4072 2132 4125 inimici.
2177 4072 2309 4125 Vid.

1300 4158 1592 4210 anckhm.
1638 4153 1704 4206 ad
1735 4153 1937 4205 Tibull.
1981 4154 2091 4212 III,
2132 4156 2186 4216 3,
2225 4159 2316 4208 28.

1884 4259 2015 4330 23²
