2986 4935
627 447 1818 617 PRAEFATIO

392 781 891 906 Novl
1014 781 2047 906 EDITORIS.

1248 1104 1621 1134 ο--υ--ν-

210 1299 524 1423 Mmm
565 1343 781 1414 sunt
808 1393 831 1436 ,
871 1342 961 1413 et
979 1323 1318 1448 egregii
1356 1320 1776 1445 quidem,
1803 1329 1961 1448 qui
1996 1330 2300 1418 Catul-

202 1475 385 1565 liani
424 1476 853 1567 carminis
896 1471 1249 1593 lepores
1287 1505 1843 1597 veneresque
1883 1474 2297 1568 laudave-

201 1628 394 1741 rint3
439 1657 716 1716 nemo
761 1620 1047 1748 (quod
1090 1623 1402 1742 sciam)
1446 1622 1687 1712 illius
1736 1645 2162 1718 naturam
2212 1651 2302 1719 et

202 1774 568 1865 indolem
594 1774 1171 1894 introspexit,
1206 1803 1480 1860 nemo
1505 1842 1527 1884 ,
1557 1771 1778 1897 quid
1814 1778 2307 1868 contulerit

203 1924 465 2016 latinis
504 1926 792 2014 literis
831 1919 1368 2041 adjumenti,
1400 1940 1491 2009 et
1522 1921 1741 2046 quid
1764 1926 1957 2012 vitii
1992 1959 2308 2018 rursus

202 2078 344 2196 ipsi
375 2075 900 2200 importarit.
930 2074 1321 2161 Romani
1359 2074 1641 2161 moris
1686 2077 2115 2195 pravitas,
2160 2078 2311 2167 ad·-

200 2223 354 2316 huc
407 2227 739 2352 sategit
791 2253 1240 2312 enarrare.
1310 2224 1630 2343 Itaque
1687 2222 1935 2345 quod
1996 2231 2309 2353 magni

197 2377 339 2466 viri
373 2379 559 2467 sive
590 2373 854 2465 obliti
883 2391 1122 2485 sunt,
1152 2373 1334 2459 sive
1363 2373 1868 2461 omiserunt
1898 2377 2307 2494 scientes,

198 2558 366 2652 ego,
385 2524 1222 2653 quantulaecunque
1243 2524 1476 2610 vires
1500 2524 1705 2636 sint,
1723 2526 2140 2648 supplere
2165 2563 2316 2656 ag·

194 2678 558 2799 grediar.
592 2673 1093 2784 Catullum,
1126 2674 1425 2794 primo
1449 2674 2101 2794 peritissimum
2123 2710 2319 2766 ver-

190 2859 439 2917 suum
478 2829 1276 2933 concinnatorem,
1308 2819 1520 2909 dein
1554 2843 1857 2911 vatem
1894 2799 2319 2945 praestan-

185 2978 637 3066 tissimum
676 2975 1029 3099 exigere
1067 2969 1296 3057 mihi
1332 2973 1907 3093 propositum
1944 2995 2104 3062 est.

294 3130 764 3248 Praecipue
802 3124 899 3209 in
939 3117 1297 3210 Catullo
1335 3121 1719 3231 eminet,
1763 3153 1921 3209 seu
1964 3122 2323 3215 dicendi

183 3306 494 3401 genus,
545 3307 720 3365 seu
746 3266 1317 3396 excogitandi
1355 3270 1544 3355 vim
1588 3271 2063 3386 intueariS,
2108 3307 2326 3400 grae-

183 3425 563 3516 cissandi
593 3416 1194 3515 consuetudo.
1225 3421 1361 3506 Ita
1387 3419 1919 3508 Graecorum
1942 3420 2328 3546 discipli—

178 3578 304 3664 nis
337 3575 700 3664 imbuit
735 3572 1146 3660 animum
1171 3637 1194 3680 ,
1238 3587 1326 3655 et
1357 3598 1679 3655 eorum
1708 3570 1803 3655 in
1831 3603 1923 3657 se
1956 3604 2329 3661 succum

175 3749 253 3815 et
288 3720 863 3853 sanguinem
900 3715 1388 3809 transfudit
1412 3788 1434 3828 ,
1462 3737 1568 3804 ut
1604 3721 1790 3840 ipse
1829 3720 2194 3812 Graecus
2235 3728 2328 3811 in

175 3875 424 3966 Italia
474 3893 812 3983 natUS,
858 3897 1150 3995 graeco
1198 3865 1568 3990 ingenio
1612 3861 1890 3953 latine
1941 3866 2331 3957 scribere

174 4025 645 4116 videatur:
693 4019 967 4143 idque
1009 4015 1180 4104 fuit
1218 4013 1347 4101 illi
1384 4014 1914 4104 Graecorum
1943 4020 2338 4146 vestigiis

176 4172 672 4267 insistendi
694 4167 1140 4278 studium,
1173 4184 1280 4252 ut
1317 4166 1414 4251 in
1449 4163 1627 4253 hoc
1656 4198 1923 4255 versu
1952 4168 2041 4253 E
2041 4171 2334 4259 brz'osa

243 4349 431 4402 Cama.
1721 4354 1757 4395 a
