2986 4935
672 408 709 475 ὐἿ

721 436 765 472 o
1195 406 1269 471 C.
1319 404 1756 470 VALERII
1816 404 2285 471 CATULLI

1269 630 1827 716 CARMEN
1902 630 2184 715 VIII.

1436 859 1537 899 Al)
1597 856 1686 899 SE
1743 856 2026 899 IPSUM.

884 1056 1117 1120 Misizn
1158 1045 1452 1128 Catulle,
1487 1045 1745 1112 desinas
1783 1046 2096 1136 ineptire,

890 1163 970 1226 Et
993 1211 1010 1241 ‚
1047 1154 1224 1249 quod
1264 1152 1447 1219 vides
1485 1153 1728 1244 perisse
1751 1203 1769 1234 ‚
1803 1149 2136 1242 perditum
2175 1151 2396 1219 ducas,

882 1269 930 1331 F
935 1263 1147 1332 ulsere
1183 1259 1518 1353 quondam
1555 1255 1815 1324 candidi
1856 1256 1970 1322 tibi
2008 1254 2211 1338 soleS‚

882 1373 1111 1459 Quum
1150 1366 1551 1445 ventitabas,
1584 1387 1718 1456 quo
1750 1360 1967 1455 puella
2003 1362 2290 1431 ducebat

882 1486 1117 1547 Amata
1163 1474 1353 1541 nobis
1379 1526 1397 1557 ‚
1429 1483 1750 1563 quantum
1798 1469 2127 1536 amabitur
2171 1467 2368 1537 nulla.

759 1694 892 1742 Ano.
918 1688 1128 1756 Frigore
1149 1694 1376 1752 coeperat
1408 1698 1559 1730 amor
1582 1681 1701 1729 Les·

674 1775 770 1825 biae
790 1812 804 1831 ‚
827 1773 1041 1840 ejusque
1066 1765 1275 1816 animus
1290 1782 1318 1812 a
1349 1759 1557 1812 Catullo
1583 1760 1703 1810 aba·

678 1844 1042 1911 li‹›nari.Qnod
1059 1862 1221 1913 quum
1233 1838 1699 1899 animadvertisset,

675 1932 787 2004 pari
810 1926 973 1981 modo
995 1924 1063 1977 ad
1088 1923 1231 1975 illam
1261 1916 1697 1973 contemnendam

671 2014 909 2065 animum
934 2004 1144 2059 induxit
1171 2014 1222 2052 et
1248 1997 1568 2052 obfirmavit.
1594 1995 1697 2048 Sed

673 2092 874 2161 cogita,
907 2086 1175 2140 Catullum
1212 2093 1329 2151 post
1378 2079 1565 2129 inultas
1612 2096 1697 2128 va·

674 2175 877 2240 rixisque
911 2165 1073 2219 animi
1098 2159 1479 2214 commotiones
1496 2157 1700 2226 acquie-

676 2272 814 2304 scere
856 2248 1072 2300 demum
1111 2244 1163 2293 in
1205 2242 1307 2293 hoc
1357 2239 1576 2289 consilio
1595 2276 1607 2298 ,
1650 2249 1701 2287 et

675 2331 883 2384 tandem
921 2321 1204 2395 aliquando
1252 2318 1444 2370 amoris
1482 2315 1702 2386 ineptias

678 2409 985 2478 intelligere.
1015 2406 1075 2454 In
1101 2403 1197 2454 hac
1223 2399 1381 2469 igitur
1405 2397 1583 2448 seriori
1612 2415 1699 2446 co-

676 2490 924 2560 gitatione
956 2495 1168 2553 repente
1193 2482 1250 2530 fit
1276 2477 1624 2548 phihisophus
1651 2487 1702 2523 et

678 2588 854 2622 secum
879 2564 1097 2616 instituit
1116 2559 1459 2627 colloquium.
1492 2557 1573 2608 Cf.
1598 2555 1697 2605 Ov-

684 2654 861 2700 Amor.
892 2646 1003 2706 III,
1044 2660 1062 2691 1
1082 2661 1129 2692 1.
1147 2672 1223 2680 —-
1247 2637 1314 2687 Ni
1340 2636 1489 2687 fallor
1514 2674 1527 2695 ‚
1555 2631 1700 2684 aliud

679 2728 829 2781 sentit
845 2722 1081 2777 Catullus
1098 2732 1252 2788 atque
1267 2715 1581 2784 Docringius
1599 2714 1700 2764 hoc

678 2817 989 2876 argumento
1036 2799 1233 2851 indicat
1269 2815 1280 2848 :
1310 2814 1539 2864 namque
1591 2807 1701 2843 tan-

678 2903 793 2939 tum
822 2888 990 2944 abest,
1018 2894 1072 2930 ut
1096 2891 1235 2929 vates
1269 2876 1504 2928 animum
1536 2872 1700 2923 obfir-

681 2965 901 3019 maverit
921 2959 1374 3033 philosoplmsque
1403 2954 1490 3004 fiat
1511 2972 1524 3016 ;
1545 2966 1602 3003 ut
1618 2954 1702 3002 vel

679 3064 845 3117 quum
884 3041 1111 3094 maxime
1133 3037 1301 3088 amori
1331 3046 1587 3103 repugnet
1615 3051 1701 3081 ur-

678 3127 847 3196 genti,
884 3115 1145 3192 quidquid
1178 3127 1426 3174 conetur,
1467 3108 1704 3163 ostendat

678 3226 731 3257 se
742 3202 984 3264 vinculis,
998 3218 1113 3268 qua:
1128 3207 1368 3246 excutere
1383 3212 1487 3243 non
1512 3193 1702 3252 valeat,

681 3283 1016 3354 impeditum.
1043 3278 1166 3328 Hoec
1193 3275 1293 3325 fuit
1313 3291 1419 3323 non
1448 3272 1601 3322 unius
1624 3270 1703 3319 in-

681 3363 879 3433 geniosi
895 3359 998 3410 viri
1013 3369 1195 3426 arguta
1213 3348 1543 3423 exprimendi
1563 3369 1704 3399 amo-

680 3446 749 3495 ris
772 3437 1163 3494 commentatio,
1188 3446 1243 3483 ut
1269 3431 1435 3482 amori
1455 3428 1700 3480 nuntium

676 3524 939 3575 remittere
966 3537 1017 3568 se
1036 3516 1170 3566 velle
1192 3511 1537 3579 dicere13qu0
1552 3508 1704 3558 vehe-

681 3601 907 3654 mentius
937 3615 989 3647 se
1019 3593 1087 3646 ad
1121 3588 1493 3644 obdurandum
1526 3588 1702 3638 horta-

681 3696 781 3740 tur,
807 3699 870 3729 eo
892 3696 943 3728 se
975 3675 1139 3743 magis
1155 3673 1342 3723 fatetur
1369 3668 1585 3719 vulnere
1611 3665 1701 3716 de-

675 3760 956 3814 bilitatum.
986 3756 1056 3805 N.

766 3857 812 3889 1.
836 3834 1053 3888 Heinsio
1090 3834 1143 3884 in
1188 3842 1295 3880 not.
1337 3827 1405 3880 ad
1437 3825 1702 3877 Catullum

680 3918 919 3990 placebat
947 3932 959 3964 ε
995 3913 1147 3964 Miser
1171 3909 1389 3968 Catulle,
1423 3906 1580 3957 desiuc
1608 3905 1700 3953 ale!

682 4002 879 4066 ineptire
894 4036 907 4054 ,
945 3995 994 4046 Ε
999 4006 1017 4042 t
1038 4035 1049 4053 ,
1077 3990 1206 4063 quod
1225 3989 1359 4038 vides
1372 3989 1550 4057 perisse
1563 4022 1578 4043 ,
1595 4002 1703 4052 per·

680 4080 831 4130 alitum
852 4079 982 4127 duce.
1005 4104 1082 4115 —
1103 4070 1255 4124 Miser
1271 4070 1356 4120 cui
1390 4080 1556 4118 tantos
1580 4082 1700 4115 cru-

1789 1675 1951 1726 ciatus
1994 1694 2163 1739 amor,
2199 1688 2401 1726 tantum
2445 1675 2824 1728 amaritudinis

1789 1756 2055 1824 propinat.
2075 1756 2282 1824 Ineptire
2300 1795 2314 1816 ,
2344 1755 2435 1806 hic
2462 1756 2694 1808 suaviter
2719 1777 2820 1827 pro

1789 1835 1965 1903 inepte
2016 1854 2191 1886 amare
2213 1857 2228 1897 ;
2279 1835 2483 1895 amori,
2526 1839 2681 1904 cujus
2723 1839 2820 1889 ali-

1788 1911 2002 1983 quando
2050 1934 2147 1965 nos
2192 1915 2442 1984 poeniteat
2459 1954 2474 1979 ‚
2518 1914 2820 1987 indulgere.

1789 1993 1873 2051 Sic
1893 1998 2073 2063 ineptus
2098 2014 2233 2045 amor
2251 1993 2395 2063 apud
2423 1994 2706 2048 Tibullum
2722 2036 2737 2060 ,
2767 2000 2823 2061 1,

1786 2072 1931 2142 Eleg.
1967 2092 2041 2136 ιν,
2080 2081 2166 2136 αἴ..

1868 2154 1916 2205 3.
1944 2154 2156 2206 Candidi
2180 2155 2328 2213 soles,
2368 2154 2513 2205 nulla
2541 2156 2690 2208 nube
2722 2158 2821 2208 ob-

1787 2233 2006 2296 scurati,
2031 2234 2223 2285 felices,
2256 2234 2340 2285 Cf.
2371 2233 2715 2304 Salvagnium
2751 2236 2821 2289 ad

1788 2310 1947 2364 Ovid.
1973 2314 2092 2363 lhin
2122 2333 2147 2363 ’,ι
2167 2331 2254 2381 19,
2278 2326 2327 2363 et
2349 2313 2495 2366 Cort.
2515 2312 2584 2365 ad
2607 2316 2823 2369 Sallust.

1788 2392 1940 2443 Catil.
1969 2394 2036 2446 V,
2077 2413 2128 2462 7.
2161 2392 2248 2443 Sic
2276 2391 2419 2462 apud
2450 2393 2669 2445 Graecos
2709 2404 2820 2447 λευ-

1787 2473 1866 2522 κὸν
1895 2474 2033 2539 φάος.
2064 2471 2188 2524 Vid.
2224 2473 2513 2542 spanhem.
2550 2473 2621 2525 ad
2655 2477 2825 2530 Calli·

1789 2552 1959 2603 mach.
1985 2552 2183 2624 Hymn.
2205 2553 2258 2604 in
2289 2553 2409 2605 Cer.
2443 2554 2566 2605 123.

1872 2638 1922 2692 l..
1948 2632 2193 2683 Heinsius
2214 2632 2496 2702 legendum
2524 2647 2702 2686 censet
2731 2657 2827 2704 quo

1781 2711 1946 2777 puella
1973 2711 2159 2761 dicebat
2191 2731 2291 2782 pro
2313 2710 2646 2766 condicebat.
2669 2714 2826 2767 Idem

1783 2791 1888 2858 jani
1906 2830 1920 2854 ,
1943 2791 1993 2841 in
2018 2804 2244 2843 mentem
2264 2804 2475 2842 venerat
2499 2794 2829 2847 Brouckhu·

1788 2868 1864 2918 sio
1884 2868 1950 2920 ad
1974 2871 2214 2940 Propert.
2241 2871 2334 2922 lib.
2360 2873 2471 2931 III,
2495 2873 2642 2943 Eleg.
2667 2894 2791 2927 xxn
2811 2915 2827 2940 ,

1789 2961 1837 2997 et
1866 2950 1974 3000 Ian.
2009 2951 2198 3002 Dousae
2233 2951 2346 3001 filio
2378 2952 2430 3002 in
2477 2965 2587 3004 not.
2623 2954 2827 3007 Catull.

1789 3028 1916 3078 citra
1955 3030 2338 3080 necessitatem!
2372 3029 2521 3100 Saepe
2549 3045 2730 3084 autem
2772 3034 2826 3085 in

1790 3106 1871 3157 his
1909 3109 2127 3159 vocibus
2158 3110 2294 3176 inter
2335 3129 2386 3160 se
2430 3112 2833 3165 commutandis

1789 3200 2070 3256 peccarunt
2100 3187 2461 3241 librarii.Vid.
2483 3208 2619 3259 quos
2643 3192 2832 3245 laudat

1790 3267 2221 3319 Drackenborch.
2252 3267 2318 3319 ad
2360 3267 2453 3320 Sil.
2506 3270 2624 3321 Ital.
2680 3272 2800 3326 XII
2817 3312 2834 3337 ‚

1795 3366 1862 3397 απ
1879 3366 1897 3397 ι
1913 3388 1924 3398 .
1947 3379 2026 3387 —
2062 3347 2173 3412 Quo
2196 3349 2361 3415 puella
2393 3348 2600 3398 ducebat
2616 3391 2631 3412 ,
2666 3370 2832 3404 voca-

1791 3425 1903 3487 bat,
1952 3445 2036 3476 mc
2084 3426 2265 3477 venire
2299 3428 2544 3496 jul›ebat;
2580 3434 2834 3486 consulto

1791 3505 2003 3556 fortasse
2021 3506 2195 3574 posuit
2222 3508 2442 3557 verbum
2464 3508 2640 3559 ducere
2658 3551 2674 3572 ‚
2698 3513 2832 3581 quia

1791 3584 2008 3636 fallaciae
2069 3585 2335 3636 notionem
2385 3586 2545 3638 simul
2585 3592 2836 3661 comple·

1791 3664 1977 3728 etitur3
2019 3664 2277 3733 eleganter
2323 3664 2465 3716 enim
2502 3665 2706 3720 dicitur
2765 3670 2838 3723 de

1791 3744 2002 3812 puellis,
2034 3762 2151 3812 quae
2186 3744 2309 3795 falsa
2342 3763 2431 3814 spe
2460 3761 2730 3800 amatores
2758 3751 2837 3804 la-

1793 3836 1930 3873 ctant
1948 3845 1960 3882 ς
1985 3822 2175 3874 Gallie.
2199 3844 2354 3873 menet·
2374 3845 2459 3875 son
2483 3841 2656 3878 uncant
2667 3850 2777 3899 par
2793 3833 2840 3881 Ie

1791 3921 1895 3953 nez.
1923 3902 2228 3971 Propertius
2243 3940 2257 3958 ,
2276 3903 2372 3954 lib.
2393 3905 2448 3955 11
2463 3945 2478 3969 ,
2499 3905 2651 3977 Eleg.
2677 3928 2804 3962 xvn
2819 3951 2836 3974 ,

1789 4000 1924 4032 vers.
1945 4000 1966 4031 1
1986 4000 1999 4032 :
2025 3982 2271 4033 «Mentiri
2285 3997 2494 4035 noctem
2515 4024 2531 4051 ,
2547 3989 2840 4056 promissis

1789 4061 1982 4112 ducere
2009 4074 2287 4114 amantem.
2314 4088 2334 4106 ι
