2986 4935
410 465 655 533 AETAS
702 468 782 533 V.
813 468 1145 537 VOSSIO
1167 510 1200 521 -
1222 471 2035 547 BROUCKHUSIANA.
2144 480 2245 568 435
2264 510 2288 553 1

135 621 337 692 quem
376 596 599 665 laudat
633 601 872 693 passim
895 653 914 683 ‚
945 614 1011 668 et
1045 599 1308 694 reliquis
1347 605 1443 671 uti
1473 607 1913 699 antiquiorem
1947 614 2036 680 ita
2075 640 2297 685 emen-

138 705 463 772 datiorem
509 730 775 798 quoque
820 730 960 775 esse
999 706 1316 800 praedicat
1353 735 1414 804 p.
1466 712 1639 783 215.
1673 756 1778 766 -—-
1811 721 2089 789 Utinam
2140 748 2297 791 vero

136 810 511 905 politissimi
555 813 659 878 vir
705 814 985 905 ingenii,
1032 816 1239 883 Janus
1284 818 1814 897 Brouckhusius.
1853 827 1958 893 cui
2006 829 2298 924 Proper-

136 920 304 986 tium
350 918 669 987 debemus
715 934 780 986 et
808 917 1180 1004 Tibullum,
1218 922 1518 992 similiter
1560 929 1755 995 etiam
1796 932 2128 1002 Catullum
2170 962 2298 1031 po-

135 1027 371 1093 tuisset
411 1023 791 1108 absolvere,
842 1052 1040 1119 quem
1083 1027 1551 1123 expoliendum
1576 1087 1594 1115 ,
1630 1035 2024 1132 ingenioque
2069 1057 2135 1111 et
2177 1043 2295 1112 do-

134 1133 354 1199 ctrina
382 1155 501 1199 sua
530 1130 991 1201 illustrandum
1025 1136 1147 1202 sibi
1184 1152 1599 1231 sumpserat:
1632 1142 1719 1208 ita
1753 1143 1915 1211 nihil
1945 1164 2115 1216 esset
2149 1173 2290 1218 am·-

136 1237 339 1332 plius,
379 1238 554 1332 quod
596 1237 679 1306 ad
723 1241 1147 1309 vetustissimi
1192 1256 1403 1334 poetae
1445 1241 1659 1313 lucem
1708 1249 1984 1319 studiosi
2024 1273 2294 1347 possent

134 1343 528 1413 desiderare.
2259 1404 2264 1411 -

256 1447 477 1521 1685.
520 1453 668 1520 Cat.
696 1453 841 1520 Tib.
882 1456 1080 1549 Prop.
1132 1480 1364 1549 opera,
1418 1459 1961 1554 interpretatione
2008 1482 2074 1535 et
2117 1473 2291 1538 notis

135 1555 459 1626 illustrata
503 1581 540 1625 a
591 1557 757 1626 Phil.
810 1561 1019 1629 Siluio
1076 1563 1140 1628 in
1194 1586 1388 1630 usum
1431 1564 1784 1659 Delphini,
1835 1574 2035 1641 Paris.
2079 1581 2145 1660 4.
2190 1619 2292 1627 —-—

136 1666 218 1730 In
244 1664 370 1733 hac
399 1663 550 1733 edit.
582 1679 656 1731 ut
683 1667 748 1731 in
782 1666 923 1734 aliis
955 1667 1038 1735 ad
1066 1693 1258 1735 usum
1289 1669 1607 1764 Delphini
1634 1674 1822 1743 editis
1857 1683 2289 1774 scriptoribus

133 1771 482 1852 omnibus,
512 1771 825 1840 obscoena
859 1788 926 1840 et
956 1771 1199 1842 lasciva
1232 1778 1504 1844 rescissa
1536 1793 1601 1845 et
1637 1784 1876 1852 omissa
1912 1785 2070 1855 locis
2103 1806 2291 1871 sunt,

134 1877 412 1946 consilio
467 1902 601 1945 non
654 1879 1140 1973 improband0‚
1203 1884 1324 1950 nisi
1379 1882 1505 1951 hac
1570 1891 1865 1974 ratione,
1921 1895 2098 1985 quod
2146 1894 2287 1967 loca

131 1984 366 2053 eadem
412 1999 726 2078 congesta
773 2002 838 2054 et
893 1985 977 2055 ad
1024 1987 1270 2056 calcem
1326 1987 1679 2060 voluminis
1728 1994 1964 2066 deinde
2007 2002 2287 2091 junctim

132 2091 482 2159 exhibent:
514 2091 736 2186 plures
759 2095 962 2187 igitur
985 2095 1070 2161 ad
1095 2119 1172 2162 ea
1198 2093 1473 2188 legenda
1511 2095 1967 2188 allicerentur,
2005 2133 2289 2200 quorum

132 2198 307 2266 forte
335 2198 564 2267 oculos
587 2198 817 2266 eadem
846 2203 1191 2294 scriptoris
1216 2205 1481 2294 corpori
1508 2229 1627 2273 suo
1655 2205 1801 2276 loco
1830 2212 2069 2281 inserta
2096 2218 2287 2285 citius

134 2301 494 2373 latuissent.
536 2306 706 2374 Nam
742 2312 1024 2373 πλεῖστοι
1070 2308 1286 2387 κακοὶ,
1337 2316 1616 2377 πλεῖστοι
1654 2315 1863 2408 ἀργοὶ,
1903 2323 2093 2411 pauci
2131 2323 2287 2390 soli-

133 2410 795 2482 dam*eruditionem
873 2417 1237 2484 consectati
1308 2418 1602 2511 integros
1667 2421 1892 2517 legunt
1943 2418 2285 2500 auctores:

132 2517 327 2585 multi
370 2535 601 2588 contra
637 2573 655 2603 ,
714 2522 824 2613 qui
869 2546 982 2588 eos
1030 2522 1244 2589 obiter
1292 2522 1612 2593 evolvunt
1640 2581 1657 2610 ,
1710 2532 1922 2599 missis
1972 2533 2241 2606 utilibus
2271 2594 2290 2618 ,

132 2641 209 2693 ut
246 2626 531 2718 κάνθαροι
571 2627 832 2694 irruunt
875 2627 955 2703 εἰς
994 2632 1105 2700 τὴν
1144 2629 1432 2719 κοπρίαν,
1480 2633 1668 2724 cujus
1703 2652 1901 2728 gustu
1944 2654 2286 2724 tenentur,

131 2755 468 2825 quamque
513 2732 802 2826 gaudent
840 2747 907 2800 et
951 2733 1372 2825 gratulantur
1418 2737 1542 2803 sibi
1589 2739 1672 2806 ab
1714 2742 2075 2814 editoribus
2127 2775 2284 2819 con·

130 2853 383 2931 gestam
418 2837 622 2906 veluti
658 2841 723 2905 in
759 2839 1119 2907 cumulum.
1158 2840 1350 2934 Angli
1396 2845 1697 2935 quidem,
1743 2853 2000 2939 quoties
2029 2854 2173 2923 edd.
2215 2861 2281 2926 in

132 2969 231 3013 us.
284 2943 527 3039 Delph.
582 2960 901 3013 curarunt
954 2946 1222 3028 recudi,
1271 2947 1415 3016 loca
1461 2948 1567 3017 illa
1619 2956 1752 3021 suis
1797 2980 2071 3051 quaeque
2125 2962 2283 3032 locis

130 3053 567 3119 restituerunt
595 3105 614 3135 ,
667 3055 786 3119 etsi
841 3054 1120 3120 vicissim
1170 3053 1415 3122 indices
1462 3060 1760 3128 omnium
1801 3065 2280 3138 vocabulorum

130 3160 351 3226 minus
379 3157 608 3252 plenos
647 3160 888 3251 passim
924 3159 1008 3225 ab
1042 3157 1164 3228 illis
1199 3161 1496 3230 exhiberi
1524 3163 1702 3233 dolet
1738 3170 1973 3238 Thom.
2003 3177 2284 3246 Cronius

130 3279 302 3357 part.
353 3267 485 3349 ΙΙΙ,
522 3264 958 3332 animadvers
1003 3291 1068 3357 p.
1113 3264 1183 3334 6.

255 3369 468 3440 1686.
510 3374 652 3439 Cat.
687 3371 831 3438 Tib.
874 3374 1064 3465 Prop.
1108 3399 1162 3440 c.
1203 3373 1376 3442 Galli
1410 3375 1711 3469 fragium.
1749 3383 1952 3452 Amst.
1994 3392 2109 3471 24.

253 3475 467 3569 1691.
512 3476 752 3546 Catull.
802 3502 838 3544 e
877 3502 1005 3546 rec.
1048 3482 1127 3546 Is.
1153 3481 1411 3559 Vossii,
1456 3482 1693 3576 Ultraj.
1744 3494 2115 3583 sumptibus
2159 3501 2279 3566 So-

128 3584 417 3668 cietatis,
463 3587 529 3668 4.
569 3599 634 3651 et
674 3598 928 3652 mutato
970 3599 1223 3653 tantum
1259 3590 1473 3680 primo
1515 3589 1704 3674 folio,
1740 3598 1950 3691 Lugd.
1995 3623 2097 3692 ap.
2142 3605 2276 3671 Pet.

128 3689 384 3758 vander
424 3693 536 3757 Aa.

253 3794 469 3891 1697.
519 3795 757 3864 Catull.
799 3821 877 3863 ex
912 3798 1065 3866 edit.
1107 3801 1357 3880 Vossii,
1392 3827 1509 3894 per
1542 3805 1743 3871 Hadr.
1786 3813 2277 3882 Beverlcmdtcm

124 3917 432 3987 curatus,
472 3903 684 3996 Lugd.
733 3906 872 3970 Bat.
923 3909 989 3987 4.
1056 3958 1062 3964 .

250 4034 465 4105 1707.
514 4010 658 4077 Cat.
690 4010 837 4076 Tib.
888 4025 953 4077 et
989 4013 1189 4105 Prop.
1236 4036 1437 4105 opera
1478 4014 1560 4080 ad
1604 4020 2008 4108 optimorum
2057 4050 2277 4096 exem·

128 4116 412 4210 plarium
463 4115 659 4183 fldem
711 4119 1050 4184 recensita.
1092 4124 1246 4186 Ace.
1292 4121 1618 4189 variantes
1663 4122 1972 4195 lectiones
2010 4158 2044 4196 o
2085 4135 2276 4204 MSS.

1893 4263 2027 4350 29²
