2986 4935
689 397 770 463 18
1075 396 1210 465 DE
1269 395 1342 459 C.
1382 394 1852 460 VALERIO
1909 396 2398 464 CATULLO

1182 549 1393 630 Idem,
1431 548 1540 616 lib.
1576 549 1724 616 eod.
1759 551 1954 641 Eleg.
1997 550 2116 629 25,
2159 551 2273 644 87.

774 722 930 785 Haec
971 742 1233 809 quoquc
1277 715 1498 783 lascivi
1540 730 1891 784 cantarunt
1926 704 2168 810 scripta
2212 722 2496 806 (s'atulle',

879 823 1125 891 Lesbia.
1153 824 1335 915 queis
1378 825 1519 915 ipsa
1559 824 1777 889 notior
1815 837 1912 890 est
1955 822 2222 891 Helena.

933 989 1231 1069 Ovidim,
1272 988 1379 1056 lib.
1415 993 1537 1056 III
1571 992 1901 1057 Amorum
1920 1043 1938 1073 ‚
1985 992 2238 1083 Elegia
2275 1015 2322 1083 9
2346 1045 2363 1073 ,
2405 990 2522 1059 61.

772 1151 1025 1218 Obvius
1068 1152 1220 1219 huic
1265 1151 1525 1233 veniaS,
1562 1150 1802 1217 hedera
1841 1151 2152 1242 juvenilia
2195 1154 2448 1219 cinctus

870 1260 1192 1350 Tempora
1218 1310 1236 1338 ,
1281 1282 1431 1323 cuin
1474 1255 1682 1323 Calvo
1710 1310 1728 1341 ‚
1762 1256 1959 1324 docte
1996 1260 2292 1342 Catulle,
2327 1274 2458 1325 tuo.

1110 1424 1338 1507 Idem,
1386 1423 1555 1491 libro
1595 1424 1739 1490 eod.
1786 1427 1852 1490 E
1856 1426 1980 1518 leg.
2048 1422 2132 1492 15
2157 1478 2175 1506 ,
2223 1449 2285 1517 7.

768 1597 1041 1661 Mantua
1076 1592 1351 1686 Virgilio
1398 1592 1642 1685 gaudet
1668 1645 1686 1676 ‚
1718 1596 1994 1659 Verona
2045 1594 2333 1661 Catullo,

982 1769 1166 1836 Idem
1190 1822 1208 1850 ,
1253 1768 1362 1836 lib.
1402 1773 1488 1836 II
1519 1772 1579 1835 T
1573 1773 1852 1851 restium,
1891 1792 1985 1835 vs.
2031 1771 2177 1861 427
2221 1784 2292 1834 et
2322 1793 2464 1861 sqq.

769 1935 874 2001 Sic
912 1957 1027 1999 sua
1063 1931 1306 1998 lascivo
1343 1946 1603 2000 cantata
1641 1946 1738 1998 est
1779 1956 1949 2024 saepe
1990 1934 2259 2000 Catullo

871 2039 1177 2120 Femina,
1215 2040 1321 2105 cui
1368 2035 1599 2104 falsum
1635 2037 1884 2105 Lesbia
1922 2062 2162 2105 nomen
2202 2053 2360 2105 erat.

768 2149 903 2213 Nec
938 2158 1285 2212 contentus
1331 2167 1439 2224 ea,
1478 2143 1721 2210 multos
1760 2142 2052 2236 vulgavit
2095 2168 2389 2227 amoreS,

870 2253 949 2317 In
991 2251 1226 2343 quibus
1260 2252 1398 2345 ipse
1443 2274 1632 2317 suum
1681 2248 1885 2317 fassus
1930 2248 2320 2318 adulterium
2366 2264 2480 2317 est.

719 2427 1011 2494 Velleius
1042 2425 1471 2506 Paterculus‚
1521 2426 1846 2491 Historia?
1879 2427 2063 2492 Rom.
2105 2423 2217 2492 lib.
2261 2429 2375 2508 II,
2417 2448 2570 2519 cap.
2615 2421 2737 2495 36.

771 2593 939 2680 Quis
978 2592 1151 2658 enim
1190 2591 1485 2682 ignorat,
1511 2588 1871 2682 diremptos
1909 2589 2216 2681 gradibus
2254 2592 2459 2659 aetatis
2489 2591 2796 2660 floruisse

664 2699 793 2769 hoc
827 2713 1121 2791 tempore
1154 2696 1540 2764 Ciceronem
1565 2749 1584 2780 ,
1618 2697 2039 2764 Hortensium
2060 2744 2338 2761 ......
2357 2712 2796 2790 auctoresque

666 2806 1028 2872 carminum
1046 2805 1411 2870 Varronem
1445 2826 1522 2869 ac
1553 2804 1961 2884 Lucretium,
1994 2828 2205 2895 neque
2236 2803 2370 2871 ullo
2399 2805 2464 2870 in
2501 2808 2793 2896 suscepti

667 2912 881 3004 operis
919 2913 1015 2976 sui
1053 2910 1342 2977 carmine
1380 2911 1700 2976 minorem
1744 2910 2139 2979 Catullum?

1057 3087 1153 3151 Μ.
1191 3086 1448 3152 Seneca
1483 3081 1730 3163 rhetor,
1772 3083 2237 3149 Comma-emin
2283 3107 2387 3176 ¹9·

771 3254 932 3320 Erat
979 3253 1152 3317 enim
1205 3243 1525 3337 (Calvus)
1579 3248 1889 3343 parvulus
1946 3264 2191 3316 statura
2222 3302 2241 3333 ,
2294 3265 2566 3344 propter
2606 3252 2790 3342 quod

667 3362 862 3428 etiam
899 3358 1202 3426 Catullus
1235 3356 1301 3420 in
1336 3354 1904 3446 Hendecasyllabis
1933 3370 2126 3422 vocat
2158 3354 2337 3422 illurn
2366 3357 2792 3448 salaputium

662 3467 997 3534 disertum.

771 3565 969 3656 (Vid.
1008 3590 1281 3635 carmen
1322 3563 1563 3632 Catulli
1605 3560 1825 3653 LIII.)

666 3755 743 3818 L.
763 3751 1021 3818 Seneca
1021 3742 1491 3838 philosophus,
1511 3747 1580 3808 ιή
1595 3745 2175 3835 Apocolocyntosi
2190 3742 2461 3813 Claudii
2469 3745 2788 3812 Coesaris.

768 3915 906 3980 Nec
947 3933 1164 3992 mora,
1216 3905 1550 4000 Cyllenius
1593 3906 1771 3975 illum
1818 3907 1985 3976 collo
2022 3908 2289 3977 obtorto
2325 3909 2524 3977 trahit
2560 3908 2642 3976 ad
2686 3911 2789 3977 in-

660 4023 869 4104 feroS,
