2986 4935
789 481 1232 550 CARMEN
1290 482 1562 549 XCIV.

98 614 363 667 editorem
410 611 714 681 Cantabrig.
759 624 808 663 et
853 612 925 664 sic
960 612 1132 679 placet

99 694 345 746 Bondano
387 693 518 744 Var.
563 695 706 745 Lect.
753 712 809 761 p.
856 695 983 743 126.
1027 691 1131 742 Nec

95 779 200 825 scio
228 788 301 834 te,
333 792 362 823 e
392 772 531 823 libro
561 773 856 824 membran.
880 772 1130 824 Comme-

98 855 199 905 lini
230 854 419 924 probat
438 850 1130 921 Meleager.—Conjungitur

99 935 204 985 hoc
225 932 494 983 distichon
514 950 634 983 cum
650 931 889 1001 sequenti
905 931 959 981 in
981 929 1127 981 editt.

100 1013 355 1064 Parthen.
378 1012 588 1082 Gryph.
616 1013 878 1082 probante
904 1010 1130 1080 Scalige-

97 1114 177 1147 ro.
210 1082 452 1145 Sed'non
483 1089 666 1155 video,
694 1089 967 1162 quomodo
994 1090 1130 1142 inter

2095 474 2241 575 ‚373

1220 630 1272 661 se
1304 610 1574 663 conciliari
1608 622 1766 679 queat
1795 609 2012 678 insignis
2037 622 2247 660 senteu-

1220 692 1410 743 tiarum
1440 687 1830 742 dissimilitudo.
1863 721 1943 731 —
1981 690 2150 739 Utrum
2185 694 2248 738 sis

1221 772 1355 822 albus
1409 790 1472 821 an
1528 783 1632 820 ater·
1682 770 1818 819 homo
1851 788 1868 820 :
1902 768 2251 838 proverbialis

1222 850 1488 902 locutioin
1505 863 1870 919 contemptum
1896 867 2101 909 eorum,
2117 866 2251 918 quos

1221 950 1319 983 nec
1344 930 1624 987 novimus,
1653 948 1751 981 nec
1783 948 1871 980 eos
1900 946 2050 979 nosse
2080 946 2239 979 cura-

1220 1029 1353 1064 mus,
1376 1009 1500 1062 vid.
1517 1010 1680 1080 Vulp.
1699 1007 1838 1060 adde
1868 1008 1980 1060 Cic.
2007 1007 2241 1077 Philipp.

1223 1091 1304 1154 11,
1348 1097 1444 1151 16,
1473 1103 1524 1141 et
1552 1090 1621 1140 ibi
1656 1090 1999 1158 Interpretes.

684 1303 1241 1390 CARMEN
1311 1304 1654 1390 XCIV.

871 1542 951 1584 IN
1014 1542 1505 1585 MENTULAM.

208 1732 576 1798 Manu-um.
611 1728 980 1797 moechatur
1010 1756 1022 1794 ε
1056 1730 1426 1796 moechatur
1464 1729 1753 1796 mentula
1799 1746 1994 1798 certe.

322 1839 469 1903 Hoc
516 1850 644 1921 est,
681 1834 858 1927 quod
900 1834 1129 1903 dicunt
1156 1862 1168 1901 :
1195 1838 1345 1928 Ipsa
1387 1836 1565 1902 olera
1603 1835 1730 1903 olla
1767 1840 1940 1929 legit.

186 2069 240 2101 1.
277 2048 500 2100 Alentula
533 2050 810 2100 moechatur.
849 2049 950 2099 Per
984 2048 1132 2098 Illon-

97 2131 257 2179 tutam
284 2126 546 2198 designari
571 2142 757 2197 putant
779 2128 1128 2187 Mamurram,

95 2209 251 2279 quod
286 2208 513 2259 maxime
543 2209 821 2278 probabile
843 2207 902 2259 fit
922 2227 981 2258 ex
1003 2208 1133 2276 Epi-

93 2306 331 2360 gramm.
381 2288 580 2351 CXIV,
627 2289 720 2339 ubi
759 2308 807 2339 v.
863 2307 883 2339 1
917 2305 929 2336 :
963 2288 1132 2338 «For-

97 2369 289 2420 miano
350 2367 481 2418 saltu
544 2387 654 2419 nou
717 2369 845 2420 falso
901 2366 1135 2418 Mentula

93 2447 253 2501 dives
292 2446 496 2500 Fertur.
519 2473 540 2493 ι
580 2447 746 2500 Natus
785 2461 860 2499 est
888 2448 1136 2499 nimirum

94 2530 388 2581 Mamurra
418 2527 646 2579 Formiis
672 2547 686 2592 ;
721 2527 844 2579 hinc
878 2526 1138 2578 Formiana

90 2609 301 2661 macula
329 2626 487 2676 supra
510 2606 684 2659 Carm.
711 2607 865 2658 LVII
882 2644 898 2669 ‚
919 2612 980 2667 43
1010 2608 1059 2658 F
1057 2627 1136 2657 or-

89 2695 297 2741 miana-5
319 2686 541 2737 decoctor
561 2686 684 2737 XLI
702 2726 716 2749 ,
745 2695 773 2748 4
787 2725 797 2737 .
825 2684 1026 2738 Indidit
1046 2705 1137 2736 au·

89 2783 205 2821 tem
240 2768 409 2819 Poeta
433 2767 750 2830 Mamurrae,
781 2766 848 2818 ad
880 2766 1137 2836 insignem

87 2852 211 2919 ejus
257 2843 544 2898 libidinem
591 2844 971 2916 insigniendam
994 2885 1010 2910 ,
1040 2865 1138 2897 no-

88 2948 221 2980 men
238 2925 483 2979 Mentula*
496 2968 510 2989 ,
526 2926 580 2977 in
596 2928 744 2996 cujus
757 2926 1137 2995 significatione

84 3008 412 3079 petulanter
435 3004 590 3058 ludit.

178 3107 236 3140 2.
287 3087 407 3154 Ipsa
448 3085 578 3136 olera
617 3086 716 3136 olla
764 3086 887 3155 legit
913 3127 928 3147 ,
981 3086 1031 3137 h.
1088 3107 1134 3137 e.

83 3179 296 3239 sponte
341 3166 531 3235 quaerit
557 3166 787 3217 mentula
810 3204 824 3228 ‚
852 3164 997 3236 quod
1026 3184 1138 3234 ejus

81 3260 312 3300 naturae
346 3245 666 3297 conveniens
696 3260 785 3297 est.
818 3246 966 3296 Dicta
989 3244 1136 3298 vide·

85 3342 177 3379 tur
232 3328 358 3378 haec
405 3325 755 3394 proverbialis
810 3326 1013 3376 locutio
1068 3323 1135 3376 de

82 3410 260 3459 rebus
280 3443 299 3469 ‚
333 3423 452 3474 quae
482 3417 668 3457 natura
699 3424 789 3456 sua
815 3405 915 3456 sibi
943 3424 1136 3456 conve-

80 3488 252 3539 niunt
277 3509 293 3548 ;
352 3483 511 3536 ducta
563 3498 739 3536 autem
787 3485 873 3536 illa
922 3483 1135 3536 videtur

1225 2049 1417 2100 Achilli
1447 2049 1612 2101 Statio
1645 2069 1676 2099 a
1706 2050 1822 2100 fure
1859 2048 2091 2120 quodam
2126 2050 2251 2101 hor-

1224 2130 1389 2190 tensi,
1434 2129 1525 2198 qui
1572 2130 1846 2180 manifesto
1888 2130 1940 2179 in
1976 2130 2115 2180 furto
2157 2128 2250 2181 de-

1224 2209 1517 2276 prehensus
1560 2208 1771 2277 culpam
1812 2228 1843 2259 a
1879 2228 1931 2260 se
1975 2209 2028 2259 in
2063 2209 2251 2275 ollam,

1224 2308 1330 2357 qua
1369 2289 1512 2339 olera
1556 2301 1865 2357 exceperat,
1908 2289 2247 2343 transtulerit.

1225 2401 1304 2408 ——
1323 2369 1434 2435 Ipsa
1458 2368 1588 2417 olera
1613 2368 1713 2417 olla
1721 2369 1852 2433 facit
1868 2366 2016 2419 dedit
2034 2388 2093 2418 ex
2119 2368 2252 2435 aliis,

1225 2461 1283 2499 ut
1316 2449 1422 2511 ait,
1463 2448 1850 2518 exemplaribus
1874 2448 2120 2513 Vossius;
2159 2450 2250 2502 sed

1225 2546 1393 2597 quum
1438 2547 1596 2578 uenio
1630 2528 1762 2579 alius
1800 2528 1936 2580 hanc
1974 2529 2247 2583 lectionem

1226 2609 1756 2667 commemoraverit,
1788 2609 2001 2659 finxisse
2031 2628 2144 2660 eam
2171 2612 2249 2661 vi-

1225 2706 1346 2737 rum
1392 2685 1610 2738 doctum
1644 2686 1899 2739 doctrinae
1931 2690 2252 2742 ostentandoe

1217 2785 1377 2818 causa
1405 2806 1419 2829 ,
1450 2766 1599 2817 facile
1628 2768 1726 2818 tibi
1755 2767 2096 2836 persuadeam
2130 2789 2249 2822 nam

1230 2847 1538 2897 translatum
1568 2846 1658 2898 ille
1685 2859 1832 2916 putat
1858 2849 1925 2897 ab
1959 2847 2077 2897 ollis
2105 2849 2253 2902 Grae·

1227 2944 1418 2977 corum
1432 2964 1446 2987 ,
1467 2944 1583 2993 quae
1603 2927 1657 2977 in
1673 2927 2015 2978 Anthesteriis
2033 2927 2257 2980 circ-um·

1226 3005 1555 3057 ducebantur
1572 3046 1587 3070 ,
1613 3006 1666 3056 in
1696 3025 1824 3076 quas
1846 3010 2253 3076 comportaban-

1228 3099 1313 3136 tur
1333 3085 1508 3135 omuis
1528 3087 1733 3155 generis
1752 3087 1917 3144 olera,
1943 3104 2059 3155 quae
2081 3099 2255 3139 tamen

1228 3185 1384 3216 nemo
1395 3162 1694 3232 degustaret
1709 3187 1724 3230 ;
1744 3180 1797 3216 ut
1812 3166 2044 3217 breviter
2061 3164 2254 3231 dicam,

1227 3245 1443 3295 Vossius
1459 3245 1726 3297 Catullum
1743 3245 2004 3297 existimat
2015 3246 2255 3298 Mamur·

1227 3344 1339 3376 ram
1377 3324 1473 3375 sub
1518 3325 1742 3377 obscena
1777 3326 2002 3395 imagine
2040 3346 2254 3398 compa-

1228 3423 1364 3455 rasse
1406 3404 1548 3465 ollae,
1597 3425 1715 3476 quae
1760 3405 1870 3457 solo
1917 3425 2055 3458 sacra
2099 3408 2252 3458 faciat

1227 3485 1371 3536 olere
1391 3485 1401 3534 ἔ
1421 3484 1432 3533 l
1456 3485 1468 3534 !
