2986 4935
806 394 1241 464 CARMEN
1301 395 1581 462 LXIV.

2101 392 2251 483 269

252 530 653 622 Barbaraque
689 526 983 595 horribili
1028 527 1344 595 stridebat
1379 526 1537 593 tibia
1579 541 1794 594 cantu.
2179 557 2251 591 aa.

249 636 504 703 Talibus
543 632 870 727 amplifice
909 635 1105 701 vestis
1148 633 1457 701 decorata
1501 632 1725 725 figuris

252 741 549 809 Pulvinar
584 739 925 834 complexa
961 764 1080 808 suo
1119 738 1378 807 velabat
1418 738 1682 806 amictu.

349 850 513 936 Quae
547 860 895 940 postquam
932 846 1173 940 cupide
1212 844 1571 939 spectando
1599 843 1908 913 Thessala
1950 846 2151 938 pubes

256 953 517 1048 Expleta
560 966 697 1033 est,
735 953 976 1019 sanctis
1019 954 1218 1046 coepit
1253 949 1572 1018 decedere
1610 952 1814 1019 Divis.

258 1061 373 1128 Hic
407 1057 610 1153 qualis
649 1057 806 1125 flatu
846 1056 1171 1150 placidum
1212 1081 1392 1124 mare
1429 1057 1750 1124 matutino

259 1164 649 1234 Horrificans
684 1163 1024 1256 Zephyrus
1062 1163 1388 1256 proclivas
1421 1164 1647 1230 incitat
1682 1164 1926 1249 undaS,
1967 1201 1970 1204 *

168 1349 383 1418 τυμπάνῳ
408 1349 439 1403 ἢ
462 1350 720 1400 iveta-ructui
742 1355 813 1418 τῷ
837 1344 1069 1415 κυμὸσίλῳ
1089 1364 1101 1397 :
1127 1373 1148 1392 ι

167 1429 278 1493 ubi,
308 1445 372 1478 ne
395 1427 537 1498 quis,
572 1439 631 1479 ut
666 1427 824 1495 vulgo
850 1428 944 1488 fit,
980 1424 1156 1477 diver-

168 1525 271 1557 sum
311 1508 458 1577 plane
501 1526 529 1558 a
578 1506 706 1558 tibia
751 1507 1157 1556 instrumentum

170 1585 339 1637 lubeat
352 1605 510 1647 corma,
529 1586 738 1656 egregie
753 1585 993 1636 observat
1010 1585 1158 1635 Hem·

170 1666 347 1717 seer-hm.
383 1685 530 1717 ooo-nu
575 1666 810 1716 aduncum
850 1677 897 1714 ee
938 1665 1161 1734 reflexum

172 1739 326 1814 (κέρας
362 1741 617 1806 ἀνανιῦον)
649 1763 739 1796 seu
772 1743 993 1794 eodone-m
1034 1744 1162 1794 eibiae

173 1823 380 1894 Pam-ria
407 1823 472 1876 ad
499 1842 713 1895 gravem
746 1837 796 1876 et
826 1841 1047 1874 raucum
1076 1842 1159 1872 so·

173 1921 283 1954 num
312 1922 369 1955 ex
401 1905 488 1957 illa
514 1900 834 1955 eliciendum
864 1901 1163 1972 appositum

174 1995 218 2034 et
236 1983 602 2054 agglutinatum
623 1983 793 2034 fuisse.
822 1983 1075 2050 Exempla
1099 1979 1161 2031 ad

175 2060 293 2114 hanc
334 2082 443 2115 rem
490 2059 911 2114 confirmandam
961 2061 1165 2130 prolata

177 2141 273 2209 lege
292 2141 425 2212 apud
447 2143 644 2212 ipsum.
672 2141 754 2194 cf.
781 2160 877 2191 nos
893 2138 964 2198 ad
989 2140 1163 2191 Carm.

176 2220 364 2284 LXIII,
394 2242 483 2275 αα.
508 2222 652 2273 Hinc
679 2221 864 2270 adunco
884 2219 1003 2269 tibia
1023 2238 1168 2268 cornu

176 2300 301 2369 apud
326 2299 479 2353 ovid.
506 2301 638 2352 Met.
662 2299 755 2350 lib.
774 2301 881 2353 111.
915 2297 1021 2350 533
1045 2338 1058 2361 ,
1077 2298 1168 2348 ubi

176 2378 232 2430 cf.
256 2381 550 2432 Burmannus
577 2392 630 2432 et
654 2379 921 2432 Gronovius
939 2418 952 2438 ,
984 2378 1172 2429 Obser-

176 2472 283 2511 vatt.
305 2462 345 2520 1,
380 2478 466 2530 ¹7·

245 2542 364 2594 265.
395 2540 625 2592 Bae-bara
656 2538 803 2599 tibia,
845 2538 898 2590 h.
925 2558 971 2589 e.
1001 2538 1171 2607 Phry-

174 2618 265 2686 gia,
281 2633 336 2672 ut
355 2639 528 2671 aarum
545 2618 841 2669 barbaricum
859 2615 1003 2686 apud
1021 2618 1169 2687 Virg.

177 2699 284 2748 AEn.
320 2700 370 2751 Π
394 2737 411 2762 ‚
453 2701 568 2759 504
592 2737 607 2763 ,
642 2698 741 2749 ubi·
773 2696 879 2747 vid.
925 2697 1083 2748 Cerda
1120 2710 1174 2747 et

173 2794 292 2846 quos
309 2779 381 2831 ihi
401 2776 584 2831 laudat
597 2778 918 2829 Burmannus.
940 2776 1023 2827 Cf.
1044 2776 1173 2826 Hor.

175 2854 330 2925 Epod.
356 2859 433 2910 lx
450 2896 466 2920 ‚
496 2861 553 2910 6.
574 2889 653 2899 -—
678 2855 833 2909 Haud
858 2856 978 2908 satis
997 2855 1173 2906 mirari

176 2952 371 3004 possum
424 2954 591 3008 quam
637 2935 871 2987 vividam
918 2934 1175 2986 bacclian-

177 3014 296 3067 tium
341 3017 629 3086 imaginem
677 3028 768 3067 aut
818 3015 994 3084 potius
1041 3015 1178 3085 ipsos

177 3092 482 3148 Bacchantes
510 3094 610 3146 sub
632 3095 800 3148 oculis
831 3094 918 3145 hic
948 3094 1179 3163 posuerit

175 3173 413 3228 Catullus.
438 3175 507 3226 N.

248 3257 370 3305 266.
404 3250 696 3323 Ampltfice,
736 3253 789 3303 h.
822 3272 868 3303 e·
902 3251 1064 3303 mulla
1096 3270 1178 3301 ar-

175 3343 246 3396 te,
272 3350 459 3403 magno
486 3330 772 3403 splendore
790 3370 805 3394 ‚
833 3332 1051 3401 egregie.

253 3418 375 3481 269.
412 3414 577 3482 Capit
601 3412 711 3462 dein
735 3410 897 3462 cedere
922 3411 1040 3461 divis
1060 3428 1184 3460 con·

171 3490 321 3559 jecut
336 3492 551 3545 Statius.
566 3519 645 3533 —-
663 3491 768 3541 Pro
790 3491 911 3541 divis
935 3491 988 3541 in
1007 3502 1182 3540 vetere

175 3569 348 3624 codice
392 3570 595 3623 Heinsii
638 3572 787 3621 tectis.
829 3601 906 3610 —
944 3568 1182 3619 Decedet-e

176 3667 267 3718 pro
278 3651 509 3722 simplici
530 3650 710 3710 cedere,
731 3661 791 3701 ut
806 3648 1015 3720 passim.
1034 3648 1180 3697 Platz

176 3731 377 3781 melnen.
412 3731 603 3799 Capit,
644 3729 834 3780 sensim
867 3728 1178 3796 sensimque.

254 3828 376 3878 ²7⁰·
418 3811 527 3862 Nec
559 3810 713 3881 qualis
745 3808 828 3859 vel
854 3808 1086 3876 AEqualis
1118 3825 1180 3857 ex

175 3886 317 3941 libris
353 3907 518 3941 manu
560 3888 784 3941 exaratis
819 3888 1018 3957 profert
1050 3887 1189 3937 Vos-

175 3967 309 4032 sius,
335 3969 432 4039 qui
464 3966 588 4019 inde
616 3967 737 4019 fecit
766 3966 844 4018 Ac
870 3967 1045 4038 qualis.
1076 3966 1189 4016 Me-

1244 1360 1343 1398 etc.
1383 1346 1601 1414 Egregie
1643 1346 1709 1398 ad
1760 1346 2161 1400 describendum
2196 1369 2258 1400 ex

1244 1424 1472 1477 discessu
1486 1437 1836 1494 spectatorum
1850 1429 2126 1479 excitatum
2139 1443 2261 1481 stre·

1245 1506 1446 1575 pinum,
1475 1504 1710 1573 primum
1737 1505 1950 1575 quidem
1987 1507 2260 1577 progredi--

1246 1585 1455 1636 entibus
1483 1584 1822 1653 paucioribus
1850 1587 2102 1638 leniorem
2121 1625 2136 1650 ‚
2166 1587 2257 1639 de·

1248 1661 1373 1714 inde
1403 1681 1529 1714 vero
1551 1701 1564 1726 ,
1593 1663 1991 1716 succedentibus
2019 1667 2260 1737 pluribus

1247 1756 1297 1794 et
1323 1743 1374 1792 in
1404 1740 1635 1794 diversas
1661 1743 1899 1813 regiones
1921 1747 2262 1806 abeuntibus,

1248 1821 1579 1890 graviorem,
1625 1822 1857 1874 latiorem
1903 1838 1953 1875 et
1995 1827 2260 1877 sonantio-

1248 1919 1394 1965 rem3
1428 1901 1492 1951 ab
1537 1900 1692 1952 undis
1726 1903 1878 1953 maris
1917 1904 2151 1973 primum
2183 1907 2256 1956 le-

1251 1981 1427 2040 niori,
1462 1978 1657 2031 deinde
1695 1983 2074 2035 vehementiori
2108 1999 2263 2036 vento

1252 2058 1486 2128 agitatis,
1529 2059 1690 2128 petita
1730 2063 2073 2130 comparatio.
2122 2064 2261 2114 Fun-

1251 2137 1379 2190 dum
1422 2138 1578 2207 hujus
1621 2141 1806 2207 saepius
1846 2159 1873 2191 a
1905 2143 2073 2211 poetis
2107 2142 2262 2193 ador-

1252 2231 1383 2268 natae
1423 2219 1831 2289 comparationis
1869 2222 1972 2288 jam
2018 2220 2262 2273 indicavit

1256 2297 1385 2347 Ach.
1412 2297 1637 2360 Statius,
1666 2298 1820 2351 Hom.
1843 2298 1994 2352 Iliad.
2025 2303 2122 2363 IV,
2156 2308 2259 2362 ‘5²2

1253 2394 1364 2446 sqq.
1388 2376 1607 2447 Egregia
1633 2378 1875 2447 inprimis
1905 2394 2011 2432 arte
2036 2380 2265 2433 imitatus

1255 2471 1331 2508 est
1362 2456 1551 2526 Virgil.
1597 2457 1804 2510 lEneid.
1841 2460 1977 2523 VII,
2027 2461 2133 2514 528
2159 2503 2173 2526 ‚
2213 2466 2264 2514 'et

1257 2537 1449 2606 Georg.
1470 2538 1579 2599 111,
1604 2540 1731 2607 ⁹¹37·
1753 2571 1831 2579 —
1853 2541 2053 2591 Lenzius
2079 2542 2130 2591 in
2154 2544 2268 2612 Spi-

1257 2616 1410 2686 cileg.
1449 2618 1751 2669 Observatt.
1788 2633 2057 2690 comparat
2092 2624 2266 2691 Apoll.

1259 2694 1433 2747 Rhod.
1475 2697 1537 2759 1,
1587 2700 1731 2765 1159
1777 2718 1888 2769 sqq.
1929 2714 1979 2751 et
2026 2702 2268 2772 Euripid.

1261 2775 1511 2826 Phoeniss.
1543 2780 1867 2839 218—221,
1903 2780 1988 2830 ubi
2017 2780 2124 2831 vid.
2154 2784 2272 2831 Val-

1260 2855 1446 2905 ckenar.
1492 2886 1572 2896 --
1619 2858 1746 2920 Hic,
1786 2858 1897 2914 hoc*
1920 2873 2271 2925 spectatorum

1262 2933 1507 2985 discessu.
1537 2967 1616 2975 -
1657 2937 1754 2986 Hic
1784 2934 1999 2989 adverb.
2039 2938 2104 2990 de
2140 2954 2274 2990 tem-

1261 3032 1391 3083 pore
1418 3013 1627 3065 dicitur.
1660 3014 1865 3066 AEneid.
1892 3017 1946 3077 Ι,
1977 3020 2109 3084 73²·
2140 3022 2202 3071 N.

1349 3111 1476 3160 271.
1517 3092 1816 3161 Horrficans
1854 3096 2107 3165 Zephyrus
2125 3137 2139 3160 ,
2176 3098 2275 3167 φρὶξ

1265 3175 1500 3241 Ζεφύροιο.
1531 3173 1768 3233 Hom-re,
1802 3174 2062 3226 horrescere
2083 3219 2093 3238 ,
2120 3174 2281 3247 (φρίσ-

1266 3249 1401 3311 σιιν)
1444 3264 1496 3301 et
1528 3254 1697 3302 horror
1725 3251 1791 3302 de
1821 3255 1982 3317 mari,
2004 3270 2278 3309 ventorum

1267 3331 1499 3400 impulsu
1545 3345 1875 3400 exasperato,
1927 3337 2131 3403 passim.
2183 3339 2284 3388 Ze·

1261 3412 1443 3481 plaeyrus
1463 3423 1636 3461 autem
1666 3409 1733 3461 ad
1757 3414 2056 3483 exemplum
2084 3416 2282 3468 Home—

1270 3490 1346 3552 ri,
1382 3509 1408 3541 ει
1444 3508 1551 3558 quo
1583 3489 1777 3542 dicitur
1802 3493 1999 3561 λάβρος,
2025 3495 2173 3548 Iliad.
2200 3499 2248 3549 11
2268 3540 2279 3557 ‚

1280 3573 1385 3631 1258
1408 3606 1424 3629 ‚
1455 3566 1643 3629 δυσαὴς
1664 3608 1678 3633 ,
1710 3569 1900 3640 Odyss.
1924 3575 1992 3636 V,
2036 3577 2142 3641 ²95
2167 3614 2178 3627 .
2220 3575 2286 3627 de·

1273 3667 1591 3718 quocunque
1615 3664 1772 3701 vento
1793 3651 2188 3705 vehementiori.
2209 3690 2286 3696 -—

1272 3728 1399 3779 Vox
1438 3727 1717 3797 hore-ficum
1760 3749 1866 3780 non
1907 3733 2284 3785 vehementiori

1275 3821 1431 3860 vento
1450 3810 1716 3860 concitum
1737 3828 1877 3860 mare
1899 3810 2149 3879 significat
2169 3855 2182 3877 ‚
2197 3814 2283 3865 sed

1277 3887 1551 3956 planitiem
1569 3886 1829 3939 undarum
1844 3891 2016 3957 primo
2033 3910 2182 3943 mane
2202 3913 2292 3944 au-

1278 3985 1335 4016 ra
1360 3968 1636 4037 subegitari
1654 3968 1991 4037 incipientem
2017 3983 2066 4021 et
2095 3974 2287 4043 crispa·

179 4047 274 4101 lior
301 4061 380 4101 est
408 4060 587 4100 nostra
608 4048 781 4099 lectio,
811 4076 889 4088 —
921 4046 1016 4096 Hic
1038 4046 1192 4115 qualis
1282 4058 1406 4096 tam.
1438 4046 1525 4097 Sic
1571 4060 1745 4098 noster
1781 4049 2063 4111 [afflamine
2084 4091 2095 4112 ,
2131 4051 2184 4102 in
2225 4056 2298 4105 fa·
