2986 4935
661 407 811 499 274

1200 405 1275 467 C.
1318 402 1756 470 VALERII
1819 404 2261 471 CATULLI

763 537 1050 605 Advenit
1081 534 1282 621 cae10‚
1327 550 1391 602 te
1432 534 1682 622 solum,
1723 537 2008 624 Phoebe,
2045 535 2464 631 relinquens,
2739 572 2809 606 ι...

768 645 1276 737 Unigenamque
1318 641 1508 711 simul
1546 641 1888 711 cultricem
1930 644 2269 712 montibus
2304 643 2480 730 Idri3

764 749 952 819 Pelea
992 774 1143 817 nam
1184 764 1406 817 tecum
1442 751 1691 842 pariter
1725 775 1915 819 soror
1948 764 2300 844 aspernata
2335 765 2471 834 est,

766 857 907 924 Nec
942 856 1238 925 Thetidis
1284 855 1485 924 taedas
1530 855 1740 925 voluit
1779 856 2115 925 celebrare
2153 855 2428 950 jugales.

867 965 1003 1051 Qui
1042 976 1392 1056 postquam
1439 964 1670 1031 niveos
1715 963 2041 1032 flexerunt
2086 963 2354 1032 sedibus
2392 977 2616 1050 artuS‚

762 1075 979 1162 Lai-ge
1023 1067 1370 1162 multiplici
1402 1083 1802 1138 constructae
1843 1084 2000 1138 sunt
2032 1069 2206 1164 dape
2239 1094 2519 1154 mensae;
2739 1106 2813 1142 με

764 1179 994 1263 Quum
1032 1178 1282 1242 interea
1313 1176 1578 1244 infirmo
1613 1179 1982 1270 quatientes
2020 1200 2306 1270 corpora
2335 1191 2562 1263 motu,

654 1372 902 1434 videtur,
952 1368 1022 1420 ob
1069 1379 1393 1438 perpetuum
1441 1368 1685 1418 castitatis

655 1450 907 1504 studium.
938 1447 1235 1518 Sapientius
1272 1459 1445 1497 autem
1476 1447 1684 1512 Noster,

657 1531 870 1583 remotis
919 1530 987 1580 ab
1037 1527 1122 1578 his
1166 1525 1367 1596 nuptiis
1415 1526 1584 1578 Diana
1631 1539 1683 1577 et

658 1611 937 1682 Apolline,
988 1607 1247 1660 rationein
1280 1605 1562 1658 instituisse
1603 1607 1681 1657 vi·

657 1691 831 1752 detur,
867 1707 1027 1759 quam
1055 1687 1255 1748 ceteri,
1285 1696 1347 1736 ut
1383 1685 1681 1749 Homerus,

661 1770 940 1841 AEschylus
987 1780 1041 1819 et
1084 1766 1211 1829 alii,
1258 1764 1352 1835 qui
1402 1778 1680 1817 canentem

658 1850 790 1902 adeo
840 1850 898 1901 in
947 1847 1031 1899 his
1077 1845 1280 1916 nuptiis
1319 1844 1582 1897 Phoebum
1629 1858 1682 1897 et

658 1933 821 1983 fausta
866 1927 1117 1999 qnalibet
1161 1922 1381 1977 Thetidi
1430 1938 1482 1976 et
1525 1925 1680 1977 Peleo

658 2011 1031 2064 vaticinantem
1056 2003 1335 2058 inducunt.

743 2094 874 2144 301.
916 2089 1100 2140 Montis
1139 2087 1305 2157 [thyni
1332 2084 1578 2136 Parthen.
1603 2116 1681 2126 —-

662 2173 765 2224 ldae
787 2167 1107 2222 emendabat
1138 2165 1406 2218 Palladius
1420 2204 1435 2229 ,
1458 2164 1603 2234 quod
1625 2165 1680 2216 in

660 2251 926 2323 plerisque
964 2246 1112 2299 editt.
1158 2259 1421 2298 servatum
1463 2258 1580 2309 est;
1624 2257 1682 2295 ut

662 2330 870 2403 Gryph.
904 2330 1100 2381 Muret-
1126 2326 1299 2378 Graev.
1320 2324 1449 2376 silv.
1466 2324 1680 2393 Bipont.

664 2409 1071 2479 -Intelligunt
1097 2419 1272 2457 autem
1305 2417 1539 2455 montem
1581 2405 1681 2456 Ca·

663 2493 753 2544 riae
767 2531 783 2554 ,
807 2490 901 2541 ubi
920 2488 1088 2539 Diana
1105 2485 1371 2555 praecipue
1390 2484 1680 2536 colebatur.

662 2607 741 2615 .-
770 2571 952 2622 Montis
979 2569 1129 2618 Itonis
1159 2563 1471 2634 conjiciebat
1496 2564 1683 2616 Victo-

663 2652 802 2712 rius,
842 2647 1159 2700 reclamante
1193 2645 1422 2694 Mureto.
1456 2643 1685 2695 Achilles

661 2731 883 2792 Statius,
911 2744 1076 2798 quum
1095 2723 1151 2774 in
1168 2724 1319 2775 libris
1340 2723 1488 2773 MSS.
1509 2723 1684 2774 omni-

665 2814 764 2863 bus
786 2807 1062 2879 reperisset
1084 2803 1190 2856 [dri
1216 2804 1295 2854 vel
1328 2803 1375 2853 Y
1374 2803 1452 2853 dri
1476 2802 1686 2855 volebat

668 2891 886 2960 Hydrae,
914 2904 1035 2957 quae
1054 2896 1130 2936 est
1155 2884 1340 2936 civitas
1374 2881 1560 2952 Lydia
1590 2900 1683 2934 au-

662 2986 805 3025 ctore
846 2968 1131 3030 Strabone3
1178 2982 1241 3016 eo
1284 2973 1463 3015 autem
1513 2974 1682 3014 tractu

664 3054 772 3105 fere
792 3061 903 3102 toto
920 3045 1190 3100 maritimo
1209 3043 1402 3113 Apollo
1414 3042 1684 3094 colebatur

662 3151 726 3184 ex
767 3127 1004 3200 ejusdem
1049 3124 1318 3177 Strabonis
1358 3122 1680 3173 testimonio.

666 3214 733 3264 At
778 3209 1008 3277 Scaliger
1050 3204 1233 3257 scribit
1275 3202 1508 3253 montibus
1543 3202 1688 3271 hydri

665 3293 720 3343 h.
767 3309 816 3343 e.
862 3285 1116 3357 serpentis
1162 3282 1449 3354 Pythonis3
1508 3294 1685 3332 montes

667 3370 811 3442 hydri
868 3367 1028 3437 igitur
1082 3364 1456 3433 interpretatur
1507 3374 1684 3412 montes

666 3448 924 3518 Delphicas
974 3456 1190 3514 propter
1234 3441 1535 3512 Pythonem
1579 3460 1686 3494 ser-

667 3541 879 3600 pentem
914 3525 982 3577 ab
1020 3523 1264 3593 Apolline
1299 3522 1379 3573 ibi
1416 3521 1536 3573 telis
1557 3539 1684 3572 con-

663 3612 860 3671 fixum3
882 3602 975 3657 sed
995 3614 1226 3654 nostram
1248 3601 1529 3654 lectionem
1548 3601 1684 3653 bene

660 3686 900 3743 defendit
940 3683 1172 3736 Vossius,
1207 3712 1287 3724 —-
1327 3682 1685 3752 Unigenamque

661 3769 818 3822 simul.
847 3766 1068 3834 Unigena
1097 3774 1175 3815 est
1198 3761 1364 3815 Diana
1384 3798 1400 3823 ‚
1430 3761 1556 3831 quia
1574 3779 1682 3814 uno

659 3848 952 3917 eodemque
988 3854 1147 3914 partu
1178 3859 1302 3894 cum
1347 3840 1549 3892 Phoebo
1593 3860 1683 3911 ge-

656 3931 795 3985 nita,
830 3924 1082 3997 συγγενής.
1110 3953 1191 3965 —-
1218 3920 1475 3973 Cultu-icem
1505 3925 1681 3973 monti·

660 4009 743 4060 bas
788 4008 920 4069 Μή,
974 4015 1267 4056 versantem
1318 4013 1369 4053 et
1409 4000 1681 4053 venationi

655 4101 874 4158 operans
903 4084 1119 4138 dantem
1148 4085 1203 4137 in
1234 4080 1506 4134 montibus
1542 4079 1672 4132 Idri.

1773 1364 2022 1417 Montibus
2063 1386 2164 1437 pro
2207 1372 2258 1418 in
2294 1367 2567 1432 montibus,
2612 1368 2818 1421 onim

1771 1445 2150 1516 praepositione
2188 1451 2240 1497 in
2271 1460 2332 1499 ut
2366 1463 2538 1517 ωρος
2575 1449 2818 1519 exquisi-

1774 1526 1878 1578 tius
1910 1540 2085 1578 autem
2122 1526 2224 1577 hoc
2255 1544 2358 1597 pro
2394 1526 2602 1595 vulgati
2635 1529 2817 1580 culo-i-
2847 1547 2856 1552 ¹

1771 1625 1869 1656 cem
1911 1611 2084 1658 montis
2124 1605 2536 1669 Idm—Idan,
2575 1620 2638 1660 ut
2668 1609 2820 1662 Von-

1772 1687 1880 1737 sius
1907 1685 2064 1738 docet
2080 1724 2095 1752 ,
2112 1698 2192 1738 est
2215 1704 2372 1739 mons
2391 1684 2579 1740 Caria.
2602 1687 2672 1738 In
2705 1688 2819 1742 boc

1771 1778 1956 1819 monte
1997 1765 2274 1836 complura
2321 1778 2472 1818 erant
2510 1765 2732 1837 oppida
2766 1782 2822 1821 et

1770 1844 1887 1898 loca
1930 1845 2113 1898 Diana
2156 1845 2415 1916 fratrique
2461 1847 2574 1916 eju:
2614 1864 2820 1901 conae·

1768 1938 1939 1989 crata,
1985 1938 2046 1979 ut
2092 1926 2391 1988 Hecatesia,
2439 1925 2781 1994 Chrysoun-ia
2799 1967 2820 1993 ‚

1769 2005 2035 2058 Euromns
2091 2005 2299 2076 aliaque
2323 2027 2340 2069 ς
2395 2003 2613 2057 Ich-iada
2674 2026 2820 2078 pro-

1769 2097 1950 2153 pterea
1976 2083 2165 2150 dictas,
2188 2083 2336 2155 quod
2357 2085 2414 2137 in
2437 2097 2620 2142 monte
2666 2086 2819 2141 Idro

1770 2165 1882 2217 sitae
1914 2178 2104 2218 essent.
2128 2197 2210 2208 —
2241 2165 2506 2219 Caeternm
2526 2161 2596 2216 de
2625 2165 2821 2220 Diana

1769 2245 2034 2296 montium
2077 2245 2300 2297 cultrice
2339 2234 2650 2314 (ὄριστίρᾳ)
2698 2247 2819 2302 vid.

1769 2323 2024 2392 Spanloem.
2059 2323 2129 2377 ad
2159 2325 2468 2378 Callimacb.
2500 2323 2720 2395 Hymn-
2760 2329 2819 2380 in

1771 2404 1925 2455 Dian.
1969 2424 2020 2457 v.
2068 2406 2134 2458 18
2159 2442 2175 2470 ,
2222 2405 2364 2457 conf.
2412 2423 2573 2476 supra
2619 2405 2821 2461 Car-m.

1772 2485 2033 2547 XXXIV,
2068 2506 2100 2554 9
2135 2503 2252 2557 sqq.

1854 2563 1986 2616 302.
2023 2566 2237 2617 Pallada
2284 2581 2387 2635 pro
2429 2564 2578 2617 Pelea
2605 2564 2821 2622 vidone

1773 2643 1826 2693 in
1850 2642 1979 2695 edit.
2008 2644 2255 2697 Parthen.

1855 2724 1981 2785 304.
2024 2724 2190 2777 Niveis
2239 2724 2450 2795 Gryph.
2507 2723 2720 2778 Muret-
2763 2742 2825 2783 et

1771 2800 1922 2854 editt.
1957 2803 2098 2867 aliae,
2123 2822 2282 2874 quam
2308 2804 2593 2857 lectionum
2617 2802 2826 2860 ‹lefm-

1772 2880 1856 2935 dit
1881 2882 2262 2936 Mitscberlich.
2285 2882 2380 2936 sed
2397 2882 2550 2938 valde
2563 2881 2782 2940 dubito
2797 2927 2815 2951 ‚

1771 2980 1837 3013 an
1866 2965 2050 3026 niveus,
2080 2962 2231 3035 quod
2256 2964 2392 3016 ebur
2419 2961 2613 3016 candet
2631 2977 2697 3017 et
2724 2968 2818 3019 ω’-

1772 3059 1928 3094 veum
1968 3055 2047 3096 est
2062 3081 2077 3107 ,
2112 3061 2215 3113 pro
2239 3044 2467 3096 ebur-nem
2494 3056 2640 3096 recte
2691 3043 2816 3098 diei

1772 3135 1945 3192 queat.
1982 3154 2062 3164 —-
2090 3125 2262 3196 Postq.
2304 3126 2399 3196 nio.
2423 3125 2604 3194 fhw.
2640 3125 2812 3177 sedit.

1772 3213 1866 3254 art.
1890 3202 2147 3272 exquisite
2173 3222 2273 3275 pro
2301 3203 2509 3274 vulgar}
2535 3203 2771 3255 seda-nt
2788 3246 2806 3265 .

1771 3281 1903 3334 sedes
1921 3296 2230 3354 occupas-unt.
2241 3283 2486 3337 uminis
2502 3283 2644 3336 enim
2670 3296 2818 3337 ten·

1774 3363 2000 3432 poribus
2023 3361 2277 3417 sedebant
2307 3360 2377 3416 ad
2412 3381 2658 3429 mensas,
2691 3382 2814 3416 non

1772 3443 2151 3496 recumbebant
2161 3482 2177 3509 ,
2194 3455 2254 3496 ut
2269 3455 2461 3497 notum
2474 3481 2492 3505 .
2513 3442 2810 3515 vid.anp.

1771 3524 2060 3586 ——Niveos,
2085 3522 2325 3586 divinos,
2353 3521 2542 3576 (livino
2562 3520 2816 3595 quodam

1769 3601 2053 3673 splendore
2081 3604 2167 3656 vel
2194 3601 2427 3657 candore
2446 3605 2816 3676 conspicuos,

1770 3683 1855 3734 vel
1905 3683 2216 3754 simpliciter
2269 3683 2544 3754 pulclwoe.
2592 3683 2815 3737 Sedibus

1768 3760 1980 3815 doctius
2005 3762 2060 3814 in
2088 3779 2213 3816 cam
2235 3763 2397 3817 tertio
2424 3782 2529 3834 pm
2557 3764 2630 3817 ad
2642 3762 2814 3817 edu.

1855 3841 1986 3897 305.
2017 3843 2291 3897 construet.
2317 3865 2359 3896 s.
2387 3844 2506 3915 dap.
2542 3864 2607 3897 ιιι.
2644 3844 2820 3898 simi-

1769 3922 1890 3975 liter
1917 3924 2108 3977 Cicero
2126 3936 2366 3977 eneruem
2384 3924 2605 3978 Tuscul.
2624 3943 2683 3978 v.
2712 3943 2745 3976 a
2762 3943 2786 3976 ι
2799 3940 2818 3974 z

1775 4029 1798 4050 ι
1821 4002 2018 4057 Menan
2046 4004 2450 4059 exau-uehuntur
2473 4004 2666 4077 epnlis.
2687 4031 2717 4051 -

1849 4084 1972 4135 306.
1999 4084 2159 4153 Quum
2182 4087 2380 4148 interea,
2398 4097 2500 4140 etc.
2523 4083 2711 4140 Locus
2734 4100 2825 4140 ot·
