2986 4935
657 408 801 474 303

1180 405 1253 466 C.
1296 404 1411 470 VA
1434 403 1729 470 LERII
1787 403 2243 470 CATULLI

758 541 910 605 Fixa
948 559 1192 604 corona
1229 535 1433 616 foret:
1469 532 1580 600 sed
1615 559 1734 600 nos
1765 559 2025 626 quoque
2064 533 2460 626 fulgeremus

863 647 1139 710 Devotae
1180 642 1328 706 flavi
1368 641 1627 706 verticis
1664 641 1930 707 exuviae.

766 749 1111 816 Uvidulam
1158 772 1193 811 a
1234 746 1423 828 fletu,
1470 745 1811 812 cedentem
1855 744 1936 812 ad
1973 745 2220 839 templa
2265 749 2519 828 Deum,
2565 772 2669 814 me

866 856 1057 922 Sidus
1101 855 1164 918 in
1210 852 1493 943 antiquis
1538 853 1710 917 Diva
1747 875 1992 918 novum
2032 853 2271 945 posuit.

764 961 1079 1052 VirginiS,
1120 972 1184 1023 et
1222 959 1374 1023 saevi
1419 958 1806 1048 contingens
1846 981 2129 1049 namque
2167 960 2405 1025 Leonis
2731 993 2779 1026 ω

869 1067 1184 1144 Lumina,
1230 1060 1502 1128 Callisto
1532 1063 1761 1152 juncta
1800 1064 2181 1154 Lycaoniae,

763 1177 824 1240 V
829 1185 1006 1238 crtor
1053 1172 1116 1235 in
1158 1192 1498 1252 occasum,
1543 1167 1803 1235 tardum
1843 1168 1976 1235 dux
2020 1184 2171 1237 ante
2215 1173 2498 1250 Booten,
2744 1199 2766 1229 ο

748 1371 811 1416 61
829 1405 840 1414 .
872 1363 1061 1413 Corona
1080 1396 1096 1420 ,
1125 1358 1192 1410 de
1224 1357 1477 1410 Ariadnes
1506 1361 1670 1410 Coro-

663 1466 726 1498 na
756 1483 769 1508 ,
806 1463 866 1494 ex
898 1445 1009 1511 ejus
1035 1439 1203 1510 capite
1228 1457 1256 1488 a
1285 1438 1490 1489 Baccho
1519 1438 1572 1488 in
1607 1438 1672 1487 si-

665 1525 877 1576 deribus
950 1520 1203 1570 collocata
1250 1536 1261 1566 :
1306 1516 1414 1568 vid.
1478 1516 1674 1585 Hygin.

669 1607 876 1654 Astron.
922 1601 1001 1662 II,
1038 1599 1087 1649 5.

748 1687 839 1732 62.
875 1679 1078 1729 Vereicis
1120 1679 1299 1726 exui-ite
1322 1716 1335 1737 ,
1376 1693 1558 1725 comae.
1589 1675 1674 1725 Sic

666 1763 848 1814 Senec.
871 1756 1147 1827 Hippolyt.
1170 1775 1220 1806 v.
1250 1773 1268 1805 1
1291 1772 1308 1803 1
1325 1758 1387 1807 81
1419 1772 1431 1804 :
1464 1780 1483 1798 a
1506 1754 1678 1805 Place-

670 1861 785 1892 mus
820 1839 1060 1898 umbras,
1099 1837 1266 1902 capieis
1298 1836 1486 1884 ennias
1521 1851 1678 1901 cepe,

671 1923 983 1987 Laceraeque
1004 1915 1189 1966 frontis
1211 1913 1385 1981 accipe
1407 1913 1678 1963 abscissam

669 2016 892 2051 comam.
914 2023 933 2042 ›-
975 1997 1173 2046 Devotae
1197 2035 1209 2054 ,
1245 1992 1360 2043 Diis
1390 1991 1675 2061 promissae.

671 2112 749 2121 --
774 2078 917 2129 Flava·
952 2077 1143 2124 verticis
1160 2094 1179 2133 ,·
1221 2071 1295 2122 sic
1327 2074 1487 2142 flavus
1515 2082 1681 2120 vertex

670 2157 737 2209 de
765 2156 910 2208 flavis
946 2154 1182 2206 crinibus
1215 2170 1373 2221 supra
1414 2149 1682 2200 dicebatur

672 2241 847 2289 Carm.
876 2234 1071 2297 LXIV,
1100 2231 1189 2282 53.
1206 2264 1279 2271 —
1299 2233 1376 2280 De
1399 2229 1568 2299 pretio
1597 2227 1684 2278 fla·

672 2334 859 2366 vorum
898 2313 1124 2364 crinium
1147 2307 1290 2378 apud
1325 2310 1542 2359 Veteres
1571 2304 1677 2357 vid.

671 2413 768 2446 nos
792 2410 949 2462 supra
975 2388 1041 2441 ad
1072 2386 1212 2439 idem
1244 2393 1413 2439 Carm.
1435 2406 1484 2436 v.
1523 2388 1613 2452 98.

756 2475 843 2524 63.
870 2469 1280 2536 l't’viduloaflatu
1299 2466 1538 2535 Scaliger.
1568 2466 1681 2516 Ποί-

674 2554 836 2603 (lulum
882 2570 912 2599 a
947 2550 1106 2618 fluctu
1165 2564 1383 2615 operose
1447 2543 1684 2596 defendit

674 2631 916 2687 Vossius;
943 2627 1095 2679 innui
1113 2636 1289 2676 autem
1306 2644 1335 2674 a
1360 2625 1515 2674 Poeta
1535 2636 1683 2693 putat

675 2709 940 2779 vulgarem
959 2706 1234 2758 hominum
1255 2703 1559 2773 opinionem
1575 2742 1589 2764 ‚
1620 2721 1680 2754 ex

675 2807 777 2860 qua
790 2788 976 2839 animae
991 2784 1359 2837 defunctorum
1371 2822 1385 2846 ,
1402 2795 1679 2850 antequam

676 2868 742 2920 nd
768 2886 979 2936 campos
1004 2864 1210 2935 Elysios
1243 2875 1330 2913 aut
1357 2860 1503 2912 sedes
1529 2879 1681 2930 supe-

678 2968 759 3001 ras
780 2957 1133 3018 penetrarent,
1164 2943 1434 2993 Oceanum
1466 2941 1682 2991 transire

648 3042 651 3047 '
675 3026 886 3079 creditae
900 3037 1017 3076 sunt
1032 3062 1047 3086 ,
1065 3035 1117 3073 et
1135 3022 1261 3072 hinc
1280 3020 1682 3088 uvidulumfluctu

674 3108 805 3157 sidus
848 3123 953 3155 esse
996 3102 1152 3153 maris
1200 3101 1280 3150 vel
1314 3098 1449 3149 aeris
1491 3099 1682 3149 marini

673 3188 896 3237 humore
920 3179 1184 3233 roscidum
1212 3190 1372 3248 atque
1397 3178 1679 3229 imbutum.

678 3263 921 3315 Vossium
962 3260 1197 3329 sequitur
1223 3297 1237 3320 ‚
1274 3272 1324 3309 et
1358 3255 1678 3308 reconditam

673 3347 814 3411 eJ'us‚
857 3358 958 3409 qua
1003 3338 1137 3390 lianc
1175 3337 1450 3388 lectionem
1488 3335 1681 3386 confir-

679 3422 856 3480 marit,
889 3416 1237 3470 eruditionem
1269 3414 1542 3484 magnifice
1572 3415 1681 3466 col-

675 3498 852 3552 laudat
872 3497 1115 3567 Vulpius.
1166 3494 1415 3546 [sa-adulam
1451 3512 1510 3543 ac
1533 3495 1684 3563 fletus

676 3581 883 3631 edentem
925 3576 1145 3643 conjecit
1192 3574 1303 3627 Nic.
1355 3573 1581 3623 Heinsius
1627 3573 1679 3623 in

674 3659 810 3712 notis
836 3656 906 3709 ad
938 3654 1126 3708 Catull.
1156 3652 1315 3705 Dione
1336 3672 1433 3723 pro
1453 3652 1589 3702 deum
1613 3671 1682 3702 me

674 3739 851 3792 Parth.
886 3763 963 3778 --
995 3733 1186 3785 Noster
1218 3733 1335 3784 MS.
1374 3731 1613 3782 uvidulam
1650 3752 1680 3781 a

661 3820 837 3887 fluctu.
859 3816 924 3865 N.
942 3845 1020 3855 —
1040 3812 1291 3863 Uvideaelam
1309 3832 1338 3860 a
1355 3812 1483 3879 fletu
1495 3828 1680 3879 :quam

670 3898 832 3947 invita
859 3894 1002 3945 enim
1026 3890 1190 3942 Coma
1216 3888 1283 3940 de
1311 3889 1504 3942 vertice
1531 3890 1680 3942 Bere·

668 3975 811 4026 nices
839 3970 1077 4034 cesserit,
1109 3981 1322 4021 testatur
1352 3969 1460 4038 ipsa
1488 3987 1539 4020 v.
1575 3967 1642 4035 39
1663 4008 1679 4029 ,

671 4060 766 4121 40,
789 4053 856 4105 cs.
882 4071 928 4102 v.
958 4050 1047 4119 75.
1067 4049 1349 4119 —Y'empla
1374 4048 1528 4098 Deum
1546 4051 1679 4101 anti-

1762 1378 1864 1428 que
1891 1378 1989 1429 pro
2009 1360 2163 1421 coelo;
2189 1360 2262 1411 sic
2289 1358 2449 1410 lucida
2480 1359 2653 1434 templa
2672 1361 2787 1407 coeh

1762 1437 1828 1490 de
1858 1438 1969 1491 caeli
2001 1439 2302 1508 regionibus
2326 1436 2540 1490 sidereis
2564 1438 2782 1488 Luci-et.

1767 1521 1828 1581 1,
1857 1535 1957 1569 101
1972 1519 2033 1581 3,
2057 1531 2108 1569 et
2136 1519 2205 1569 sie
2227 1516 2370 1569 idem
2393 1517 2582 1587 sepius
2604 1518 2782 1585 templa

1763 1610 1814 1648 et
1855 1598 2017 1649 domus
2060 1597 2196 1648 deum
2241 1598 2325 1648 vel
2357 1598 2480 1648 coeli.
2507 1627 2588 1638 --
2616 1597 2775 1654 Dic-a,

1765 1679 1965 1728 Venus.

1844 1757 1934 1808 65.
1964 1757 2279 1826 pronamque
2295 1795 2309 1818 ,
2340 1773 2508 1825 quum
2525 1753 2584 1806 id
2600 1774 2632 1807 a
2656 1753 2783 1805 sede

1766 1855 1855 1886 sua
1879 1875 1894 1899 ,
1925 1854 2084 1906 quam
2124 1836 2179 1886 in
2208 1853 2387 1886 versus
2422 1834 2606 1886 limine
2638 1835 2785 1886 obti-

1765 1933 1890 1965 nere
1929 1913 2182 1975 debebat,
2211 1914 2369 1965 nimis
2395 1926 2656 1964 remotum
2685 1914 2784 1974 sit,

1766 1992 2046 2062 legendum
2077 2006 2208 2064 puto
2242 2012 2432 2063 nempe,
2457 1989 2602 2062 quod
2626 2010 2784 2061 egre-

1766 2072 1847 2141 gie
1872 2071 2195 2142 quadrat.—-
2208 2074 2438 2136 Locum,
2462 2089 2620 2141 quem
2641 2071 2786 2123 inter

1768 2149 1936 2202 sidera
1970 2152 2304 2221 occupaverit
2326 2153 2526 2213 Coma,
2558 2168 2785 2202 enume-

1767 2231 1969 2281 ratione
2021 2231 2314 2282 vicinorum
2351 2228 2582 2282 siderum
2623 2229 2786 2281 lucu-

1768 2310 1934 2361 lenter
1989 2307 2248 2362 describit.
2300 2310 2472 2361 nabet
2522 2308 2786 2361 nimirum

1769 2388 1885 2451 illa,
1909 2402 1964 2439 ut
1986 2389 2216 2459 Scaliger
2231 2392 2336 2458 jam
2348 2387 2418 2440 ad
2433 2389 2573 2440 bunc
2601 2387 2786 2439 locum

1768 2470 2083 2526 observavit,
2134 2470 2201 2520 ab
2243 2482 2362 2521 ortu
2399 2470 2620 2519 Bootem
2667 2467 2788 2520 sive

1769 2547 2179 2619 Arctophylaca,
2228 2548 2294 2599 ab
2338 2566 2526 2600 occasu
2561 2545 2788 2599 dorsum

1770 2628 1989 2691 Leonis»,
2029 2646 2062 2679 a
2109 2626 2568 2697 septemtrionibus
2608 2639 2789 2696 poste·

1768 2707 1930 2758 riores
1960 2704 2120 2776 pedes
2146 2708 2292 2757 Ursae
2313 2706 2549 2775 majoris,
2567 2723 2601 2756 a
2623 2706 2788 2756 meri·

1768 2784 1855 2836 die
1869 2786 2161 2855 Virginem.

1850 2868 1942 2917 66.
1973 2866 2175 2916 Callisto
2187 2868 2322 2933 justa
2343 2856 2471 2933 (pro
2481 2853 2649 2933 jot-tta)
2675 2864 2785 2933 Ly-

1769 2944 1970 2994 caonida
2002 2944 2133 2995 Scal.
2163 2946 2310 2995 Voss,
2335 2944 2506 3013 Vulp.
2533 2943 2784 2995 Cantnbr.

1770 3036 1948 3074 contra
2011 3025 2165 3075 metri
2218 3024 2443 3074 rationes
2467 3040 2486 3086 ;
2538 3021 2782 3091 nuspiam

1769 3102 1910 3153 enim
1934 3102 2231 3170 exemplum
2256 3114 2416 3153 exstat
2432 3141 2447 3163 ,
2478 3102 2572 3153 uhi
2599 3100 2785 3151 ultima

1760 3184 1906 3249 justa
1941 3195 2180 3251 correpta
2206 3181 2302 3244 sit3
2328 3191 2566 3232 nostram
2600 3180 2785 3231 lectio-

1769 3279 1890 3311 nem
1920 3272 2127 3311 tuentur
2154 3278 2334 3310 omnes
2351 3257 2500 3312 editt.
2515 3259 2786 3328 antiquio·

1769 3357 1867 3390 reS.
1891 3370 1968 3379 --
1996 3341 2224 3402 Lumina,
2254 3337 2414 3389 sidus.
2431 3370 2515 3381 --
2537 3337 2751 3390 Callisto
2769 3375 2784 3397 ,

1772 3422 2038 3469 Καλλιστοῖ
2060 3436 2204 3470 casus
2226 3418 2425 3469 tertius.
2439 3418 2637 3468 Fabul·
2655 3415 2784 3467 Cal·

1772 3496 1945 3560 limus,
1969 3498 2227 3567 Lycaonis
2248 3495 2516 3549 Arcadum
2551 3496 2688 3565 regis
2717 3495 2784 3545 fi-

1771 3576 1883 3636 lioe,
1908 3577 2165 3627 aJunone
2189 3577 2244 3627 in
2266 3595 2440 3629 ursam
2465 3588 2702 3636 mutate,
2731 3574 2785 3623 in

1771 3654 1956 3722 vulgus
1974 3668 2096 3705 nota
2124 3668 2214 3707 est.

1769 3762 1774 3769 ι
1851 3737 1945 3802 67.
1991 3735 2201 3786 Tardum
2245 3734 2446 3785 Booten.
2480 3733 2789 3803 Arctophy-

1769 3812 1850 3863 lax
1868 3850 1881 3875 ,
1899 3812 2022 3883 quia
2043 3832 2157 3864 sero
2182 3811 2402 3879 occidit,
2423 3826 2477 3864 et
2501 3813 2628 3884 polo
2653 3831 2793 3883 pro·

1768 3893 1887 3960 pior
1920 3891 2064 3943 tarde
2099 3890 2385 3962 procedere
2404 3890 2645 3955 videtur,
2662 3910 2794 3943 mo·

1768 3970 1840 4022 do
1862 3972 2025 4022 tardus
2047 3963 2232 4040 (ovid.
2253 3972 2380 4023 Met.
2403 3972 2458 4022 11
2474 4010 2490 4035 ‚
2519 3970 2649 4041 ¹77)
2671 3988 2796 4021 mo-

1766 4047 1837 4101 do
1871 4057 2011 4121 piger
2051 4041 2217 4117 (Fast.
2251 4051 2364 4117 111,
2406 4051 2547 4113 405,
2588 4048 2794 4103 Claud.
