2986 4935
704 470 719 512 1
745 450 837 529 ol,

1219 448 1769 513 C.VALER11
1829 447 2296 515 CATULLI

1244 692 1800 780 CARMEN
1897 693 2270 777 XXIX.

1473 937 1555 978 IN
1612 935 2025 980 CAESAREM.

1000 1136 1178 1218 Quis
1221 1132 1347 1197 hoc
1391 1145 1607 1223 potest
1652 1129 1911 1211 videre,
1948 1131 2094 1222 quis
2141 1145 2356 1223 potest
2394 1135 2564 1225 pati,

1003 1238 1140 1303 Nisi
1183 1235 1584 1328 impudicus,
1626 1250 1691 1302 ct
1736 1260 1970 1315 vorax,
2009 1249 2074 1302 et
2112 1235 2290 1321 ale0‚

1005 1345 1408 1408 Mamurram
1450 1341 1729 1424 habere,
1762 1340 1939 1433 quod
1973 1343 2251 1409 Comata
2291 1342 2503 1412 Gallia

762 1566 899 1615 Ano.
956 1559 1359 1613 contumeliosis
1412 1559 1707 1629 proscindit

688 1648 943 1697 Caesarem
979 1639 1261 1701 conviciis,
1294 1637 1437 1708 quod
1467 1640 1704 1689 Mamur-

682 1741 794 1775 ram
849 1714 1117 1790 (quocum
1163 1720 1389 1787 turpiter
1438 1718 1527 1768 ille
1576 1736 1702 1768 con-

681 1821 849 1854 suesse
880 1798 1115 1862 videtur,
1141 1798 1281 1851 conf.
1319 1799 1497 1849 Carm.
1523 1791 1702 1859 LVII)

683 1880 749 1933 ad
787 1897 1012 1932 summas
1056 1879 1357 1946 importuna
1393 1896 1481 1926 sua
1512 1875 1702 1927 libera·

678 1962 825 2013 litate
852 1970 1087 2009 evectum
1117 1956 1326 2008 divitias
1350 1956 1561 2025 profuse
1593 1958 1700 2024 jam

621 2081 624 2083 -
680 2039 856 2091 omnia
894 2036 1115 2108 perdere
1151 2049 1202 2087 et
1230 2034 1516 2104 deglutire,
1560 2047 1610 2085 et
1635 2033 1702 2084 ad

679 2117 989 2190 explendam
1026 2115 1298 2168 libidinem
1334 2130 1543 2166 strenue
1577 2133 1701 2164 con·

679 2217 901 2257 sumere,
929 2211 1034 2247 tam
1059 2215 1209 2265 aequo
1236 2195 1412 2245 animo
1447 2192 1619 2244 videat
1651 2207 1702 2245 et

679 2278 924 2349 patiatur.
946 2276 1285 2327 simillimum
1304 2275 1459 2342 igitur
1473 2273 1703 2323 Mamur-

677 2377 749 2409 τω
771 2369 943 2409 censet
967 2355 1136 2423 ipsum
1162 2355 1436 2415 Caesarem,
1454 2352 1544 2421 qui
1567 2354 1701 2421 ejus·

681 2436 823 2488 modi
849 2434 1117 2486 hominem
1142 2434 1279 2484 ferre
1308 2445 1356 2482 et
1381 2433 1559 2483 fovere
1582 2450 1701 2500 pos-

677 2517 760 2573 sit,
786 2532 1012 2583 eumque
1040 2511 1394 2580 ignominiosis
1411 2512 1512 2561 illis
1532 2509 1701 2573 dictis,

677 2613 793 2665 quae
833 2592 1049 2661 proprie
1092 2591 1143 2641 in
1185 2592 1505 2641 Mamurram
1548 2589 1699 2641 cade·

677 2676 825 2735 bant,
860 2672 1086 2739 maligno
1110 2668 1268 2720 dente
1293 2669 1485 2720 lacerat
1513 2682 1563 2719 et
1587 2688 1702 2738 per·

675 2753 901 2821 stringit.
949 2750 1194 2802 Graviter
1223 2748 1463 2817 inprimis
1489 2760 1541 2797 et
1574 2749 1698 2798 salse

676 2834 742 2885 ab
767 2833 857 2883 illo
880 2830 1086 2900 quaerit,
1108 2849 1172 2879 an
1194 2848 1255 2879 eo
1273 2828 1487 2878 nomine
1510 2840 1561 2878 et
1580 2844 1699 2877 con·

675 2913 792 2964 silio
828 2910 896 2962 ad
925 2911 1151 2961 orientes
1182 2907 1404 2977 populos
1432 2904 1698 2957 debellan-

675 2991 772 3043 dos
799 2991 1062 3061 profectus
1093 2988 1173 3047 sit,
1212 3000 1267 3038 ut
1300 2988 1531 3054 ingentes
1559 2984 1695 3036 divi-

672 3072 863 3124 tiarum
884 3070 1060 3139 copias
1077 3069 1358 3118 Mamurrae
1375 3062 1698 3132 dissipandas

671 3148 1098 3217 devorandasque
1133 3158 1350 3215 pararet.
1378 3178 1458 3185 —-
1491 3146 1693 3207 Quam-

669 3249 825 3300 quam
845 3229 1002 3297 igitur
1019 3230 1118 3278 hoc
1129 3225 1509 3277 contumelioso
1524 3224 1575 3275 in
1591 3224 1693 3275 Cae·

668 3328 833 3361 sarem
862 3307 1092 3358 carmine
1120 3306 1203 3355 vix
1232 3302 1523 3373 quidquam
1556 3302 1693 3372 cogi·

671 3388 767 3439 tari
800 3397 969 3455 potest
999 3384 1247 3436 audacius
1277 3395 1326 3432 et
1357 3394 1522 3451 poetae
1551 3383 1688 3451 peri-

670 3465 928 3525 culosius,
993 3464 1139 3514 illum
1199 3475 1370 3512 tamen
1427 3474 1534 3511 tam
1583 3461 1686 3511 leni

667 3545 822 3596 fuisse
850 3543 1059 3610 ingenio
1094 3539 1253 3593 tradit
1284 3541 1496 3590 Sueton.
1527 3531 1685 3605 (Caes.

669 3642 783 3693 cap.
813 3620 938 3691 73.)
966 3635 1053 3680 ut,
1078 3618 1223 3690 quod
1249 3619 1328 3669 vix
1358 3618 1555 3678 credam,
1588 3619 1685 3669 Ca-

672 3704 867 3763 tullum,
910 3721 939 3749 a
980 3720 1072 3769 quo
1097 3700 1189 3750 sibi
1219 3700 1463 3748 versiculis
1499 3698 1557 3746 de
1584 3700 1690 3749 Ma.

668 3802 846 3842 murra,
864 3791 1091 3849 perpetua
1111 3782 1336 3847 stigmata
1361 3781 1577 3845 imposita
1599 3798 1691 3828 non

667 3861 1073 3919 dissimulaverat,
1115 3860 1507 3923 satisfacientem,
1553 3857 1606 3907 h.
1641 3878 1686 3908 e.

667 3940 984 3992 dementiam
1009 3938 1128 3989 sacti
1154 3950 1502 3998 excusantem,
1526 3937 1685 3987 eadem

663 4021 742 4070 die
773 4019 1041 4069 adhibuerit
1065 4036 1208 4066 coenoe
1225 4056 1240 4077 ,
1275 4016 1564 4085 hospitioque
1588 4036 1682 4083 pa-

665 4102 750 4149 tris
778 4103 876 4163 ejas
895 4138 908 4157 ‚
940 4100 1060 4148 sicae
1087 4107 1385 4146 consueverat
1395 4132 1411 4154 ,
1441 4098 1680 4162 utiperse·

1798 1563 2043 1617 verm-erit.
2081 1560 2132 1611 h.
2166 1581 2210 1611 e.
2242 1561 2378 1630 patri
2416 1562 2612 1614 Catulli
2640 1564 2824 1635 hospi-

1796 1639 1927 1689 tium
1945 1680 1959 1700 ,
1987 1639 2114 1689 olim
2142 1640 2436 1692 institutum
2452 1680 2467 1706 ‚
2489 1655 2717 1712 propter
2741 1645 2822 1696 in·

1791 1718 1983 1784 juriani
2003 1737 2029 1768 a
2056 1717 2166 1769 filio
2187 1732 2472 1789 acceptam,
2501 1740 2608 1772 non
2630 1742 2825 1775 renun-

1793 1797 2032 1857 ciaverit,
2065 1810 2121 1848 ut
2148 1811 2288 1849 recte
2316 1799 2389 1849 ibi
2424 1800 2823 1870 interpretatur,

1792 1887 1845 1925 et
1891 1878 2094 1945 egregie
2132 1891 2236 1929 tam
2293 1876 2361 1928 ad
2407 1879 2520 1930 illas
2565 1880 2817 1951 Scaliger-i

1792 1955 2101 2006 subtilitates
2138 1956 2207 2008 ad
2253 1957 2466 2009 Eusebii
2506 1958 2817 2012 Chronioon

1793 2034 2186 2086 MDCCCCLX
2216 2037 2527 2105 propositas,
2555 2057 2723 2108 quam
2751 2039 2818 2092 ad

1794 2114 1961 2164 vossii
1990 2115 2217 2183 argutias
2256 2115 2325 2167 ad
2361 2115 2415 2167 h.
2451 2116 2487 2167 l.
2530 2118 2820 2187 respondet

1791 2193 2014 2244 Ernesti.
2033 2225 2111 2234 —-
2138 2195 2400 2247 Caeterum
2430 2195 2706 2249 Mamurra
2724 2199 2822 2250 fuit

1792 2273 2066 2340 praefectus
2085 2273 2291 2325 fabrum
2311 2275 2525 2326 Caesaris
2548 2276 2600 2326 in
2625 2277 2821 2339 Gallia,

1791 2349 1857 2400 cle
1885 2353 2032 2420 cujus
2056 2352 2235 2404 insano
2261 2354 2387 2404 luxu
2417 2367 2492 2405 est
2515 2355 2668 2407 locus
2694 2358 2820 2409 clas-

1790 2431 1924 2482 sicus
1945 2430 2085 2501 apnd
2115 2432 2250 2484 Plin.
2278 2433 2542 2498 XXXVI,
2575 2437 2633 2487 6.
2661 2436 2815 2490 Conf.

1789 2512 1950 2579 Bayle
1987 2512 2299 2562 Dictionnare
2324 2513 2582 2584 histor-ique
2607 2527 2664 2565 et
2681 2521 2815 2568 criti-

1788 2610 1877 2660 que
1904 2630 1914 2648 ,
1952 2609 1999 2640 v.
2032 2592 2300 2643 Mamurra
2328 2631 2340 2643 .
2373 2605 2410 2643 t.
2439 2595 2524 2655 H,
2558 2611 2613 2662 p.
2647 2614 2816 2647 2020.

1872 2689 1920 2720 α.
1965 2670 2145 2721 Helluo
2182 2673 2331 2724 Voss,
2373 2691 2531 2742 quem
2575 2676 2815 2745 sequitur

1788 2750 1998 2817 Bipont.
2037 2769 2143 2800 non
2181 2750 2335 2819 plane
2360 2751 2539 2820 inepte
2571 2766 2710 2822 puto
2746 2756 2815 2805 ob

1788 2847 1916 2878 vers.
1958 2847 2041 2896 ¹7·
2079 2829 2167 2879 ubi
2194 2843 2269 2880 est
2302 2831 2537 2881 helluatus
2566 2844 2656 2884 est.
2709 2832 2814 2885 Sed

1785 2919 2014 2958 nostram
2043 2908 2323 2960 lectionem
2356 2911 2461 2960 aleo
2489 2911 2815 2964 mordaciter

1785 2997 1960 3037 tenent
1982 2988 2354 3057 antiquissimae
2376 2988 2528 3041 editt.
2559 2990 2675 3042 fere
2700 3009 2813 3043 om·

1783 3084 1889 3115 nes.
1911 3065 2105 3117 Eadem
2128 3086 2228 3116 vox
2252 3067 2570 3120 restituenda
2596 3070 2815 3122 videtur

1784 3145 2013 3195 Sallustii
2040 3146 2191 3196 Catil.
2215 3148 2368 3211 XIV,
2397 3168 2445 3209 π,
2476 3148 2567 3199 ubi
2592 3168 2702 3219 pro
2720 3169 2813 3220 ga-

1781 3243 1867 3273 neo
1881 3226 2072 3276 rectius
2090 3225 2143 3275 in
2161 3225 2474 3294 quibusdam
2496 3227 2696 3297 legitur
2707 3232 2814 3281 aleo

1780 3303 1851 3353 ob
1880 3316 2182 3372 sequentem
2215 3325 2396 3357 vocem
2425 3326 2583 3359 manu.

1863 3384 1913 3433 3.
1940 3383 2151 3445 Habere,
2174 3384 2228 3435 h.
2252 3405 2298 3437 e.
2320 3384 2605 3455 possidere,
2625 3388 2685 3439 in
2710 3408 2812 3440 ma-

1779 3481 1849 3511 nn
1876 3472 1927 3510 et
1958 3475 2209 3531 potestate
2235 3483 2322 3515 sua
2352 3465 2564 3528 habere,
2595 3480 2657 3519 ut
2686 3470 2807 3535 ἔχειν

1775 3538 1919 3608 apud
1939 3539 2164 3594 Graecos.
2191 3542 2317 3595 vid.
2339 3544 2381 3595 si
2406 3545 2533 3595 tanti
2560 3559 2656 3609 est,
2676 3547 2808 3599 Dra·

1776 3620 2093 3672 ekenborch.
2126 3620 2193 3673 ad
2229 3623 2321 3674 Sil.
2353 3624 2469 3674 Ital.
2508 3625 2578 3686 V,
2612 3629 2723 3688 264
2757 3638 2806 3677 et

1782 3700 1954 3749 Graev.
1979 3699 2092 3752 Cic.
2115 3699 2181 3751 ad
2204 3701 2301 3771 Ep.
2326 3700 2392 3754 ad
2417 3703 2538 3754 Div.
2558 3703 2685 3764 VII,
2714 3725 2808 3774 ²9·

1783 3778 1932 3845 Quod
1960 3782 2089 3829 uncti
2114 3779 2340 3841 habehat,
2382 3782 2806 3855 quibuscumque

1779 3858 1928 3908 bonis
1942 3870 2003 3915 *et
2022 3858 2335 3911 lautioribus
2352 3860 2510 3911 rebus
2523 3861 2807 3930 gaudebat,

1778 3937 1846 3987 cf.
1864 3955 2046 4007 supra,
2062 3937 2126 3989 ad
2148 3939 2327 3990 Carm.
2348 3940 2422 3997 X,
2455 3958 2473 3991 1
2494 3959 2512 3992 ι
2528 3943 2807 3994 .—Come-

1776 4028 1825 4064 ta
1871 4015 2042 4067 Gallia
2086 4017 2392 4088 intelligitur
2426 4018 2599 4071 Gallia
2630 4023 2805 4073 omnis

1772 4094 2115 4165 Transalpina
2170 4109 2362 4166 prater
2406 4098 2803 4151 Narbonensem
