<?xml version="1.0" encoding="UTF-8"?>
<!DOCTYPE html PUBLIC "-//W3C//DTD XHTML 1.0 Transitional//EN"
    "http://www.w3.org/TR/xhtml1/DTD/xhtml1-transitional.dtd">
<html xmlns="http://www.w3.org/1999/xhtml" xml:lang="en" lang="en">
 <head>
  <title>
</title>
<meta http-equiv="Content-Type" content="text/html;charset=utf-8" />
  <meta name='ocr-system' content='tesseract 3.04.00' />
  <meta name='ocr-capabilities' content='ocr_page ocr_carea ocr_par ocr_line ocrx_word'/>
</head>
<body>
  <div class='ocr_page' id='page_1' title='image "./cvaleriuscatull00naudgoog_0120.png"; bbox 0 0 2986 4935; ppageno 0'>
   <div class='ocr_carea' id='block_1_1' title="bbox 708 426 804 519">
    <p class='ocr_par' dir='ltr' id='par_1_1' title="bbox 708 426 804 519">
     <span class='ocr_line' id='line_1_1' title="bbox 708 426 804 519; baseline 0 -24"><span class='ocrx_word' id='word_1_1' title='bbox 708 426 804 519; x_wconf 79' lang='lat'>98</span> 
     </span>
    </p>
   </div>
   <div class='ocr_carea' id='block_1_2' title="bbox 1235 426 2309 494">
    <p class='ocr_par' dir='ltr' id='par_1_2' title="bbox 1235 426 2309 494">
     <span class='ocr_line' id='line_1_2' title="bbox 1235 426 2309 494; baseline -0.001 -2"><span class='ocrx_word' id='word_1_2' title='bbox 1235 426 1783 493; x_wconf 83' lang='lat' dir='ltr'>C.VALER11</span> <span class='ocrx_word' id='word_1_3' title='bbox 1843 427 2309 494; x_wconf 77' lang='lat' dir='ltr'>CATULLI</span> 
     </span>
    </p>
   </div>
   <div class='ocr_carea' id='block_1_3' title="bbox 910 556 2823 1181">
    <p class='ocr_par' dir='ltr' id='par_1_3' title="bbox 910 556 2823 1074">
     <span class='ocr_line' id='line_1_3' title="bbox 910 556 2711 651; baseline 0 -26"><span class='ocrx_word' id='word_1_4' title='bbox 910 556 1389 649; x_wconf 75' lang='lat' dir='ltr'>sudariumque</span> <span class='ocrx_word' id='word_1_5' title='bbox 1426 556 1788 640; x_wconf 85' lang='lat' dir='ltr'>Saetabum,</span> <span class='ocrx_word' id='word_1_6' title='bbox 1826 556 2390 651; x_wconf 74' lang='lat' dir='ltr'>catagraphosque</span> <span class='ocrx_word' id='word_1_7' title='bbox 2418 557 2711 650; x_wconf 80' lang='lat' dir='ltr'>Thynos,</span> 
     </span>
     <span class='ocr_line' id='line_1_4' title="bbox 914 660 2720 757; baseline 0 -29"><span class='ocrx_word' id='word_1_8' title='bbox 914 668 1175 757; x_wconf 83' lang='lat' dir='ltr'><strong>Inepte,</strong></span> <span class='ocrx_word' id='word_1_9' title='bbox 1212 689 1355 756; x_wconf 84' lang='lat' dir='ltr'>quae</span> <span class='ocrx_word' id='word_1_10' title='bbox 1399 660 1612 756; x_wconf 87' lang='lat' dir='ltr'>palam</span> <span class='ocrx_word' id='word_1_11' title='bbox 1657 661 1823 730; x_wconf 90' lang='lat' dir='ltr'>soles</span> <span class='ocrx_word' id='word_1_12' title='bbox 1858 663 2133 746; x_wconf 87' lang='lat' dir='ltr'>hahere,</span> <span class='ocrx_word' id='word_1_13' title='bbox 2172 678 2482 757; x_wconf 90' lang='lat' dir='ltr'>tanquam</span> <span class='ocrx_word' id='word_1_14' title='bbox 2526 665 2720 731; x_wconf 89' lang='lat' dir='ltr'>avita.</span> 
     </span>
     <span class='ocr_line' id='line_1_5' title="bbox 917 767 2765 863; baseline 0.001 -27"><span class='ocrx_word' id='word_1_15' title='bbox 917 772 1084 858; x_wconf 86' lang='lat' dir='ltr'>Quae</span> <span class='ocrx_word' id='word_1_16' title='bbox 1131 794 1306 837; x_wconf 88' lang='lat' dir='ltr'>nunc</span> <span class='ocrx_word' id='word_1_17' title='bbox 1352 770 1476 837; x_wconf 87' lang='lat' dir='ltr'>tuis</span> <span class='ocrx_word' id='word_1_18' title='bbox 1521 768 1603 835; x_wconf 90' lang='lat' dir='ltr'>ab</span> <span class='ocrx_word' id='word_1_19' title='bbox 1640 768 1971 861; x_wconf 87' lang='lat' dir='ltr'>unguibus</span> <span class='ocrx_word' id='word_1_20' title='bbox 2012 767 2332 863; x_wconf 82' lang='lat' dir='ltr'>reglutina</span> <span class='ocrx_word' id='word_1_21' title='bbox 2377 785 2443 837; x_wconf 91' lang='lat' dir='ltr'>et</span> <span class='ocrx_word' id='word_1_22' title='bbox 2479 772 2765 854; x_wconf 86' lang='lat' dir='ltr'>remitte;</span> 
     </span>
     <span class='ocr_line' id='line_1_6' title="bbox 917 873 2823 968; baseline 0 -25"><span class='ocrx_word' id='word_1_23' title='bbox 917 879 1017 943; x_wconf 75' lang='lat' dir='ltr'>&#39;Ne</span> <span class='ocrx_word' id='word_1_24' title='bbox 1056 875 1312 942; x_wconf 87' lang='lat' dir='ltr'>laneum</span> <span class='ocrx_word' id='word_1_25' title='bbox 1357 873 1786 961; x_wconf 81' lang='lat' dir='ltr'>latusculum,</span> <span class='ocrx_word' id='word_1_26' title='bbox 1822 876 2118 968; x_wconf 86' lang='lat' dir='ltr'>natisque</span> <span class='ocrx_word' id='word_1_27' title='bbox 2154 873 2561 968; x_wconf 68' lang='lat' dir='ltr'>mollicellas²</span> <span class='ocrx_word' id='word_1_28' title='bbox 2782 914 2823 938; x_wconf 80' lang='grc' dir='ltr'>ω</span> 
     </span>
     <span class='ocr_line' id='line_1_7' title="bbox 918 979 2456 1074; baseline -0.001 -25"><span class='ocrx_word' id='word_1_29' title='bbox 918 987 1141 1049; x_wconf 86' lang='lat' dir='ltr'>lnusta</span> <span class='ocrx_word' id='word_1_30' title='bbox 1183 982 1460 1074; x_wconf 82' lang='lat' dir='ltr'>turpiter</span> <span class='ocrx_word' id='word_1_31' title='bbox 1492 980 1612 1049; x_wconf 90' lang='lat' dir='ltr'>tibi</span> <span class='ocrx_word' id='word_1_32' title='bbox 1642 979 1894 1073; x_wconf 86' lang='lat' dir='ltr'>flagella</span> <span class='ocrx_word' id='word_1_33' title='bbox 1932 979 2456 1065; x_wconf 87' lang='lat' dir='ltr'>conscribillent‚</span> 
     </span>
    </p>

    <p class='ocr_par' dir='ltr' id='par_1_4' title="bbox 915 1084 2475 1181">
     <span class='ocr_line' id='line_1_8' title="bbox 915 1084 2475 1181; baseline 0 -26"><span class='ocrx_word' id='word_1_34' title='bbox 915 1092 999 1155; x_wconf 84' lang='lat' dir='ltr'>Et</span> <span class='ocrx_word' id='word_1_35' title='bbox 1037 1086 1389 1154; x_wconf 79' lang='lat' dir='ltr'>insolenter</span> <span class='ocrx_word' id='word_1_36' title='bbox 1422 1087 1689 1171; x_wconf 69' lang='lat' dir='ltr'>aestues,</span> <span class='ocrx_word' id='word_1_37' title='bbox 1723 1084 1903 1154; x_wconf 87' lang='lat' dir='ltr'>velut</span> <span class='ocrx_word' id='word_1_38' title='bbox 1940 1089 2188 1154; x_wconf 86' lang='lat' dir='ltr'>minuta</span> <span class='ocrx_word' id='word_1_39' title='bbox 2235 1111 2475 1181; x_wconf 84' lang='lat' dir='ltr'>magno</span> 
     </span>
    </p>
   </div>
   <div class='ocr_carea' id='block_1_4' title="bbox 703 1304 1737 3990">
    <p class='ocr_par' dir='ltr' id='par_1_5' title="bbox 703 1304 1737 3737">
     <span class='ocr_line' id='line_1_9' title="bbox 792 1304 1725 1378; baseline -0.002 -19"><span class='ocrx_word' id='word_1_40' title='bbox 792 1329 842 1378; x_wconf 87' lang='lat'>7.</span> <span class='ocrx_word' id='word_1_41' title='bbox 893 1308 1238 1375; x_wconf 73' lang='lat' dir='ltr'>Sudoriumque</span> <span class='ocrx_word' id='word_1_42' title='bbox 1285 1305 1543 1357; x_wconf 71' lang='lat' dir='ltr'>Saetahum.</span> <span class='ocrx_word' id='word_1_43' title='bbox 1598 1304 1725 1357; x_wconf 85' lang='lat' dir='ltr'>Vid.</span> 
     </span>
     <span class='ocr_line' id='line_1_10' title="bbox 708 1384 1727 1459; baseline -0.006 -20"><span class='ocrx_word' id='word_1_44' title='bbox 708 1409 820 1459; x_wconf 79' lang='lat' dir='ltr'>sup.</span> <span class='ocrx_word' id='word_1_45' title='bbox 848 1385 914 1440; x_wconf 89' lang='lat' dir='ltr'>ad</span> <span class='ocrx_word' id='word_1_46' title='bbox 948 1388 1124 1439; x_wconf 86' lang='lat' dir='ltr'>Carm.</span> <span class='ocrx_word' id='word_1_47' title='bbox 1167 1386 1301 1450; x_wconf 80' lang='lat' dir='ltr'>XII,</span> <span class='ocrx_word' id='word_1_48' title='bbox 1352 1393 1438 1448; x_wconf 72' lang='grc' dir='ltr'>κά.</span> <span class='ocrx_word' id='word_1_49' title='bbox 1483 1384 1727 1454; x_wconf 80' lang='lat' dir='ltr'>Catagra-</span> 
     </span>
     <span class='ocr_line' id='line_1_11' title="bbox 703 1464 1728 1539; baseline -0.004 -21"><span class='ocrx_word' id='word_1_50' title='bbox 703 1471 915 1539; x_wconf 77' lang='lat' dir='ltr'>pleosque</span> <span class='ocrx_word' id='word_1_51' title='bbox 941 1468 1148 1538; x_wconf 76' lang='lat' dir='ltr'>Thynos.</span> <span class='ocrx_word' id='word_1_52' title='bbox 1183 1466 1287 1515; x_wconf 84' lang='lat' dir='ltr'>Vix</span> <span class='ocrx_word' id='word_1_53' title='bbox 1312 1478 1448 1516; x_wconf 87' lang='lat' dir='ltr'>certe</span> <span class='ocrx_word' id='word_1_54' title='bbox 1476 1464 1728 1516; x_wconf 81' lang='lat' dir='ltr'>affirmari</span> 
     </span>
     <span class='ocr_line' id='line_1_12' title="bbox 710 1543 1726 1617; baseline -0.005 -18"><span class='ocrx_word' id='word_1_55' title='bbox 710 1561 879 1617; x_wconf 81' lang='lat' dir='ltr'>potest</span> <span class='ocrx_word' id='word_1_56' title='bbox 898 1587 912 1610; x_wconf 92' lang='lat'>,</span> <span class='ocrx_word' id='word_1_57' title='bbox 955 1543 1084 1616; x_wconf 88' lang='lat' dir='ltr'>quid</span> <span class='ocrx_word' id='word_1_58' title='bbox 1113 1565 1206 1616; x_wconf 84' lang='lat' dir='ltr'>per</span> <span class='ocrx_word' id='word_1_59' title='bbox 1234 1545 1554 1614; x_wconf 78' lang='lat' dir='ltr'>catagraphos</span> <span class='ocrx_word' id='word_1_60' title='bbox 1595 1546 1641 1595; x_wconf 88' lang='lat' dir='ltr'><strong><em>T</em></strong></span> <span class='ocrx_word' id='word_1_61' title='bbox 1639 1545 1726 1613; x_wconf 74' lang='lat' dir='ltr'>hy-</span> 
     </span>
     <span class='ocr_line' id='line_1_13' title="bbox 711 1624 1732 1695; baseline 0 -20"><span class='ocrx_word' id='word_1_62' title='bbox 711 1647 795 1677; x_wconf 83' lang='lat' dir='ltr'>nos</span> <span class='ocrx_word' id='word_1_63' title='bbox 829 1624 1230 1695; x_wconf 82' lang='lat' dir='ltr'>intelligendum</span> <span class='ocrx_word' id='word_1_64' title='bbox 1264 1625 1345 1676; x_wconf 86' lang='lat' dir='ltr'>sit.</span> <span class='ocrx_word' id='word_1_65' title='bbox 1373 1624 1603 1675; x_wconf 83' lang='lat' dir='ltr'>Achilles</span> <span class='ocrx_word' id='word_1_66' title='bbox 1624 1624 1732 1675; x_wconf 86' lang='lat' dir='ltr'>Sta-</span> 
     </span>
     <span class='ocr_line' id='line_1_14' title="bbox 712 1702 1729 1774; baseline -0.003 -19"><span class='ocrx_word' id='word_1_67' title='bbox 712 1706 813 1757; x_wconf 86' lang='lat' dir='ltr'>tius</span> <span class='ocrx_word' id='word_1_68' title='bbox 834 1725 941 1757; x_wconf 87' lang='lat' dir='ltr'>non</span> <span class='ocrx_word' id='word_1_69' title='bbox 965 1705 1138 1774; x_wconf 84' lang='lat' dir='ltr'>inepte</span> <span class='ocrx_word' id='word_1_70' title='bbox 1161 1704 1386 1773; x_wconf 81' lang='lat' dir='ltr'>explicat</span> <span class='ocrx_word' id='word_1_71' title='bbox 1404 1702 1470 1753; x_wconf 87' lang='lat' dir='ltr'>de</span> <span class='ocrx_word' id='word_1_72' title='bbox 1499 1704 1729 1754; x_wconf 88' lang='lat' dir='ltr'>homini-</span> 
     </span>
     <span class='ocr_line' id='line_1_15' title="bbox 713 1782 1728 1855; baseline -0.004 -19"><span class='ocrx_word' id='word_1_73' title='bbox 713 1785 811 1836; x_wconf 87' lang='lat' dir='ltr'>bus</span> <span class='ocrx_word' id='word_1_74' title='bbox 840 1785 1046 1855; x_wconf 79' lang='lat' dir='ltr'>Thynis</span> <span class='ocrx_word' id='word_1_75' title='bbox 1071 1802 1161 1834; x_wconf 84' lang='lat' dir='ltr'>seu</span> <span class='ocrx_word' id='word_1_76' title='bbox 1193 1782 1435 1852; x_wconf 73' lang='lat' dir='ltr'>Bithynis</span> <span class='ocrx_word' id='word_1_77' title='bbox 1455 1821 1470 1845; x_wconf 87' lang='lat'><strong>,</strong></span> <span class='ocrx_word' id='word_1_78' title='bbox 1497 1783 1551 1832; x_wconf 89' lang='lat' dir='ltr'>in</span> <span class='ocrx_word' id='word_1_79' title='bbox 1575 1783 1728 1833; x_wconf 83' lang='lat' dir='ltr'>vesti·</span> 
     </span>
     <span class='ocr_line' id='line_1_16' title="bbox 711 1861 1728 1932; baseline -0.003 -17"><span class='ocrx_word' id='word_1_80' title='bbox 711 1864 809 1915; x_wconf 83' lang='lat' dir='ltr'>hus</span> <span class='ocrx_word' id='word_1_81' title='bbox 846 1878 935 1916; x_wconf 89' lang='lat' dir='ltr'>aut</span> <span class='ocrx_word' id='word_1_82' title='bbox 969 1863 1144 1915; x_wconf 70' lang='lat' dir='ltr'>aulaeis</span> <span class='ocrx_word' id='word_1_83' title='bbox 1169 1864 1412 1920; x_wconf 69' lang='grc' dir='ltr'>εἰκονικῶς</span> <span class='ocrx_word' id='word_1_84' title='bbox 1440 1880 1538 1912; x_wconf 90' lang='lat' dir='ltr'>acu</span> <span class='ocrx_word' id='word_1_85' title='bbox 1561 1861 1728 1932; x_wconf 85' lang='lat' dir='ltr'>pictis.</span> 
     </span>
     <span class='ocr_line' id='line_1_17' title="bbox 711 1939 1727 2012; baseline 0 -19"><span class='ocrx_word' id='word_1_86' title='bbox 711 1943 951 1995; x_wconf 79' lang='lat' dir='ltr'>Aliorum</span> <span class='ocrx_word' id='word_1_87' title='bbox 1000 1941 1368 2012; x_wconf 79' lang='lat' dir='ltr'>explicationes</span> <span class='ocrx_word' id='word_1_88' title='bbox 1412 1939 1521 1992; x_wconf 73' lang='lat' dir='ltr'>vid.</span> <span class='ocrx_word' id='word_1_89' title='bbox 1574 1941 1727 1993; x_wconf 86' lang='lat' dir='ltr'>infra.</span> 
     </span>
     <span class='ocr_line' id='line_1_18' title="bbox 714 2020 1729 2091; baseline -0.003 -17"><span class='ocrx_word' id='word_1_90' title='bbox 714 2020 990 2091; x_wconf 87' lang='lat' dir='ltr'>Quidquid</span> <span class='ocrx_word' id='word_1_91' title='bbox 1010 2035 1184 2073; x_wconf 86' lang='lat' dir='ltr'>autem</span> <span class='ocrx_word' id='word_1_92' title='bbox 1214 2021 1386 2083; x_wconf 83' lang='lat' dir='ltr'>fuerit,</span> <span class='ocrx_word' id='word_1_93' title='bbox 1408 2021 1566 2071; x_wconf 76' lang='lat' dir='ltr'>variis</span> <span class='ocrx_word' id='word_1_94' title='bbox 1593 2033 1729 2071; x_wconf 83' lang='lat' dir='ltr'>certe</span> 
     </span>
     <span class='ocr_line' id='line_1_19' title="bbox 712 2098 1727 2169; baseline -0.003 -16"><span class='ocrx_word' id='word_1_95' title='bbox 712 2102 977 2153; x_wconf 88' lang='lat' dir='ltr'>coloribus</span> <span class='ocrx_word' id='word_1_96' title='bbox 1009 2114 1059 2151; x_wconf 90' lang='lat' dir='ltr'>et</span> <span class='ocrx_word' id='word_1_97' title='bbox 1088 2100 1401 2169; x_wconf 85' lang='lat' dir='ltr'>imaginibus</span> <span class='ocrx_word' id='word_1_98' title='bbox 1425 2098 1727 2151; x_wconf 81' lang='lat' dir='ltr'>distinctum</span> 
     </span>
     <span class='ocr_line' id='line_1_20' title="bbox 713 2178 1731 2247; baseline -0.004 -14"><span class='ocrx_word' id='word_1_99' title='bbox 713 2195 885 2233; x_wconf 82' lang='lat' dir='ltr'>actum</span> <span class='ocrx_word' id='word_1_100' title='bbox 901 2199 929 2231; x_wconf 89' lang='lat' dir='ltr'>e</span> <span class='ocrx_word' id='word_1_101' title='bbox 942 2178 1184 2247; x_wconf 74' lang='lat' dir='ltr'>Bithynia</span> <span class='ocrx_word' id='word_1_102' title='bbox 1197 2217 1213 2243; x_wconf 87' lang='lat'>‚</span> <span class='ocrx_word' id='word_1_103' title='bbox 1228 2180 1310 2231; x_wconf 89' lang='lat' dir='ltr'>cui</span> <span class='ocrx_word' id='word_1_104' title='bbox 1329 2178 1551 2230; x_wconf 84' lang='lat' dir='ltr'>finitima</span> <span class='ocrx_word' id='word_1_105' title='bbox 1567 2191 1639 2229; x_wconf 83' lang='lat' dir='ltr'>est</span> <span class='ocrx_word' id='word_1_106' title='bbox 1654 2197 1731 2229; x_wconf 89' lang='lat' dir='ltr'>re-</span> 
     </span>
     <span class='ocr_line' id='line_1_21' title="bbox 712 2256 1731 2329; baseline -0.003 -18"><span class='ocrx_word' id='word_1_107' title='bbox 712 2261 798 2329; x_wconf 81' lang='lat' dir='ltr'>gio</span> <span class='ocrx_word' id='word_1_108' title='bbox 813 2260 1024 2329; x_wconf 79' lang='lat' dir='ltr'>Thynia</span> <span class='ocrx_word' id='word_1_109' title='bbox 1038 2300 1052 2321; x_wconf 94' lang='lat'><em>,</em></span> <span class='ocrx_word' id='word_1_110' title='bbox 1075 2271 1394 2328; x_wconf 84' lang='lat' dir='ltr'>reportatum</span> <span class='ocrx_word' id='word_1_111' title='bbox 1412 2256 1637 2309; x_wconf 74' lang='lat' dir='ltr'>videtur.</span> <span class='ocrx_word' id='word_1_112' title='bbox 1653 2291 1731 2298; x_wconf 91' lang='lat'>--</span> 
     </span>
     <span class='ocr_line' id='line_1_22' title="bbox 718 2337 1727 2409; baseline -0.006 -18"><span class='ocrx_word' id='word_1_113' title='bbox 718 2341 1151 2409; x_wconf 72' lang='lat' dir='ltr'>Camgmphonque</span> <span class='ocrx_word' id='word_1_114' title='bbox 1178 2338 1321 2387; x_wconf 80' lang='lat' dir='ltr'>linum</span> <span class='ocrx_word' id='word_1_115' title='bbox 1346 2338 1539 2388; x_wconf 84' lang='lat' dir='ltr'>Muret.</span> <span class='ocrx_word' id='word_1_116' title='bbox 1579 2337 1727 2388; x_wconf 75' lang='lat' dir='ltr'>Cata-</span> 
     </span>
     <span class='ocr_line' id='line_1_23' title="bbox 713 2414 1731 2489; baseline -0.003 -20"><span class='ocrx_word' id='word_1_117' title='bbox 713 2421 1020 2489; x_wconf 72' lang='lat' dir='ltr'>gruphonque</span> <span class='ocrx_word' id='word_1_118' title='bbox 1056 2418 1184 2467; x_wconf 81' lang='lat' dir='ltr'>linou</span> <span class='ocrx_word' id='word_1_119' title='bbox 1223 2418 1274 2466; x_wconf 87' lang='lat' dir='ltr'>in</span> <span class='ocrx_word' id='word_1_120' title='bbox 1314 2414 1459 2466; x_wconf 72' lang='lat' dir='ltr'>editt.</span> <span class='ocrx_word' id='word_1_121' title='bbox 1498 2416 1642 2467; x_wconf 88' lang='lat' dir='ltr'>Brix.</span> <span class='ocrx_word' id='word_1_122' title='bbox 1681 2430 1731 2466; x_wconf 87' lang='lat' dir='ltr'>et</span> 
     </span>
     <span class='ocr_line' id='line_1_24' title="bbox 718 2496 1723 2567; baseline -0.002 -19"><span class='ocrx_word' id='word_1_123' title='bbox 718 2501 765 2547; x_wconf 83' lang='lat' dir='ltr'>V</span> <span class='ocrx_word' id='word_1_124' title='bbox 771 2511 904 2549; x_wconf 85' lang='lat' dir='ltr'>enet.</span> <span class='ocrx_word' id='word_1_125' title='bbox 951 2498 1376 2567; x_wconf 72' lang='lat' dir='ltr'>Cyrogrupleosquc</span> <span class='ocrx_word' id='word_1_126' title='bbox 1420 2496 1611 2566; x_wconf 64' lang='lat' dir='ltr'>Thy’nos</span> <span class='ocrx_word' id='word_1_127' title='bbox 1651 2497 1723 2546; x_wconf 87' lang='lat' dir='ltr'>in·</span> 
     </span>
     <span class='ocr_line' id='line_1_25' title="bbox 717 2573 1731 2644; baseline -0.001 -17"><span class='ocrx_word' id='word_1_128' title='bbox 717 2590 929 2627; x_wconf 80' lang='lat' dir='ltr'>venerat</span> <span class='ocrx_word' id='word_1_129' title='bbox 963 2576 1188 2644; x_wconf 82' lang='lat' dir='ltr'>Scaliger</span> <span class='ocrx_word' id='word_1_130' title='bbox 1227 2576 1279 2625; x_wconf 89' lang='lat' dir='ltr'>in</span> <span class='ocrx_word' id='word_1_131' title='bbox 1314 2594 1407 2625; x_wconf 86' lang='lat' dir='ltr'>suo</span> <span class='ocrx_word' id='word_1_132' title='bbox 1439 2574 1551 2625; x_wconf 86' lang='lat' dir='ltr'>MS.</span> <span class='ocrx_word' id='word_1_133' title='bbox 1589 2573 1731 2626; x_wconf 86' lang='lat' dir='ltr'>unde</span> 
     </span>
     <span class='ocr_line' id='line_1_26' title="bbox 718 2652 1730 2724; baseline -0.003 -17"><span class='ocrx_word' id='word_1_134' title='bbox 718 2657 829 2724; x_wconf 78' lang='lat' dir='ltr'>ipse.</span> <span class='ocrx_word' id='word_1_135' title='bbox 854 2657 1064 2724; x_wconf 88' lang='lat' dir='ltr'>conjicit</span> <span class='ocrx_word' id='word_1_136' title='bbox 1104 2654 1557 2723; x_wconf 74' lang='lat' dir='ltr'>chirograpleosque,</span> <span class='ocrx_word' id='word_1_137' title='bbox 1585 2652 1730 2723; x_wconf 85' lang='lat' dir='ltr'>quod</span> 
     </span>
     <span class='ocr_line' id='line_1_27' title="bbox 719 2733 1733 2804; baseline -0.002 -18"><span class='ocrx_word' id='word_1_138' title='bbox 719 2748 769 2786; x_wconf 86' lang='lat' dir='ltr'>et</span> <span class='ocrx_word' id='word_1_139' title='bbox 797 2734 1045 2786; x_wconf 80' lang='lat' dir='ltr'>salmasio</span> <span class='ocrx_word' id='word_1_140' title='bbox 1071 2734 1302 2804; x_wconf 81' lang='lat' dir='ltr'>primum</span> <span class='ocrx_word' id='word_1_141' title='bbox 1334 2733 1530 2798; x_wconf 83' lang='lat' dir='ltr'>arrisit,</span> <span class='ocrx_word' id='word_1_142' title='bbox 1558 2746 1733 2803; x_wconf 87' lang='lat' dir='ltr'>postea</span> 
     </span>
     <span class='ocr_line' id='line_1_28' title="bbox 720 2812 1733 2882; baseline -0.003 -18"><span class='ocrx_word' id='word_1_143' title='bbox 720 2834 846 2864; x_wconf 84' lang='lat' dir='ltr'>vero</span> <span class='ocrx_word' id='word_1_144' title='bbox 881 2813 1064 2864; x_wconf 83' lang='lat' dir='ltr'>maluit</span> <span class='ocrx_word' id='word_1_145' title='bbox 1085 2812 1497 2882; x_wconf 66' lang='lat' dir='ltr'>cirograpkosqae‚</span> <span class='ocrx_word' id='word_1_146' title='bbox 1528 2813 1562 2862; x_wconf 85' lang='lat' dir='ltr'>i.</span> <span class='ocrx_word' id='word_1_147' title='bbox 1588 2831 1632 2863; x_wconf 90' lang='lat' dir='ltr'>e.</span> <span class='ocrx_word' id='word_1_148' title='bbox 1662 2833 1733 2862; x_wconf 87' lang='lat' dir='ltr'>ce·</span> 
     </span>
     <span class='ocr_line' id='line_1_29' title="bbox 721 2890 1736 2964; baseline -0.001 -21"><span class='ocrx_word' id='word_1_149' title='bbox 721 2893 1070 2964; x_wconf 74' lang='lat' dir='ltr'>ragrapleosque</span> <span class='ocrx_word' id='word_1_150' title='bbox 1082 2933 1097 2955; x_wconf 89' lang='lat'><em>‚</em></span> <span class='ocrx_word' id='word_1_151' title='bbox 1125 2905 1175 2943; x_wconf 88' lang='lat' dir='ltr'>et</span> <span class='ocrx_word' id='word_1_152' title='bbox 1199 2892 1418 2963; x_wconf 85' lang='lat' dir='ltr'>explicat</span> <span class='ocrx_word' id='word_1_153' title='bbox 1444 2890 1510 2941; x_wconf 89' lang='lat' dir='ltr'>de</span> <span class='ocrx_word' id='word_1_154' title='bbox 1531 2892 1736 2943; x_wconf 79' lang='lat' dir='ltr'>annulis</span> 
     </span>
     <span class='ocr_line' id='line_1_30' title="bbox 721 2971 1733 3042; baseline -0.001 -19"><span class='ocrx_word' id='word_1_155' title='bbox 721 2973 1014 3042; x_wconf 77' lang='lat' dir='ltr'>signatoriis</span> <span class='ocrx_word' id='word_1_156' title='bbox 1030 2972 1305 3042; x_wconf 56' lang='lat' dir='ltr'>sculptura*</span> <span class='ocrx_word' id='word_1_157' title='bbox 1318 2971 1623 3039; x_wconf 70' lang='lat' dir='ltr'>Bithynicae.</span> <span class='ocrx_word' id='word_1_158' title='bbox 1641 2972 1733 3023; x_wconf 80' lang='lat' dir='ltr'>Ca·</span> 
     </span>
     <span class='ocr_line' id='line_1_31' title="bbox 720 3050 1734 3123; baseline 0.001 -20"><span class='ocrx_word' id='word_1_159' title='bbox 720 3053 1076 3123; x_wconf 77' lang='lat' dir='ltr'>tagraphonque</span> <span class='ocrx_word' id='word_1_160' title='bbox 1123 3053 1324 3122; x_wconf 72' lang='lat' dir='ltr'>Thyrum</span> <span class='ocrx_word' id='word_1_161' title='bbox 1360 3051 1573 3102; x_wconf 81' lang='lat' dir='ltr'>exhibet</span> <span class='ocrx_word' id='word_1_162' title='bbox 1609 3050 1734 3104; x_wconf 82' lang='lat' dir='ltr'>clar.</span> 
     </span>
     <span class='ocr_line' id='line_1_32' title="bbox 722 3130 1737 3202; baseline 0 -21"><span class='ocrx_word' id='word_1_163' title='bbox 722 3134 936 3183; x_wconf 79' lang='lat' dir='ltr'>Vossius</span> <span class='ocrx_word' id='word_1_164' title='bbox 976 3144 1026 3182; x_wconf 84' lang='lat' dir='ltr'>et</span> <span class='ocrx_word' id='word_1_165' title='bbox 1056 3131 1266 3202; x_wconf 83' lang='lat' dir='ltr'>exponit</span> <span class='ocrx_word' id='word_1_166' title='bbox 1297 3130 1362 3181; x_wconf 91' lang='lat' dir='ltr'>de</span> <span class='ocrx_word' id='word_1_167' title='bbox 1396 3130 1737 3199; x_wconf 86' lang='lat' dir='ltr'>pugillaribus</span> 
     </span>
     <span class='ocr_line' id='line_1_33' title="bbox 727 3202 1732 3278; baseline -0.003 -17"><span class='ocrx_word' id='word_1_168' title='bbox 727 3202 1130 3263; x_wconf 81' lang='lat' dir='ltr'>membranaceis</span> <span class='ocrx_word' id='word_1_169' title='bbox 1174 3223 1222 3262; x_wconf 90' lang='lat' dir='ltr'>et</span> <span class='ocrx_word' id='word_1_170' title='bbox 1266 3211 1465 3265; x_wconf 80' lang='lat' dir='ltr'>buxeis,</span> <span class='ocrx_word' id='word_1_171' title='bbox 1507 3228 1732 3278; x_wconf 77' lang='lat' dir='ltr'>quorum</span> 
     </span>
     <span class='ocr_line' id='line_1_34' title="bbox 723 3287 1737 3360; baseline -0.002 -20"><span class='ocrx_word' id='word_1_172' title='bbox 723 3303 946 3360; x_wconf 82' lang='lat' dir='ltr'>quatuor</span> <span class='ocrx_word' id='word_1_173' title='bbox 966 3289 1174 3359; x_wconf 80' lang='lat' dir='ltr'>pagellae</span> <span class='ocrx_word' id='word_1_174' title='bbox 1203 3288 1419 3340; x_wconf 80' lang='lat' dir='ltr'>diversis</span> <span class='ocrx_word' id='word_1_175' title='bbox 1444 3287 1707 3339; x_wconf 86' lang='lat' dir='ltr'>coloribus</span> <span class='ocrx_word' id='word_1_176' title='bbox 1724 3328 1737 3351; x_wconf 94' lang='lat'><strong><em>‚</em></strong></span> 
     </span>
     <span class='ocr_line' id='line_1_35' title="bbox 724 3367 1736 3439; baseline -0.001 -20"><span class='ocrx_word' id='word_1_177' title='bbox 724 3386 1021 3439; x_wconf 78' lang='lat' dir='ltr'>purpureo,</span> <span class='ocrx_word' id='word_1_178' title='bbox 1051 3387 1263 3430; x_wconf 87' lang='lat' dir='ltr'>croceo,</span> <span class='ocrx_word' id='word_1_179' title='bbox 1280 3368 1466 3428; x_wconf 82' lang='lat' dir='ltr'>viridi,</span> <span class='ocrx_word' id='word_1_180' title='bbox 1492 3367 1736 3418; x_wconf 84' lang='lat' dir='ltr'>coccineo</span> 
     </span>
     <span class='ocr_line' id='line_1_36' title="bbox 724 3447 1729 3518; baseline -0.001 -20"><span class='ocrx_word' id='word_1_181' title='bbox 724 3449 876 3518; x_wconf 78' lang='lat' dir='ltr'>pictae</span> <span class='ocrx_word' id='word_1_182' title='bbox 913 3460 963 3497; x_wconf 87' lang='lat' dir='ltr'>et</span> <span class='ocrx_word' id='word_1_183' title='bbox 998 3460 1255 3498; x_wconf 80' lang='lat' dir='ltr'>exornatae</span> <span class='ocrx_word' id='word_1_184' title='bbox 1292 3448 1512 3508; x_wconf 80' lang='lat' dir='ltr'>fuerint3</span> <span class='ocrx_word' id='word_1_185' title='bbox 1548 3447 1729 3515; x_wconf 80' lang='lat' dir='ltr'>Bithy-</span> 
     </span>
     <span class='ocr_line' id='line_1_37' title="bbox 720 3525 1733 3595; baseline -0.002 -17"><span class='ocrx_word' id='word_1_186' title='bbox 720 3529 857 3578; x_wconf 84' lang='lat' dir='ltr'>niam</span> <span class='ocrx_word' id='word_1_187' title='bbox 903 3537 1074 3576; x_wconf 86' lang='lat' dir='ltr'>autem</span> <span class='ocrx_word' id='word_1_188' title='bbox 1124 3525 1368 3577; x_wconf 87' lang='lat' dir='ltr'>omnibus</span> <span class='ocrx_word' id='word_1_189' title='bbox 1411 3527 1504 3588; x_wconf 84' lang='lat' dir='ltr'>iis,</span> <span class='ocrx_word' id='word_1_190' title='bbox 1543 3526 1733 3595; x_wconf 81' lang='lat' dir='ltr'>quibus</span> 
     </span>
     <span class='ocr_line' id='line_1_38' title="bbox 721 3602 1733 3675; baseline -0.001 -19"><span class='ocrx_word' id='word_1_191' title='bbox 721 3602 974 3675; x_wconf 86' lang='lat' dir='ltr'>ejusmodi</span> <span class='ocrx_word' id='word_1_192' title='bbox 1005 3604 1285 3674; x_wconf 79' lang='lat' dir='ltr'>pugillares</span> <span class='ocrx_word' id='word_1_193' title='bbox 1324 3605 1733 3668; x_wconf 80' lang='lat' dir='ltr'>conficerentur,</span> 
     </span>
     <span class='ocr_line' id='line_1_39' title="bbox 719 3683 1691 3737; baseline -0.002 0"><span class='ocrx_word' id='word_1_194' title='bbox 719 3683 871 3737; x_wconf 57' lang='lat' dir='ltr'>walde</span> <span class='ocrx_word' id='word_1_195' title='bbox 901 3684 1198 3736; x_wconf 72' lang='lat' dir='ltr'>instructam</span> <span class='ocrx_word' id='word_1_196' title='bbox 1226 3683 1380 3734; x_wconf 77' lang='lat' dir='ltr'>fuisse</span> <span class='ocrx_word' id='word_1_197' title='bbox 1400 3683 1691 3735; x_wconf 78' lang='lat' dir='ltr'>confirmat.</span> 
     </span>
    </p>

    <p class='ocr_par' dir='ltr' id='par_1_6' title="bbox 717 3762 1733 3912">
     <span class='ocr_line' id='line_1_40' title="bbox 806 3762 1733 3833; baseline 0 -19"><span class='ocrx_word' id='word_1_198' title='bbox 806 3768 856 3817; x_wconf 80' lang='lat'>8.</span> <span class='ocrx_word' id='word_1_199' title='bbox 918 3763 1161 3833; x_wconf 80' lang='lat' dir='ltr'>Tanquam</span> <span class='ocrx_word' id='word_1_200' title='bbox 1213 3765 1341 3812; x_wconf 72' lang='lat' dir='ltr'>(wita</span> <span class='ocrx_word' id='word_1_201' title='bbox 1360 3801 1374 3825; x_wconf 90' lang='lat'>,</span> <span class='ocrx_word' id='word_1_202' title='bbox 1421 3762 1733 3814; x_wconf 67' lang='lat' dir='ltr'>haereditatis</span> 
     </span>
     <span class='ocr_line' id='line_1_41' title="bbox 717 3856 1089 3912; baseline -0.013 -16"><span class='ocrx_word' id='word_1_203' title='bbox 717 3863 832 3911; x_wconf 64' lang='lat' dir='ltr'>jure</span> <span class='ocrx_word' id='word_1_204' title='bbox 861 3856 1089 3912; x_wconf 81' lang='lat' dir='ltr'>accepta.</span> 
     </span>
    </p>

    <p class='ocr_par' dir='ltr' id='par_1_7' title="bbox 805 3920 1729 3990">
     <span class='ocr_line' id='line_1_42' title="bbox 805 3920 1729 3990; baseline -0.002 -17"><span class='ocrx_word' id='word_1_205' title='bbox 805 3942 856 3989; x_wconf 80' lang='lat'>9.</span> <span class='ocrx_word' id='word_1_206' title='bbox 889 3923 1174 3990; x_wconf 75' lang='lat' dir='ltr'>Reglutc&#39;na,</span> <span class='ocrx_word' id='word_1_207' title='bbox 1211 3920 1263 3973; x_wconf 87' lang='lat' dir='ltr'>h.</span> <span class='ocrx_word' id='word_1_208' title='bbox 1291 3940 1334 3971; x_wconf 83' lang='lat' dir='ltr'>c.</span> <span class='ocrx_word' id='word_1_209' title='bbox 1363 3922 1581 3972; x_wconf 75' lang='lat' dir='ltr'>resolve.</span> <span class='ocrx_word' id='word_1_210' title='bbox 1616 3922 1729 3971; x_wconf 80' lang='lat' dir='ltr'>Ele·</span> 
     </span>
    </p>
   </div>
   <div class='ocr_carea' id='block_1_5' title="bbox 1815 1302 2857 3992">
    <p class='ocr_par' dir='ltr' id='par_1_8' title="bbox 1815 1302 2827 1675">
     <span class='ocr_line' id='line_1_43' title="bbox 1815 1302 2826 1376; baseline 0 -20"><span class='ocrx_word' id='word_1_211' title='bbox 1815 1306 1914 1357; x_wconf 82' lang='lat' dir='ltr'>bus</span> <span class='ocrx_word' id='word_1_212' title='bbox 1946 1306 2101 1356; x_wconf 86' lang='lat' dir='ltr'>rebus</span> <span class='ocrx_word' id='word_1_213' title='bbox 2137 1302 2433 1369; x_wconf 81' lang='lat' dir='ltr'>adbaerent,</span> <span class='ocrx_word' id='word_1_214' title='bbox 2477 1323 2671 1376; x_wconf 76' lang='lat' dir='ltr'>easque</span> <span class='ocrx_word' id='word_1_215' title='bbox 2696 1319 2826 1357; x_wconf 75' lang='lat' dir='ltr'>tenn-</span> 
     </span>
     <span class='ocr_line' id='line_1_44' title="bbox 1816 1377 2824 1450; baseline 0 -15"><span class='ocrx_word' id='word_1_216' title='bbox 1816 1386 1946 1436; x_wconf 88' lang='lat' dir='ltr'>citer</span> <span class='ocrx_word' id='word_1_217' title='bbox 1979 1387 2221 1437; x_wconf 85' lang='lat' dir='ltr'>retinent.</span> <span class='ocrx_word' id='word_1_218' title='bbox 2261 1384 2349 1436; x_wconf 90' lang='lat' dir='ltr'>Sic</span> <span class='ocrx_word' id='word_1_219' title='bbox 2389 1384 2525 1436; x_wconf 80' lang='lat' dir='ltr'>infra</span> <span class='ocrx_word' id='word_1_220' title='bbox 2550 1377 2623 1450; x_wconf 70' lang='lat' dir='ltr'>lin</span> <span class='ocrx_word' id='word_1_221' title='bbox 2659 1387 2824 1438; x_wconf 84' lang='lat' dir='ltr'>Carm.</span> 
     </span>
     <span class='ocr_line' id='line_1_45' title="bbox 1819 1463 2827 1535; baseline 0.001 -21"><span class='ocrx_word' id='word_1_222' title='bbox 1819 1465 2059 1515; x_wconf 83' lang='lat' dir='ltr'>XXXIII</span> <span class='ocrx_word' id='word_1_223' title='bbox 2081 1503 2094 1526; x_wconf 94' lang='lat'><strong><em>‚</em></strong></span> <span class='ocrx_word' id='word_1_224' title='bbox 2132 1464 2162 1516; x_wconf 87' lang='grc'>3</span> <span class='ocrx_word' id='word_1_225' title='bbox 2185 1503 2200 1526; x_wconf 87' lang='grc'>,</span> <span class='ocrx_word' id='word_1_226' title='bbox 2239 1465 2409 1514; x_wconf 70' lang='lat' dir='ltr'>desem</span> <span class='ocrx_word' id='word_1_227' title='bbox 2442 1467 2733 1535; x_wconf 79' lang='lat' dir='ltr'>inquinatior</span> <span class='ocrx_word' id='word_1_228' title='bbox 2755 1463 2827 1516; x_wconf 89' lang='lat' dir='ltr'>di-</span> 
     </span>
     <span class='ocr_line' id='line_1_46' title="bbox 1816 1544 2823 1605; baseline 0 -11"><span class='ocrx_word' id='word_1_229' title='bbox 1816 1545 1973 1595; x_wconf 87' lang='lat' dir='ltr'>citur.</span> <span class='ocrx_word' id='word_1_230' title='bbox 1996 1575 2078 1585; x_wconf 93' lang='lat'>—-</span> <span class='ocrx_word' id='word_1_231' title='bbox 2113 1544 2325 1595; x_wconf 75' lang='lat' dir='ltr'>Laneum</span> <span class='ocrx_word' id='word_1_232' title='bbox 2354 1544 2661 1605; x_wconf 79' lang='lat' dir='ltr'>latusculum,</span> <span class='ocrx_word' id='word_1_233' title='bbox 2701 1545 2753 1596; x_wconf 89' lang='lat' dir='ltr'>h.</span> <span class='ocrx_word' id='word_1_234' title='bbox 2783 1565 2823 1594; x_wconf 82' lang='lat' dir='ltr'>e.</span> 
     </span>
     <span class='ocr_line' id='line_1_47' title="bbox 1816 1622 1995 1675; baseline 0.011 -2"><span class='ocrx_word' id='word_1_235' title='bbox 1816 1622 1995 1675; x_wconf 86' lang='lat' dir='ltr'>molle.</span> 
     </span>
    </p>

    <p class='ocr_par' dir='ltr' id='par_1_9' title="bbox 1815 1702 2829 1851">
     <span class='ocr_line' id='line_1_48' title="bbox 1902 1702 2829 1772; baseline -0.001 -19"><span class='ocrx_word' id='word_1_236' title='bbox 1902 1720 1983 1753; x_wconf 87' lang='lat'>10.</span> <span class='ocrx_word' id='word_1_237' title='bbox 2007 1702 2274 1772; x_wconf 65' lang='lat' dir='ltr'>Manu-sque</span> <span class='ocrx_word' id='word_1_238' title='bbox 2295 1702 2553 1752; x_wconf 67' lang='lat' dir='ltr'>molit-ellus</span> <span class='ocrx_word' id='word_1_239' title='bbox 2571 1702 2762 1755; x_wconf 86' lang='lat' dir='ltr'>Muret.</span> <span class='ocrx_word' id='word_1_240' title='bbox 2782 1717 2829 1753; x_wconf 87' lang='lat' dir='ltr'>et</span> 
     </span>
     <span class='ocr_line' id='line_1_49' title="bbox 1815 1781 2295 1851; baseline 0.002 -19"><span class='ocrx_word' id='word_1_241' title='bbox 1815 1781 1930 1832; x_wconf 83' lang='lat' dir='ltr'>aliae</span> <span class='ocrx_word' id='word_1_242' title='bbox 1960 1781 2295 1851; x_wconf 85' lang='lat' dir='ltr'>antiquiores.</span> 
     </span>
    </p>

    <p class='ocr_par' dir='ltr' id='par_1_10' title="bbox 1815 1861 2856 3814">
     <span class='ocr_line' id='line_1_50' title="bbox 1904 1861 2828 1929; baseline 0.001 -18"><span class='ocrx_word' id='word_1_243' title='bbox 1904 1879 1922 1911; x_wconf 88' lang='lat'>1</span> <span class='ocrx_word' id='word_1_244' title='bbox 1943 1880 1961 1912; x_wconf 89' lang='lat'>1</span> <span class='ocrx_word' id='word_1_245' title='bbox 1977 1899 1989 1911; x_wconf 90' lang='lat'><strong>.</strong></span> <span class='ocrx_word' id='word_1_246' title='bbox 2018 1862 2411 1929; x_wconf 78' lang='lat' dir='ltr'>Inustaflagella.</span> <span class='ocrx_word' id='word_1_247' title='bbox 2435 1861 2682 1912; x_wconf 77' lang='lat' dir='ltr'>Utuntur</span> <span class='ocrx_word' id='word_1_248' title='bbox 2693 1862 2828 1912; x_wconf 86' lang='lat' dir='ltr'>enim</span> 
     </span>
     <span class='ocr_line' id='line_1_51' title="bbox 1817 1939 2832 2009; baseline -0.001 -19"><span class='ocrx_word' id='word_1_249' title='bbox 1817 1940 1923 1990; x_wconf 84' lang='lat' dir='ltr'>fere</span> <span class='ocrx_word' id='word_1_250' title='bbox 1954 1940 2195 1990; x_wconf 86' lang='lat' dir='ltr'>homines</span> <span class='ocrx_word' id='word_1_251' title='bbox 2228 1939 2446 2009; x_wconf 84' lang='lat' dir='ltr'>flagellis</span> <span class='ocrx_word' id='word_1_252' title='bbox 2476 1941 2832 1992; x_wconf 76' lang='lat' dir='ltr'>vehementius</span> 
     </span>
     <span class='ocr_line' id='line_1_52' title="bbox 1817 2018 2828 2090; baseline -0.001 -20"><span class='ocrx_word' id='word_1_253' title='bbox 1817 2019 1953 2071; x_wconf 72' lang='lat' dir='ltr'>cai-si.</span> <span class='ocrx_word' id='word_1_254' title='bbox 1984 2019 2068 2070; x_wconf 87' lang='lat' dir='ltr'>sic</span> <span class='ocrx_word' id='word_1_255' title='bbox 2097 2020 2210 2069; x_wconf 77' lang='lat' dir='ltr'>loris</span> <span class='ocrx_word' id='word_1_256' title='bbox 2237 2024 2315 2070; x_wconf 81' lang='lat' dir='ltr'>uri</span> <span class='ocrx_word' id='word_1_257' title='bbox 2339 2018 2482 2090; x_wconf 89' lang='lat' dir='ltr'>apud</span> <span class='ocrx_word' id='word_1_258' title='bbox 2512 2020 2643 2071; x_wconf 85' lang='lat' dir='ltr'>Hor.</span> <span class='ocrx_word' id='word_1_259' title='bbox 2667 2020 2828 2089; x_wconf 82' lang='lat' dir='ltr'>Epist.</span> 
     </span>
     <span class='ocr_line' id='line_1_53' title="bbox 1816 2099 2824 2169; baseline 0.001 -21"><span class='ocrx_word' id='word_1_260' title='bbox 1816 2100 1869 2162; x_wconf 90' lang='lat'>1,</span> <span class='ocrx_word' id='word_1_261' title='bbox 1902 2102 1965 2149; x_wconf 86' lang='lat'>16</span> <span class='ocrx_word' id='word_1_262' title='bbox 1984 2138 1998 2162; x_wconf 94' lang='lat'>,</span> <span class='ocrx_word' id='word_1_263' title='bbox 2027 2104 2093 2167; x_wconf 68' lang='lat'>47</span> <span class='ocrx_word' id='word_1_264' title='bbox 2117 2117 2128 2149; x_wconf 89' lang='lat'>:</span> <span class='ocrx_word' id='word_1_265' title='bbox 2156 2100 2341 2151; x_wconf 77' lang='lat' dir='ltr'>«Loris</span> <span class='ocrx_word' id='word_1_266' title='bbox 2358 2118 2466 2150; x_wconf 90' lang='lat' dir='ltr'>non</span> <span class='ocrx_word' id='word_1_267' title='bbox 2484 2099 2824 2169; x_wconf 76' lang='lat' dir='ltr'>ureriS,ajo.·</span> 
     </span>
     <span class='ocr_line' id='line_1_54' title="bbox 1815 2176 2833 2240; baseline 0.001 -12"><span class='ocrx_word' id='word_1_268' title='bbox 1815 2209 1892 2218; x_wconf 89' lang='lat'>—</span> <span class='ocrx_word' id='word_1_269' title='bbox 1930 2177 2316 2240; x_wconf 77' lang='lat' dir='ltr'>Conscribillent‚</span> <span class='ocrx_word' id='word_1_270' title='bbox 2349 2178 2406 2230; x_wconf 91' lang='lat' dir='ltr'>h.</span> <span class='ocrx_word' id='word_1_271' title='bbox 2440 2196 2488 2229; x_wconf 85' lang='lat' dir='ltr'>e.</span> <span class='ocrx_word' id='word_1_272' title='bbox 2521 2176 2833 2240; x_wconf 73' lang='lat' dir='ltr'>dilacerent,</span> 
     </span>
     <span class='ocr_line' id='line_1_55' title="bbox 1816 2255 2832 2320; baseline 0.004 -12"><span class='ocrx_word' id='word_1_273' title='bbox 1816 2255 2265 2309; x_wconf 89' lang='lat' dir='ltr'>dilanient.Plaut.</span> <span class='ocrx_word' id='word_1_274' title='bbox 2282 2255 2527 2309; x_wconf 88' lang='lat' dir='ltr'>Pseudol.</span> <span class='ocrx_word' id='word_1_275' title='bbox 2549 2259 2597 2317; x_wconf 90' lang='lat'>1,</span> <span class='ocrx_word' id='word_1_276' title='bbox 2624 2258 2677 2320; x_wconf 84' lang='lat'>5,</span> <span class='ocrx_word' id='word_1_277' title='bbox 2709 2277 2729 2311; x_wconf 86' lang='lat'>1</span> <span class='ocrx_word' id='word_1_278' title='bbox 2748 2259 2776 2310; x_wconf 88' lang='grc'>3</span> <span class='ocrx_word' id='word_1_279' title='bbox 2790 2276 2832 2312; x_wconf 79' lang='grc' dir='ltr'>ι.</span> 
     </span>
     <span class='ocr_line' id='line_1_56' title="bbox 1826 2335 2834 2406; baseline 0.001 -19"><span class='ocrx_word' id='word_1_280' title='bbox 1826 2355 1844 2387; x_wconf 89' lang='lat'>1</span> <span class='ocrx_word' id='word_1_281' title='bbox 1861 2335 1888 2385; x_wconf 87' lang='grc'>3</span> <span class='ocrx_word' id='word_1_282' title='bbox 1902 2356 1927 2387; x_wconf 76' lang='lat'>2</span> <span class='ocrx_word' id='word_1_283' title='bbox 1950 2354 1962 2387; x_wconf 92' lang='lat'>:</span> <span class='ocrx_word' id='word_1_284' title='bbox 1989 2362 2009 2382; x_wconf 74' lang='grc' dir='ltr'>ιι</span> <span class='ocrx_word' id='word_1_285' title='bbox 2022 2336 2183 2399; x_wconf 86' lang='lat' dir='ltr'>Quasi</span> <span class='ocrx_word' id='word_1_286' title='bbox 2203 2337 2255 2386; x_wconf 92' lang='lat' dir='ltr'>in</span> <span class='ocrx_word' id='word_1_287' title='bbox 2273 2337 2411 2388; x_wconf 89' lang='lat' dir='ltr'>libro</span> <span class='ocrx_word' id='word_1_288' title='bbox 2425 2354 2589 2406; x_wconf 90' lang='lat' dir='ltr'>quum</span> <span class='ocrx_word' id='word_1_289' title='bbox 2605 2338 2834 2389; x_wconf 81' lang='lat' dir='ltr'>scribun-</span> 
     </span>
     <span class='ocr_line' id='line_1_57' title="bbox 1818 2415 2838 2480; baseline 0.004 -15"><span class='ocrx_word' id='word_1_290' title='bbox 1818 2429 1901 2465; x_wconf 86' lang='lat' dir='ltr'>tur</span> <span class='ocrx_word' id='word_1_291' title='bbox 1915 2415 2111 2466; x_wconf 85' lang='lat' dir='ltr'>calamo</span> <span class='ocrx_word' id='word_1_292' title='bbox 2127 2415 2306 2480; x_wconf 83' lang='lat' dir='ltr'>literae,</span> <span class='ocrx_word' id='word_1_293' title='bbox 2319 2415 2461 2466; x_wconf 81' lang='lat' dir='ltr'>stitis</span> <span class='ocrx_word' id='word_1_294' title='bbox 2473 2434 2556 2466; x_wconf 89' lang='lat' dir='ltr'>me</span> <span class='ocrx_word' id='word_1_295' title='bbox 2572 2428 2743 2469; x_wconf 85' lang='lat' dir='ltr'>totum</span> <span class='ocrx_word' id='word_1_296' title='bbox 2760 2435 2838 2469; x_wconf 89' lang='lat' dir='ltr'>us·</span> 
     </span>
     <span class='ocr_line' id='line_1_58' title="bbox 1816 2494 2839 2566; baseline 0.002 -21"><span class='ocrx_word' id='word_1_297' title='bbox 1816 2514 1917 2564; x_wconf 83' lang='lat' dir='ltr'>que</span> <span class='ocrx_word' id='word_1_298' title='bbox 1937 2496 2122 2546; x_wconf 87' lang='lat' dir='ltr'>ulmeis</span> <span class='ocrx_word' id='word_1_299' title='bbox 2144 2497 2473 2547; x_wconf 85' lang='lat' dir='ltr'>conscribitO.</span> <span class='ocrx_word' id='word_1_300' title='bbox 2489 2522 2508 2540; x_wconf 81' lang='grc' dir='ltr'>ι·</span> <span class='ocrx_word' id='word_1_301' title='bbox 2530 2494 2616 2548; x_wconf 87' lang='lat' dir='ltr'>Sic</span> <span class='ocrx_word' id='word_1_302' title='bbox 2644 2497 2839 2566; x_wconf 70' lang='grc' dir='ltr'>ἐπιγρά-</span> 
     </span>
     <span class='ocr_line' id='line_1_59' title="bbox 1818 2573 2836 2643; baseline 0.005 -18"><span class='ocrx_word' id='word_1_303' title='bbox 1818 2595 1916 2642; x_wconf 78' lang='grc' dir='ltr'>φειν</span> <span class='ocrx_word' id='word_1_304' title='bbox 1949 2577 2070 2643; x_wconf 70' lang='grc' dir='ltr'>χρόα</span> <span class='ocrx_word' id='word_1_305' title='bbox 2100 2573 2242 2643; x_wconf 86' lang='lat' dir='ltr'>apud</span> <span class='ocrx_word' id='word_1_306' title='bbox 2270 2576 2433 2625; x_wconf 88' lang='lat' dir='ltr'>Hom.</span> <span class='ocrx_word' id='word_1_307' title='bbox 2464 2575 2526 2626; x_wconf 92' lang='lat' dir='ltr'>Il.</span> <span class='ocrx_word' id='word_1_308' title='bbox 2558 2575 2658 2637; x_wconf 79' lang='lat' dir='ltr'>lv,</span> <span class='ocrx_word' id='word_1_309' title='bbox 2700 2578 2836 2643; x_wconf 85' lang='lat'>139,</span> 
     </span>
     <span class='ocr_line' id='line_1_60' title="bbox 1817 2650 2835 2723; baseline 0.003 -20"><span class='ocrx_word' id='word_1_310' title='bbox 1817 2665 1868 2703; x_wconf 88' lang='lat' dir='ltr'>et</span> <span class='ocrx_word' id='word_1_311' title='bbox 1896 2655 2171 2723; x_wconf 74' lang='grc' dir='ltr'>ἐπιγράφειν</span> <span class='ocrx_word' id='word_1_312' title='bbox 2202 2656 2379 2723; x_wconf 72' lang='grc' dir='ltr'>ταρσὸν</span> <span class='ocrx_word' id='word_1_313' title='bbox 2404 2650 2558 2713; x_wconf 68' lang='grc' dir='ltr'>ποδὸς</span> <span class='ocrx_word' id='word_1_314' title='bbox 2591 2655 2688 2717; x_wconf 84' lang='lat' dir='ltr'>XI,</span> <span class='ocrx_word' id='word_1_315' title='bbox 2711 2656 2835 2710; x_wconf 82' lang='lat'><strong>388.</strong></span> 
     </span>
     <span class='ocr_line' id='line_1_61' title="bbox 1817 2732 2837 2786; baseline 0.003 -3"><span class='ocrx_word' id='word_1_316' title='bbox 1817 2764 1895 2773; x_wconf 89' lang='lat'>—-</span> <span class='ocrx_word' id='word_1_317' title='bbox 1939 2734 2106 2784; x_wconf 86' lang='lat' dir='ltr'>Etiam</span> <span class='ocrx_word' id='word_1_318' title='bbox 2166 2732 2291 2785; x_wconf 88' lang='lat' dir='ltr'>huic</span> <span class='ocrx_word' id='word_1_319' title='bbox 2344 2734 2517 2784; x_wconf 82' lang='lat' dir='ltr'>versui</span> <span class='ocrx_word' id='word_1_320' title='bbox 2569 2735 2743 2786; x_wconf 84' lang='lat' dir='ltr'>varias</span> <span class='ocrx_word' id='word_1_321' title='bbox 2791 2749 2837 2786; x_wconf 90' lang='lat' dir='ltr'>et</span> 
     </span>
     <span class='ocr_line' id='line_1_62' title="bbox 1818 2809 2840 2866; baseline 0.004 -4"><span class='ocrx_word' id='word_1_322' title='bbox 1818 2810 2063 2863; x_wconf 84' lang='lat' dir='ltr'>ridiculas</span> <span class='ocrx_word' id='word_1_323' title='bbox 2102 2812 2294 2864; x_wconf 83' lang='lat' dir='ltr'>formas</span> <span class='ocrx_word' id='word_1_324' title='bbox 2324 2809 2498 2863; x_wconf 85' lang='lat' dir='ltr'>induit</span> <span class='ocrx_word' id='word_1_325' title='bbox 2531 2813 2840 2866; x_wconf 86' lang='lat' dir='ltr'>criticorum</span> 
     </span>
     <span class='ocr_line' id='line_1_63' title="bbox 1817 2889 2840 2963; baseline 0.002 -21"><span class='ocrx_word' id='word_1_326' title='bbox 1817 2889 2076 2942; x_wconf 82' lang='lat' dir='ltr'>sedulitas.</span> <span class='ocrx_word' id='word_1_327' title='bbox 2123 2891 2271 2941; x_wconf 81' lang='lat' dir='ltr'>Alius</span> <span class='ocrx_word' id='word_1_328' title='bbox 2310 2892 2509 2942; x_wconf 76' lang='lat' dir='ltr'>mavult</span> <span class='ocrx_word' id='word_1_329' title='bbox 2548 2893 2706 2944; x_wconf 80' lang='lat' dir='ltr'>inlusa</span> <span class='ocrx_word' id='word_1_330' title='bbox 2733 2895 2840 2963; x_wconf 82' lang='lat' dir='ltr'>fla-</span> 
     </span>
     <span class='ocr_line' id='line_1_64' title="bbox 1815 2971 2843 3038; baseline 0.004 -19"><span class='ocrx_word' id='word_1_331' title='bbox 1815 2971 1964 3038; x_wconf 78' lang='lat' dir='ltr'>gella,</span> <span class='ocrx_word' id='word_1_332' title='bbox 1989 2971 2121 3021; x_wconf 82' lang='lat' dir='ltr'>alius</span> <span class='ocrx_word' id='word_1_333' title='bbox 2141 2973 2333 3038; x_wconf 79' lang='lat' dir='ltr'>injecta,</span> <span class='ocrx_word' id='word_1_334' title='bbox 2361 2971 2493 3022; x_wconf 85' lang='lat' dir='ltr'>alius</span> <span class='ocrx_word' id='word_1_335' title='bbox 2511 2975 2682 3033; x_wconf 64' lang='grc' dir='ltr'><strong><em>ἰπνὶεα,</em></strong></span> <span class='ocrx_word' id='word_1_336' title='bbox 2709 2973 2843 3025; x_wconf 80' lang='lat' dir='ltr'>alius</span> 
     </span>
     <span class='ocr_line' id='line_1_65' title="bbox 1820 3047 2845 3119; baseline 0.005 -20"><span class='ocrx_word' id='word_1_337' title='bbox 1820 3055 1975 3100; x_wconf 77' lang='lat' dir='ltr'>insuta</span> <span class='ocrx_word' id='word_1_338' title='bbox 1994 3090 2008 3111; x_wconf 92' lang='lat'>,</span> <span class='ocrx_word' id='word_1_339' title='bbox 2036 3049 2168 3100; x_wconf 88' lang='lat' dir='ltr'>alius</span> <span class='ocrx_word' id='word_1_340' title='bbox 2195 3047 2366 3109; x_wconf 81' lang='lat' dir='ltr'>(facile</span> <span class='ocrx_word' id='word_1_341' title='bbox 2391 3068 2636 3119; x_wconf 83' lang='lat' dir='ltr'>agnosces</span> <span class='ocrx_word' id='word_1_342' title='bbox 2653 3054 2845 3104; x_wconf 84' lang='lat' dir='ltr'>Corra-</span> 
     </span>
     <span class='ocr_line' id='line_1_66' title="bbox 1819 3125 2841 3197; baseline 0.006 -19"><span class='ocrx_word' id='word_1_343' title='bbox 1819 3127 2003 3179; x_wconf 88' lang='lat' dir='ltr'>dinum</span> <span class='ocrx_word' id='word_1_344' title='bbox 2024 3126 2090 3179; x_wconf 91' lang='lat' dir='ltr'>de</span> <span class='ocrx_word' id='word_1_345' title='bbox 2112 3125 2271 3188; x_wconf 77' lang='lat' dir='ltr'>Atlio)</span> <span class='ocrx_word' id='word_1_346' title='bbox 2291 3148 2410 3197; x_wconf 70' lang='lat' dir='ltr'>vere</span> <span class='ocrx_word' id='word_1_347' title='bbox 2426 3129 2620 3182; x_wconf 76' lang='lat' dir='ltr'>insulse</span> <span class='ocrx_word' id='word_1_348' title='bbox 2640 3134 2841 3183; x_wconf 66' lang='lat' dir='ltr'>istsuLta.</span> 
     </span>
     <span class='ocr_line' id='line_1_67' title="bbox 1823 3207 2845 3263; baseline 0.006 -6"><span class='ocrx_word' id='word_1_349' title='bbox 1823 3207 1923 3258; x_wconf 80' lang='lat' dir='ltr'>Pro</span> <span class='ocrx_word' id='word_1_350' title='bbox 1942 3208 2286 3258; x_wconf 76' lang='lat' dir='ltr'>conscribillent</span> <span class='ocrx_word' id='word_1_351' title='bbox 2307 3208 2361 3258; x_wconf 89' lang='lat' dir='ltr'>in</span> <span class='ocrx_word' id='word_1_352' title='bbox 2383 3208 2498 3259; x_wconf 83' lang='lat' dir='ltr'>aliis</span> <span class='ocrx_word' id='word_1_353' title='bbox 2519 3223 2592 3261; x_wconf 86' lang='lat' dir='ltr'>est</span> <span class='ocrx_word' id='word_1_354' title='bbox 2622 3212 2707 3261; x_wconf 71' lang='lat' dir='ltr'>vel</span> <span class='ocrx_word' id='word_1_355' title='bbox 2730 3232 2845 3263; x_wconf 72' lang='lat' dir='ltr'>eou-</span> 
     </span>
     <span class='ocr_line' id='line_1_68' title="bbox 1821 3287 2847 3355; baseline 0.005 -18"><span class='ocrx_word' id='word_1_356' title='bbox 1821 3287 2053 3337; x_wconf 70' lang='lat' dir='ltr'>crihzllene</span> <span class='ocrx_word' id='word_1_357' title='bbox 2068 3327 2082 3349; x_wconf 90' lang='lat'>,</span> <span class='ocrx_word' id='word_1_358' title='bbox 2102 3289 2180 3338; x_wconf 78' lang='lat' dir='ltr'>vel</span> <span class='ocrx_word' id='word_1_359' title='bbox 2199 3288 2564 3355; x_wconf 77' lang='lat' dir='ltr'>constrigillent,</span> <span class='ocrx_word' id='word_1_360' title='bbox 2581 3290 2666 3341; x_wconf 84' lang='lat' dir='ltr'>vel</span> <span class='ocrx_word' id='word_1_361' title='bbox 2686 3296 2847 3342; x_wconf 76' lang='lat' dir='ltr'>comi·</span> 
     </span>
     <span class='ocr_line' id='line_1_69' title="bbox 1817 3364 2848 3442; baseline 0.009 -27"><span class='ocrx_word' id='word_1_362' title='bbox 1817 3367 2007 3434; x_wconf 57' lang='lat' dir='ltr'>gillam,</span> <span class='ocrx_word' id='word_1_363' title='bbox 2028 3367 2107 3417; x_wconf 84' lang='lat' dir='ltr'>vel</span> <span class='ocrx_word' id='word_1_364' title='bbox 2127 3368 2438 3430; x_wconf 68' lang='lat' dir='ltr'>conset-illem,</span> <span class='ocrx_word' id='word_1_365' title='bbox 2459 3368 2542 3419; x_wconf 80' lang='lat' dir='ltr'>vel</span> <span class='ocrx_word' id='word_1_366' title='bbox 2561 3364 2714 3429; x_wconf 85' lang='lat' dir='ltr'>(obe!</span> <span class='ocrx_word' id='word_1_367' title='bbox 2738 3373 2848 3442; x_wconf 76' lang='lat' dir='ltr'>jam</span> 
     </span>
     <span class='ocr_line' id='line_1_70' title="bbox 1818 3437 2853 3512; baseline -0.002 -15"><span class='ocrx_word' id='word_1_368' title='bbox 1818 3445 1937 3497; x_wconf 78' lang='lat' dir='ltr'>satis</span> <span class='ocrx_word' id='word_1_369' title='bbox 1967 3437 2109 3512; x_wconf 53' lang='lat' dir='ltr'>esst)</span> <span class='ocrx_word' id='word_1_370' title='bbox 2151 3446 2481 3498; x_wconf 71' lang='lat' dir='ltr'>contribulem.</span> <span class='ocrx_word' id='word_1_371' title='bbox 2515 3478 2593 3489; x_wconf 88' lang='lat'><em>-</em></span> <span class='ocrx_word' id='word_1_372' title='bbox 2626 3448 2853 3502; x_wconf 68' lang='lat' dir='ltr'>Vossius</span> 
     </span>
     <span class='ocr_line' id='line_1_71' title="bbox 1820 3525 2853 3595; baseline 0.003 -19"><span class='ocrx_word' id='word_1_373' title='bbox 1820 3526 2058 3595; x_wconf 84' lang='lat' dir='ltr'>exemplo</span> <span class='ocrx_word' id='word_1_374' title='bbox 2101 3526 2340 3595; x_wconf 82' lang='lat' dir='ltr'>probavit</span> <span class='ocrx_word' id='word_1_375' title='bbox 2384 3525 2438 3577; x_wconf 88' lang='lat' dir='ltr'>in</span> <span class='ocrx_word' id='word_1_376' title='bbox 2493 3530 2853 3581; x_wconf 68' lang='lat' dir='ltr'>conscribitleaet&#39;</span> 
     </span>
     <span class='ocr_line' id='line_1_72' title="bbox 1818 3605 2856 3677; baseline 0.006 -23"><span class='ocrx_word' id='word_1_377' title='bbox 1818 3605 2278 3673; x_wconf 82' lang='lat' dir='ltr'>antepenultimam</span> <span class='ocrx_word' id='word_1_378' title='bbox 2320 3606 2518 3677; x_wconf 86' lang='lat' dir='ltr'>corripi</span> <span class='ocrx_word' id='word_1_379' title='bbox 2562 3625 2754 3676; x_wconf 81' lang='lat' dir='ltr'>posse,</span> <span class='ocrx_word' id='word_1_380' title='bbox 2803 3624 2856 3660; x_wconf 81' lang='lat' dir='ltr'>et</span> 
     </span>
     <span class='ocr_line' id='line_1_73' title="bbox 1820 3683 2855 3741; baseline 0.008 -8"><span class='ocrx_word' id='word_1_381' title='bbox 1820 3702 1941 3733; x_wconf 86' lang='lat' dir='ltr'>cum</span> <span class='ocrx_word' id='word_1_382' title='bbox 1967 3683 2069 3734; x_wconf 90' lang='lat' dir='ltr'>hoc</span> <span class='ocrx_word' id='word_1_383' title='bbox 2094 3684 2255 3735; x_wconf 68' lang='lat' dir='ltr'>verbo</span> <span class='ocrx_word' id='word_1_384' title='bbox 2277 3685 2468 3737; x_wconf 88' lang='lat' dir='ltr'>Catulli</span> <span class='ocrx_word' id='word_1_385' title='bbox 2487 3704 2701 3738; x_wconf 71' lang='lat' dir='ltr'>versum</span> <span class='ocrx_word' id='word_1_386' title='bbox 2728 3708 2855 3741; x_wconf 81' lang='lat' dir='ltr'>oon-</span> 
     </span>
     <span class='ocr_line' id='line_1_74' title="bbox 1821 3762 2069 3814; baseline 0.012 -3"><span class='ocrx_word' id='word_1_387' title='bbox 1821 3774 1970 3813; x_wconf 83' lang='lat' dir='ltr'>stare.</span> <span class='ocrx_word' id='word_1_388' title='bbox 2003 3762 2069 3814; x_wconf 89' lang='lat' dir='ltr'>N.</span> 
     </span>
    </p>

    <p class='ocr_par' dir='ltr' id='par_1_11' title="bbox 1817 3843 2857 3992">
     <span class='ocr_line' id='line_1_75' title="bbox 1906 3843 2857 3914; baseline 0.006 -21"><span class='ocrx_word' id='word_1_389' title='bbox 1906 3860 1922 3893; x_wconf 89' lang='lat'>1</span> <span class='ocrx_word' id='word_1_390' title='bbox 1939 3863 1986 3892; x_wconf 79' lang='lat'>2.</span> <span class='ocrx_word' id='word_1_391' title='bbox 2020 3843 2277 3893; x_wconf 79' lang='lat' dir='ltr'>Insolenter</span> <span class='ocrx_word' id='word_1_392' title='bbox 2297 3856 2492 3905; x_wconf 79' lang='lat' dir='ltr'>oestues,</span> <span class='ocrx_word' id='word_1_393' title='bbox 2521 3858 2719 3914; x_wconf 82' lang='lat' dir='ltr'>praeter</span> <span class='ocrx_word' id='word_1_394' title='bbox 2744 3866 2857 3899; x_wconf 85' lang='lat' dir='ltr'>mo-</span> 
     </span>
     <span class='ocr_line' id='line_1_76' title="bbox 1817 3918 2857 3992; baseline 0.006 -22"><span class='ocrx_word' id='word_1_395' title='bbox 1817 3918 1945 3971; x_wconf 86' lang='lat' dir='ltr'>dum</span> <span class='ocrx_word' id='word_1_396' title='bbox 1971 3921 2276 3991; x_wconf 82' lang='lat' dir='ltr'>subagiteris</span> <span class='ocrx_word' id='word_1_397' title='bbox 2305 3937 2353 3975; x_wconf 90' lang='lat' dir='ltr'>et</span> <span class='ocrx_word' id='word_1_398' title='bbox 2381 3924 2857 3992; x_wconf 52' lang='lat' dir='ltr'>jacteris—Velut</span> 
     </span>
    </p>
   </div>
   <div class='ocr_carea' id='block_1_6' title="bbox 719 3999 2858 4078">
    <p class='ocr_par' dir='ltr' id='par_1_12' title="bbox 719 3999 2858 4078">
     <span class='ocr_line' id='line_1_77' title="bbox 719 3999 2858 4078; baseline 0.002 -25"><span class='ocrx_word' id='word_1_399' title='bbox 719 4015 898 4070; x_wconf 66' lang='lat' dir='ltr'>gauter</span> <span class='ocrx_word' id='word_1_400' title='bbox 928 3999 996 4051; x_wconf 86' lang='lat' dir='ltr'>de</span> <span class='ocrx_word' id='word_1_401' title='bbox 1028 4000 1259 4063; x_wconf 80' lang='lat' dir='ltr'>furibus,</span> <span class='ocrx_word' id='word_1_402' title='bbox 1290 4017 1512 4068; x_wconf 84' lang='lat' dir='ltr'>quorum</span> <span class='ocrx_word' id='word_1_403' title='bbox 1550 4019 1728 4052; x_wconf 82' lang='lat' dir='ltr'>manus</span> <span class='ocrx_word' id='word_1_404' title='bbox 1814 4001 2039 4067; x_wconf 65' lang='lat' dir='ltr'>depe-ensa</span> <span class='ocrx_word' id='word_1_405' title='bbox 2071 4006 2235 4063; x_wconf 69' lang='grc' dir='ltr'>ιιιινιζτ,</span> <span class='ocrx_word' id='word_1_406' title='bbox 2281 4015 2580 4071; x_wconf 79' lang='lat' dir='ltr'>tempestate</span> <span class='ocrx_word' id='word_1_407' title='bbox 2603 4005 2858 4078; x_wconf 75' lang='lat' dir='ltr'>abrepta.</span> 
     </span>
    </p>
   </div>
   <div class='ocr_carea' id='block_1_7' title="bbox 718 4080 1722 4159">
    <p class='ocr_par' dir='ltr' id='par_1_13' title="bbox 718 4080 1722 4159">
     <span class='ocr_line' id='line_1_78' title="bbox 718 4080 1722 4159; baseline 0.003 -32"><span class='ocrx_word' id='word_1_408' title='bbox 718 4081 916 4159; x_wconf 58' lang='lat' dir='ltr'>S&#39;mffss‘</span> <span class='ocrx_word' id='word_1_409' title='bbox 945 4080 1088 4151; x_wconf 82' lang='lat' dir='ltr'>quasi</span> <span class='ocrx_word' id='word_1_410' title='bbox 1123 4092 1173 4131; x_wconf 85' lang='lat' dir='ltr'>et</span> <span class='ocrx_word' id='word_1_411' title='bbox 1213 4080 1350 4130; x_wconf 59' lang='lat' dir='ltr'>¹visco</span> <span class='ocrx_word' id='word_1_412' title='bbox 1385 4080 1524 4130; x_wconf 81' lang='lat' dir='ltr'>illitae</span> <span class='ocrx_word' id='word_1_413' title='bbox 1556 4080 1722 4131; x_wconf 88' lang='lat' dir='ltr'>omni·</span> 
     </span>
    </p>
   </div>
   <div class='ocr_carea' id='block_1_8' title="bbox 1817 4080 2857 4153">
    <p class='ocr_par' dir='ltr' id='par_1_14' title="bbox 1817 4080 2857 4153">
     <span class='ocr_line' id='line_1_79' title="bbox 1817 4080 2857 4153; baseline 0.009 -23"><span class='ocrx_word' id='word_1_414' title='bbox 1817 4080 2116 4149; x_wconf 57' lang='lat' dir='ltr'>Deprendere</span> <span class='ocrx_word' id='word_1_415' title='bbox 2142 4095 2214 4132; x_wconf 73' lang='lat' dir='ltr'>est</span> <span class='ocrx_word' id='word_1_416' title='bbox 2237 4082 2453 4133; x_wconf 69' lang='lat' dir='ltr'>verbum</span> <span class='ocrx_word' id='word_1_417' title='bbox 2478 4083 2776 4153; x_wconf 82' lang='lat' dir='ltr'>proprium</span> <span class='ocrx_word' id='word_1_418' title='bbox 2803 4087 2857 4139; x_wconf 85' lang='lat' dir='ltr'>in</span> 
     </span>
    </p>
   </div>
  </div>
 </body>
</html>
