2986 4935
706 442 858 527 384

1236 443 1787 509 C.VALERII
1846 440 2314 509 CATULLI

913 570 1215 653 Corneli,
1255 586 1323 640 et
1366 572 1615 641 factum
1657 597 1765 640 me
1805 596 1948 640 esse
1989 585 2150 664 puta
2191 573 2702 664 Harpocratem.

705 765 791 816 vel
844 765 982 824 Aut,
1034 782 1167 833 quem
1187 767 1285 831 ipse
1335 761 1537 830 adjut-es
1581 781 1599 811 .·
1646 761 1731 811 vel

705 845 816 904 Me,
843 863 979 913 quem
1006 846 1103 913 ipsc
1125 845 1348 893 invenias.
1375 841 1596 893 Vossius
1616 859 1733 893 cor-

705 924 829 995 rigit
885 924 971 976 Me
1026 943 1158 992 teque
1214 926 1417 974 invenies
1444 958 1461 981 ,
1501 939 1693 991 parum
1721 958 1736 983 ,

704 1018 839 1074 puto
857 1042 873 1067 ,
909 1001 978 1055 ad
1008 1003 1302 1055 orationem
1331 1000 1627 1072 poeticam!
1656 1018 1734 1050 se·

705 1097 857 1136 cutus
919 1095 1094 1135 tamen
1158 1100 1280 1133 eum
1348 1093 1424 1131 est
1480 1079 1734 1149 Vulpius.

702 1161 968 1234 Equidem
989 1161 1200 1213 mallem
1226 1161 1311 1212 Me
1325 1180 1530 1231 quoque,
1550 1174 1607 1211 ut
1627 1159 1737 1210 hia-

706 1256 786 1295 tus
804 1242 1153 1311 relinquatur,
1173 1240 1258 1291 vel
1283 1241 1365 1292 Me
1382 1252 1523 1292 certe.
1540 1271 1622 1281 —
1640 1240 1736 1291 Illo

708 1323 796 1374 tihi
807 1326 921 1391 jure
948 1332 1185 1371 sacratum
1214 1320 1365 1372 MSS.
1396 1320 1566 1371 Italici
1590 1318 1736 1389 apud

704 1403 823 1453 Nic.
862 1401 1046 1453 Heins.
1081 1401 1262 1452 Manet
1297 1414 1505 1462 tamen,
1547 1418 1733 1470 quam-

704 1500 914 1552 cunque
958 1480 1238 1531 lectionem
1289 1482 1555 1549 sequariS,
1602 1478 1737 1532 dura

705 1575 753 1612 et
789 1559 1109 1613 inconcinna
1140 1561 1192 1612 in
1219 1559 1320 1610 hoc
1354 1559 1584 1610 disticho
1616 1578 1736 1609 ora·

703 1642 804 1702 tio;
838 1641 983 1709 sequi
1014 1641 1156 1691 enim
1188 1637 1417 1691 debebat
1438 1652 1485 1688 et
1506 1639 1734 1707 putabis,-

1832 759 2044 812 interim
2072 757 2320 811 dedimus
2349 759 2671 824 lectionem,
2703 781 2860 833 quam

1827 838 1975 892 editt.
1997 840 2197 891 Muret.
2216 839 2426 909 Gryph.
2449 839 2798 912 Henriepetr.
2818 858 2860 892 et

1825 920 1942 971 aliae
1992 919 2364 971 exhibent.-—
2398 920 2556 971 Unum
2599 922 2860 973 eximium

1826 1000 1965 1050 inter
1988 999 2131 1061 illos,
2147 998 2308 1052 unice
2320 999 2694 1052 observantem
2721 1002 2861 1053 illius

1823 1079 1988 1148 juris,
2025 1077 2129 1130 nisi
2161 1090 2335 1129 tamen
2372 1079 2528 1131 MSS.
2568 1080 2858 1134 lectionem

1824 1158 2089 1211 malueris.
2109 1157 2576 1229 N.-—Illorumjure
2588 1176 2853 1223 sacr-atu,

1828 1256 2014 1290 eorum
2040 1239 2200 1290 sacris
2223 1237 2505 1291 initiatum.

1910 1325 1961 1381 4.
1984 1319 2106 1369 Esse
2123 1318 2337 1369 abestin
2359 1317 2685 1390 quibusdam
2709 1321 2855 1374 lihn's

1825 1398 2042 1449 vetustis
2093 1396 2238 1468 apud
2285 1397 2565 1462 vossium,
2614 1401 2710 1452 cui
2764 1421 2852 1454 nec

1825 1478 2001 1529 hiatus
2031 1497 2131 1529 nec
2164 1492 2405 1548 correpta
2435 1478 2622 1530 ultima
2654 1480 2714 1531 in
2734 1496 2850 1551 puta

1827 1557 2088 1628 displicet.
2106 1558 2541 1628 —Harpocmtem
2556 1598 2572 1621 ,
2601 1560 2674 1612 cf.
2697 1581 2850 1632 supra

1826 1635 1892 1689 ad
1922 1638 2102 1689 Carm.
2137 1638 2391 1702 LXXIV,
2429 1645 2480 1700 4.

1320 1858 1882 1946 CARMEN
1974 1860 2221 1947 CIII.

1480 2098 1589 2140 AD
1646 2096 2060 2140 SILONEM.

800 2288 977 2368 AUT,
1015 2286 1238 2368 sodes,
1278 2285 1435 2352 mihi
1477 2284 1678 2351 redde
1714 2284 1946 2351 decem
1981 2286 2312 2367 sestertia,
2349 2284 2520 2371 Silo,

904 2392 1164 2459 Deinde
1209 2407 1348 2458 esto
1395 2392 1695 2485 quamvis
1734 2415 1943 2458 saevus
1989 2405 2056 2459 et
2091 2389 2491 2478 indomitus;

798 2500 964 2583 Aut,
1007 2501 1057 2566 si
1097 2514 1160 2565 te
1198 2500 1452 2564 nummi
1488 2497 1850 2582 delectant,
1884 2497 2144 2585 desine,
2184 2524 2442 2592 quaese,

898 2607 1084 2672 Leno
1128 2630 1298 2688 esse,
1335 2620 1533 2698 atque
1580 2604 1750 2672 idem
1795 2630 2006 2673 saevus
2049 2619 2113 2673 et
2153 2605 2536 2675 indomituS.

768 2815 908 2865 Aac.
959 2813 1195 2867 Silonem
1240 2814 1527 2885 quemdam
1551 2854 1566 2879 ,
1622 2814 1713 2884 qui

689 2895 878 2962 puellae
898 2894 1170 2966 cujusdam
1192 2896 1401 2965 copiam
1431 2895 1641 2947 Catullo
1662 2914 1715 2945 se

687 2974 950 3025 facturum
994 2995 1100 3026 esse
1140 2975 1472 3046 promisisse,
1503 2993 1599 3026 nec
1633 2975 1715 3024 his

688 3054 957 3123 promissis
981 3056 1177 3106 stetisse
1210 3054 1446 3118 videtur,
1474 3055 1558 3106 vel
1591 3053 1711 3105 red-

688 3132 815 3184 dere
846 3148 1057 3204 accepta
1084 3155 1111 3185 a
1139 3155 1191 3185 se
1222 3133 1407 3185 decem
1440 3134 1674 3185 sestertia
1696 3173 1711 3198 ,

688 3213 771 3264 vel
795 3214 1136 3265 ferocientem
1160 3215 1212 3265 in
1234 3215 1333 3265 hac
1359 3215 1467 3286 ipsa
1488 3213 1710 3285 persidia

686 3292 925 3344 animum
948 3332 963 3357 ,
996 3294 1035 3344 si
1061 3293 1179 3345 leno
1204 3313 1313 3344 esse
1345 3295 1474 3347 velit
1497 3331 1512 3356 ‚
1545 3292 1710 3364 depo-

684 3389 811 3421 nere
839 3372 1005 3440 jubet.
1043 3403 1123 3412 —-
1155 3374 1487 3426 Alterutrum
1531 3387 1716 3443 optun-

685 3448 814 3502 dum
851 3451 1017 3503 Siloni
1041 3454 1315 3523 proponit,
1349 3466 1474 3517 aut,
1506 3452 1714 3505 reddita

686 3532 935 3600 pecunia,
952 3550 1070 3603 quae
1091 3552 1289 3586 merces
1314 3532 1512 3585 lenonii
1545 3534 1712 3586 officii

1803 2815 1977 2867 fuerat
2035 2828 2439 2886 pez-numerata,
2505 2817 2574 2869 sit
2636 2819 2824 2871 amanti

1803 2913 1968 2946 saevus
1983 2935 1997 2960 ,
2020 2909 2111 2948 aut
2124 2936 2138 2960 ,
2161 2909 2393 2967 accepta,
2412 2894 2617 2950 desinat
2631 2938 2646 2962 ,
2664 2918 2820 2969 quum

1803 2975 2051 3026 lenonem
2078 2989 2224 3044 gerat
2242 3017 2256 3041 ,
2288 2994 2454 3028 saevus
2486 2995 2617 3029 esse.
2641 2979 2708 3030 N.

1890 3074 1939 3106 α.
1998 3056 2228 3123 Quamvis
2282 3055 2342 3109 h.
2403 3075 2449 3108 e.
2513 3061 2817 3128 quantur-cis.

1802 3134 2057 3205 Exempla
2093 3135 2305 3205 collegit
2340 3134 2566 3187 Duker-us
2602 3137 2671 3201 ad
2710 3139 2815 3189 Liv.

1803 3215 1862 3276 Ι,
1899 3215 1999 3279 51,
2047 3227 2177 3268 tom.
2221 3216 2277 3267 11
2299 3254 2314 3280 ,
2354 3234 2470 3287 pag.
2516 3224 2664 3286 474,
2689 3210 2818 3269 'edit.

1804 3295 2105 3346 Drackenb.

1888 3373 1942 3425 3.
1971 3374 2078 3437 At,
2109 3376 2154 3424 si
2172 3387 2217 3424 te
2239 3379 2419 3427 nummi
2442 3376 2495 3428 in
2519 3375 2656 3430 cod.
2678 3376 2817 3428 Pata·

1803 3453 1948 3504 vino.
1975 3456 2085 3506 Aut
2112 3458 2156 3505 si
2181 3467 2226 3504 te
2254 3458 2448 3508 nimium
2470 3457 2529 3508 in
2556 3456 2815 3509 nonnullis

1803 3533 1954 3586 librr.
1987 3533 2138 3587 MSS.
2173 3534 2318 3604 apud
2358 3536 2604 3590 Statium.
