2986 4935
668 439 816 510 216

1184 444 1750 512 C.VALER11
1807 443 2274 512 CATULLI

765 576 961 643 Mora
992 574 1179 642 tarda
1210 590 1433 643 mente
1462 576 1695 645 cedat:
1736 571 1929 645 simul
1972 578 2093 663 ite,
2127 578 2475 670 sequimini

767 681 1119 775 Phrygiam
1151 681 1233 749 ad
1253 681 1527 750 domum
1551 682 1882 777 Cybelles,
1904 683 2190 776 Phrygia
2215 681 2300 751 ad
2319 706 2592 751 nemora
2615 686 2781 768 Deae,

765 787 898 855 Ubi
939 787 1545 881 cymbalum'sonat
1586 814 1752 875 vox,
1786 790 1897 857 ubi
1942 804 2254 883 tympana
2293 788 2607 877 reboant,

765 894 1039 962 Tibicen
1087 893 1201 962 ubi
1245 897 1420 962 canit
1457 895 1678 988 Phryx
1714 920 1923 964 curvo
1960 919 2163 989 grave
2198 893 2490 980 calaum,

768 999 906 1068 Ubi
938 1001 1154 1093 capita
1189 999 1527 1070 Maenades
1566 1003 1629 1070 vi
1652 1003 1909 1095 jaciunt
1951 1001 2389 1095 hederigerae,

769 1106 905 1174 Ubi
942 1130 1130 1174 sacra
1167 1121 1388 1175 sancta
1435 1109 1645 1176 acutis
1689 1106 2044 1176 ululatibus
2080 1109 2368 1202 agitant,

660 1316 805 1387 vagis
827 1355 841 1376 .
887 1315 1019 1368 dum
1075 1317 1317 1369 feruutur
1363 1317 1488 1370 hinc
1542 1317 1687 1371 illinc

663 1410 893 1450 amentes
935 1408 989 1448 et
1028 1395 1391 1467 tripudiantem
1422 1397 1686 1450 Erroribus

665 1478 791 1528 leeroe
818 1476 1016 1529 durum
1044 1475 1272 1528 videtur.
1297 1477 1364 1529 N.

750 1574 834 1608 ao.
868 1557 1056 1627 Phryg.
1083 1557 1153 1607 ad
1175 1556 1301 1608 dom.
1335 1556 1424 1608 ubi
1468 1557 1687 1627 propria

664 1636 720 1688 in
759 1649 1027 1706 posterum
1056 1636 1212 1687 nobis
1250 1634 1395 1688 sedes
1423 1636 1536 1688 erit.
1565 1637 1684 1689 val.

663 1714 833 1767 Flacc.
861 1717 1148 1785 Argonaut.
1175 1716 1274 1778 IV,
1298 1719 1395 1768 26:
1430 1715 1579 1769 «Hoc
1601 1735 1690 1769 ue·

666 1812 816 1858 mus,
849 1795 960 1847 haec
995 1795 1112 1848 fatis
1147 1794 1281 1847 mihi
1312 1797 1421 1866 jam
1465 1814 1688 1859 nouus,

667 1873 910 1945 improba
946 1894 1052 1946 quo
1084 1894 1168 1926 me
1197 1874 1446 1946 Nympha
1473 1875 1627 1948 rapit.
1658 1901 1679 1921 ι

667 1954 750 2006 Cf.
770 1955 1100 2007 Burmannus
1119 1952 1185 2006 ad
1209 1953 1454 2006 eumdem
1481 1955 1574 2007 lib.
1604 1957 1656 2007 11
1673 1995 1688 2021 ,

670 2040 740 2103 74
756 2073 772 2098 ,
796 2047 846 2086 et
876 2053 1009 2105 quos
1034 2034 1108 2086 ibi
1132 2032 1327 2087 laudat.

751 2132 835 2167 21.
878 2114 974 2165 Ubi
1004 2114 1268 2186 cymbalum
1302 2128 1443 2165 sonat
1480 2136 1578 2166 nox
1624 2134 1688 2167 ex

666 2195 827 2250 MSC.
874 2195 1078 2267 profert
1134 2194 1324 2247 Statius
1375 2196 1691 2247 reclamante

668 2278 856 2329 Vossio
876 2317 890 2339 ,
923 2278 1073 2347 cujus
1115 2288 1286 2326 tamen
1329 2274 1568 2327 lectionis
1598 2293 1689 2342 pa-

665 2357 978 2419 trocinium,
1012 2357 1204 2425 rejecta
1248 2353 1483 2422 vulgata,
1530 2372 1690 2423 quam

666 2450 881 2491 tuentur
927 2452 1110 2487 omnes
1157 2431 1282 2485 libri
1329 2432 1485 2486 MSC.
1540 2430 1690 2485 editt.

669 2530 792 2570 vett.
826 2528 877 2568 et
914 2526 1130 2566 recentt.
1172 2531 1278 2562 non
1324 2510 1585 2563 dubitavit
1637 2514 1690 2564 in

665 2616 719 2648 se
741 2596 1003 2665 suscipere
1025 2591 1375 2645 Werthesius.
1403 2592 1600 2662 Lapsus
1629 2593 1691 2643 li-

669 2675 974 2728 brariorum
1016 2671 1069 2722 in
1111 2670 1328 2722 vocibus
1367 2690 1463 2722 nox
1500 2684 1551 2722 et
1594 2692 1693 2723 vox

668 2755 859 2826 passim
888 2764 1095 2804 notatus
1114 2761 1186 2802 est
1207 2749 1271 2802 ab
1294 2750 1691 2820 Interpretibus.

629 2834 638 2845 '
670 2833 797 2890 vid.
818 2822 1062 2902 inprimis
1080 2829 1464 2882 Dmckenhorch.
1482 2828 1551 2881 ad
1574 2831 1692 2884 Liv.

668 2914 743 2979 V,
768 2912 963 2973 XLIV,
993 2906 1022 2971 S
1051 2913 1117 2975 6,
1142 2923 1268 2961 tom.
1291 2910 1374 2973 11,
1397 2929 1450 2980 p.
1481 2912 1615 2977 193,
1644 2925 1694 2963 et

669 3013 804 3066 quos
841 2991 917 3044 ibi
962 2989 1161 3042 laudat.
1190 3023 1269 3032 -—
1292 2990 1390 3040 [lbi
1427 2991 1692 3060 cymbalum

666 3094 768 3127 son.
795 3093 910 3124 vor.
927 3070 1307 3141 Cymbalorum
1328 3071 1552 3122 formam
1580 3068 1691 3122 vid.

665 3152 810 3226 apud
842 3153 1042 3204 Albert.
1078 3150 1339 3201 Rubenium
1372 3147 1438 3201 de
1475 3150 1553 3201 Re
1583 3151 1691 3202 Ve-

669 3234 808 3286 stiar.
831 3233 954 3283 Vet.
984 3248 1030 3282 c.
1068 3249 1157 3299 17,
1184 3249 1236 3300 p.
1279 3249 1296 3280 ι
1314 3231 1404 3297 87.
1423 3263 1506 3271 —
1525 3230 1689 3282 Pecu.

665 3315 822 3365 liares
851 3310 1086 3372 libellos,
1117 3309 1209 3378 qui
1249 3308 1308 3358 de
1338 3309 1568 3377 cymbalis
1601 3329 1688 3361 ex-

668 3405 831 3456 stant,
859 3387 1112 3441 indicavit
1138 3388 1251 3438 Jola.
1283 3388 1474 3439 Albere.
1512 3389 1688 3441 Fabri-

671 3476 771 3523 cius
798 3472 849 3522 in
879 3467 1240 3536 Bibliograph.
1269 3468 1446 3539 Antiq.
1472 3488 1525 3540 p.
1556 3468 1687 3540 527.

675 3552 732 3601 V
725 3571 788 3601 ox
809 3548 877 3601 de
897 3547 1042 3600 omni
1063 3566 1218 3611 sono;
1238 3545 1306 3599 de
1329 3548 1525 3599 buccina
1547 3548 1691 3619 apud

670 3628 828 3684 ovid.
876 3628 1093 3679 Metam.
1144 3629 1205 3692 1,
1265 3627 1396 3679 338.
1431 3628 1520 3681 Sic
1562 3630 1691 3698 φωνὴ

675 3715 758 3772 τῆς
788 3709 1077 3776 σάλπιγγος.
1115 3707 1274 3758 Plura
1311 3708 1365 3759 in
1398 3708 1534 3760 hanc
1580 3727 1689 3760 rem

669 3788 737 3844 ad
765 3792 798 3842 l.
829 3790 863 3842 l.
894 3785 1073 3839 Ovidii
1104 3787 1303 3838 notavit
1331 3782 1687 3838 Burmannus.

755 3889 844 3924 aa.
880 3867 1074 3919 Tibicen
1103 3865 1184 3917 uba·
1208 3885 1315 3917 con.
1345 3867 1466 3918 Phr.
1488 3885 1590 3919 cur.
1608 3885 1687 3935 gr.

669 3951 762 4003 cal.
798 3968 895 4020 per
944 3965 1134 3999 curvum
1181 3946 1413 3997 calamum
1459 3945 1690 4016 intellige

666 4029 851 4082 tibiam
874 4046 904 4080 e
929 4027 1130 4078 calamo
1146 4062 1162 4088 ‚
1188 4044 1306 4096 que
1325 4024 1527 4077 tametsi
1551 4040 1691 4079 recta

665 4121 720 4161 et
766 4104 1054 4160 admodum
1103 4104 1272 4157 tenuis
1308 4116 1468 4169 esset,
1515 4118 1689 4158 tamen

1774 1329 1994 1388 propter
2032 1336 2199 1371 cornu
2241 1329 2331 1372 aut
2366 1315 2632 1371 eodonem
2680 1337 2794 1371 cur·

1773 1415 1900 1449 vum
1957 1409 2009 1449 et
2055 1415 2247 1451 aereum
2304 1398 2507 1450 calamo
2554 1394 2792 1450 adfixum

1774 1495 1988 1546 gravem
2018 1496 2205 1530 sonum
2229 1474 2401 1547 [βαρὺν
2427 1474 2656 1548 φθόγγον]
2681 1476 2797 1530 ede·

1773 1557 1879 1610 bat.
1911 1556 2071 1609 Curva
2099 1556 2215 1608 tibia
2242 1553 2441 1610 dicitur
2464 1556 2689 1608 Tibullo
2713 1559 2794 1617 ΙΙ.

1785 1653 1832 1700 1,
1870 1638 1961 1689 86.
1993 1638 2057 1688 In
2087 1636 2245 1688 sacris
2276 1636 2502 1707 Cybeles
2528 1636 2644 1690 hec
2673 1637 2796 1689 tibia

1774 1714 1974 1785 ubique
2014 1717 2125 1768 sere
2163 1716 2419 1786 cymbalis
2452 1728 2505 1768 et
2536 1717 2800 1786 tympanis

1771 1796 1948 1865 juncta
1986 1794 2264 1866 reperitur.
2296 1793 2423 1849 vid.
2460 1796 2694 1848 Perizon.
2735 1794 2799 1847 ad

1776 1874 1970 1926 AElian.
2000 1875 2103 1939 XI,
2130 1877 2193 1939 8,
2221 1888 2348 1928 tom.
2372 1877 2459 1939 11,
2486 1893 2542 1946 p.
2583 1874 2652 1927 13
2671 1913 2687 1935 .
2715 1874 2800 1928 ed.

1776 1954 1919 2024 Lips.
1944 1955 2141 2008 Cantus
2160 1968 2335 2007 autem
2358 1954 2499 2007 tibio
2526 1953 2612 2006 vel
2640 1955 2802 2007 modus

1776 2034 2022 2102 Phrygius
2043 2034 2441 2103 quummaxime
2456 2034 2640 2086 furore
2659 2035 2803 2087 exsti·

1779 2113 2010 2164 mulabat
2032 2113 2289 2165 homines.
2312 2114 2513 2167 Tibull.
2536 2115 2593 2177 I,
2624 2121 2657 2178 4
2672 2153 2688 2179 ,
2711 2133 2801 2184 7⁰·

1777 2204 1828 2244 et
1877 2192 1950 2244 ibi
1994 2194 2183 2262 Heyne.
2207 2193 2402 2246 Frater
2449 2194 2707 2247 vossium
2753 2208 2801 2246 et

1781 2272 2038 2341 Vulpium
2068 2270 2137 2324 de
2177 2274 2294 2324 tibia
2319 2273 2544 2346 Phrygia
2576 2271 2690 2326 vid.
2724 2273 2801 2325 in·

1779 2350 1963 2419 primis
1999 2370 2130 2422 quos
2156 2351 2335 2405 laudat
2361 2354 2534 2426 Heyne
2558 2351 2631 2404 ad
2668 2353 2803 2406 exci-

1781 2442 1943 2483 tatum
1963 2433 2070 2503 jam
2093 2431 2271 2486 locum
2289 2432 2494 2487 Tibulli
2512 2434 2601 2497 11,
2638 2452 2689 2500 1,
2714 2435 2802 2497 86,

1780 2529 1836 2580 p.
1869 2530 1988 2574 100,
2014 2511 2143 2564 edit.
2169 2531 2293 2565 nov.
2313 2514 2505 2583 quibus
2530 2511 2675 2567 udde
2692 2514 2806 2567 cal-

1780 2590 1992 2643 limach.
2045 2591 2245 2662 Hymn.
2277 2592 2333 2644 in
2371 2592 2529 2645 Dian.
2575 2612 2628 2646 v.
2669 2594 2807 2660 245,

1782 2681 1834 2721 et
1859 2670 2082 2723 Bae-thol.
2111 2672 2171 2723 de
2202 2672 2352 2723 Tibiis
2374 2690 2430 2743 p.
2452 2691 2547 2741 7²·

1868 2749 1957 2801 23.
1994 2751 2254 2802 Moenades.
2303 2752 2453 2804 Hanc
2492 2752 2806 2823 appellatio-

1780 2846 1900 2880 nem
1916 2868 1930 2892 ,
1958 2849 2059 2900 qua
2078 2830 2295 2902 proprie
2313 2832 2412 2884 ἀπὸ
2440 2836 2527 2883 τοῦ
2547 2834 2805 2902 μαίνεσθαι

1782 2910 2029 2961 mulieres
2060 2910 2112 2961 in
2152 2911 2309 2963 sacris
2336 2911 2533 2964 Bacchi
2567 2909 2806 2983 designa-

1780 2987 1992 3053 bantur,
2019 2991 2283 3042 transtulit
2317 2993 2423 3061 jam
2462 2990 2532 3044 ad
2580 2991 2766 3045 Gallos
2789 3032 2805 3056 ,

1780 3086 1914 3138 quos
1968 3087 2117 3140 oeque
2172 3089 2234 3123 ac
2293 3070 2605 3124 bacchante·
2657 3071 2807 3125 finxit

1780 3165 1991 3217 quoque
2032 3149 2344 3220 hedere'geros.
2382 3150 2467 3204 Sic
2510 3150 2655 3205 infra
2679 3152 2808 3205 Attis

1777 3225 1846 3277 de
1870 3246 1923 3279 se
1952 3229 2066 3299 ipso
2091 3248 2141 3282 V.
2179 3234 2250 3299 69
2267 3270 2282 3295 ,
2302 3231 2419 3301 Ego
2438 3230 2803 3284 Manca—Va·

1765 3309 1956 3376 jaciunt
1981 3313 2167 3377 capita,
2201 3329 2308 3381 quo
2347 3322 2566 3381 possunt
2593 3310 2796 3383 impetu

1775 3398 1951 3439 rotant
1977 3400 2028 3439 et
2055 3390 2298 3459 quatiunt
2319 3389 2375 3441 in
2398 3390 2797 3462 furorecapita.

1866 3472 1957 3529 24.
1985 3466 2136 3519 Sacra
2163 3482 2330 3520 sancta
2356 3473 2478 3539 agit.
2507 3468 2564 3522 h.
2590 3489 2638 3522 e.
2670 3471 2804 3523 cele·

1779 3547 1953 3599 brant.
1996 3546 2079 3599 Sic
2128 3550 2365 3621 Dionysia
2414 3553 2605 3619 agitare
2662 3549 2807 3622 apud

1780 3626 1993 3678 Terent.
2028 3626 2310 3681 Heautout.
2353 3629 2453 3693 IV,
2496 3630 2528 3682 3
2551 3669 2568 3694 ,
2610 3648 2702 3683 ιι.
2727 3661 2805 3671 -

1787 3706 2079 3770 Ulaeatibus,
2111 3708 2299 3761 laetitia
2326 3708 2575 3773 vocibus,
2602 3710 2805 3777 ἰαχαῖς,

1779 3787 2086 3855 ὀλολυγμοῖς,
2127 3806 2249 3840 uam
2273 3790 2504 3850 ὄλολῦζιιν
2537 3801 2589 3841 et
2621 3789 2808 3840 ululare

1778 3863 1847 3917 de
1900 3866 2243 3935 jubilantibus
2292 3880 2345 3920 et
2393 3866 2808 3939 tripudiantibus

1779 3963 1926 4015 aeque
1943 3963 2005 3997 ac
2023 3946 2431 4000 lamentantibus
2450 3945 2804 4001 dicitur-Ni&

1779 4025 2053 4078 Hemsterh.
2076 4023 2146 4078 ad
2173 4026 2393 4079 Lucian.
2423 4040 2553 4079 tom.
2578 4028 2642 4090 1,
2671 4047 2729 4100 p.
2750 4047 2805 4097 7,

1778 4118 1828 4156 et
1841 4106 1922 4159 W
1922 4107 2144 4175 esseh'ng.
2158 4104 2226 4159 ad
2246 4104 2468 4161 Diodor.
2482 4106 2651 4161 Sicul-
2662 4121 2698 4161 t.
2724 4109 2776 4159 Π
2788 4145 2805 4172 ,
