2986 4935
670 385 764 427 20
1089 360 1225 424 DE
1285 358 1360 424 C.
1402 359 1871 425 VALERIO
1927 358 2421 426 CATULLO

1063 536 1326 602 Plinius
1354 535 1618 624 junior,
1648 533 1756 601 lib.
1806 538 1864 616 I,
1907 536 2232 626 Epistola
2281 558 2305 601 1
2323 532 2390 602 6.

768 713 947 779 Facit
985 735 1212 778 versus
1251 702 1661 804 (Pottzpeim
1701 703 2184 796 Saturninus),
2230 707 2454 801 quales
2489 712 2800 780 Catullus

663 842 879 902 mem,
909 831 1023 883 aut
1052 815 1314 884 Calvus.
1355 817 1696 903 Quantum
1733 814 1854 883 illis
1896 814 2163 909 leporis,
2200 813 2595 902 dulcediniS‚
2627 840 2801 886 ama·

663 923 960 991 ritudinis
991 973 1009 1003 ‚
1052 918 1321 989 amoris!
1360 923 1602 990 Inserit
1641 946 1795 989 sane
1819 976 1836 1002 ‚
1876 920 1989 990 sed
2029 920 2183 989 data
2231 945 2433 1014 opera
2457 973 2476 1005 ‚
2515 921 2803 991 mollius·

660 1028 842 1097 culos
863 1078 882 1109 ‚
921 1026 1438 1122 leviusculosque
1460 1080 1478 1111 ‚
1509 1026 1922 1096 duriusculos
1964 1027 2282 1120 quosdam
2313 1053 2328 1094 :
2358 1042 2425 1095 et
2451 1027 2582 1096 hoc
2610 1032 2797 1124 quasi

667 1135 973 1205 Catullus
1013 1158 1233 1219 meus,
1271 1148 1385 1201 aut
1415 1132 1681 1201 Calvus.

657 1312 846 1379 Idem
869 1365 886 1393 ‚
917 1310 1028 1378 lib.
1060 1311 1187 1395 IV,
1220 1311 1543 1404 Epistola
1582 1335 1604 1377 1
1624 1313 1668 1393 4
1686 1361 1705 1392 ,
1737 1310 2017 1403 loquens
2046 1309 2131 1376 de
2158 1307 2794 1402 Hendecasyllabis.

762 1488 1015 1554 Scimus
1057 1484 1336 1576 alioqui,
1384 1484 1581 1575 hujus
1630 1481 1930 1578 opusculi
1979 1481 2152 1550 illam
2205 1508 2343 1551 esse
2390 1485 2798 1553 verissimam

657 1591 868 1684 legem
897 1645 915 1676 ‚
947 1616 1143 1683 quam
1183 1591 1490 1657 Catullus
1529 1590 1846 1683 expressit
1875 1616 1888 1656 :
1926 1592 2113 1657 Nam
2145 1604 2405 1657 castum
2433 1614 2580 1659 esse
2608 1592 2804 1662 decet

646 1703 841 1791 pium
863 1713 1149 1791 poetam
1181 1701 1445 1790 Ipsum,
1479 1709 1602 1763 etc.

760 1796 785 1889 (
809 1806 873 1867 V
870 1803 979 1870 ide
1021 1826 1292 1870 carmen
1312 1806 1381 1869 X
1386 1803 1510 1868 VI.
1529 1792 1553 1879 )

817 1981 1086 2046 Sentius
1119 1978 1518 2069 Augurinus
1552 1999 1665 2069 ap.
1699 1975 1912 2044 eumd.
1948 1975 2059 2043 lib.
2093 1979 2138 2043 I
2139 1978 2223 2059 V,
2259 1979 2479 2070 Epist.
2519 2002 2639 2071 27.

973 2146 1191 2212 Canto
1231 2144 1525 2211 carmina
1570 2142 1867 2209 versibus
1910 2143 2219 2227 minutis,

980 2251 1134 2336 His,
1176 2248 1331 2318 olim
1378 2248 1617 2342 quibus
1655 2263 1719 2316 et
1757 2272 1944 2316 meus
1986 2249 2326 2333 Catullus,

978 2357 1060 2420 Et
1100 2354 1380 2435 Calvus,
1425 2369 1807 2445 veteresque
1827 2400 2052 2417 .....

669 2536 864 2600 Corn.
915 2534 1209 2613 Tacitus,
1245 2529 1353 2596 lib.
1390 2532 1505 2597 IV
1500 2581 1519 2612 ,
1557 2553 1710 2622 cap.
1749 2525 1843 2612 34
1865 2579 1882 2611 ,
1914 2531 2322 2614 Annalium,
2361 2536 2430 2597 in
2462 2534 2798 2601 Oratione

1439 2638 1758 2703 Cremutii
1803 2634 2019 2703 Cordi.

766 2803 1073 2869 Carmina
1112 2799 1402 2868 Bibaculi
1441 2814 1507 2866 et
1545 2800 1814 2878 Catulli,
1856 2798 2096 2867 referta
2135 2799 2544 2869 contumeliis
2579 2806 2799 2873 Caesa·

664 2934 808 2974 rum
831 2960 848 2991 ‚
896 2905 1221 2999 leguntur.

1307 3040 1669 3121 Iuvenalis,
1701 3041 1938 3106 Satira
1971 3037 2041 3120 6,
2089 3065 2150 3133 7.

793 3253 1018 3268 .....
1038 3204 1217 3272 haud
1252 3202 1473 3271 similis
1509 3204 1662 3288 tibi,
1701 3205 1984 3297 Cynthia
2010 3258 2028 3281 ,
2074 3229 2195 3273 nec
2231 3205 2378 3291 tibi,
2416 3207 2603 3298 cujus

777 3311 1095 3378 Turbavit
1136 3309 1371 3376 nitidos
1408 3312 1766 3376 exstinctus
1803 3315 2057 3378 Passer
2091 3309 2349 3378 ocellos

1150 3490 1507 3555 Suetonius
1525 3539 1542 3566 ,
1593 3492 1662 3552 in
1706 3489 1883 3555 Julio
1906 3541 1924 3571 ,
1976 3510 2131 3581 cap.
2186 3514 2222 3581 7
2239 3487 2304 3557 3.

791 3654 1133 3721 Valerium
1174 3653 1543 3735 Catullum,
1579 3676 1615 3718 a
1649 3677 1780 3744 quo
1813 3653 1932 3720 sibi
1971 3654 2305 3723 versieulis
2341 3655 2423 3722 de
2456 3656 2800 3727 Mamurra

680 3774 993 3852 perpetua
1042 3760 1343 3850 stigmata
1390 3759 1732 3851 imposita,
1774 3783 1905 3825 non
1951 3757 2506 3846 dissimulaverat,
2543 3764 2802 3832 satisfa-

678 3866 955 3932 cientem
1021 3863 1247 3931 eadem
1305 3863 1408 3929 dic
1460 3862 1756 3931 adhibuit
1818 3889 2019 3932 coenae
2063 3892 2082 3949 ;
2125 3866 2538 3960 hospitioque
2596 3873 2802 3962 patris

677 3971 814 4062 ejus
839 4025 855 4048 ,
895 3972 1059 4037 sicut
1093 3983 1554 4054 consueverat,
1595 3970 1688 4037 uti
1722 3972 2181 4061 perseveravit.
