2986 4935
749 503 1188 572 CARMEN
1249 507 1526 572 LXIV.
2046 531 2189 600 227

129 644 294 695 tionem
322 639 702 712 quodammodo
740 642 1005 712 abstergit.
1039 674 1114 683 —
1144 642 1335 694 Errant
1359 654 1531 693 autem
1550 683 1566 706 ,
1596 643 1688 712 qui
1723 644 1833 696 haec
1870 645 2047 697 omnia
2083 647 2196 699 telae

129 723 292 776 intexta
316 740 416 773 esse
437 721 780 782 arbitrantur,
808 721 953 791 quod
976 721 1123 772 nullo
1156 720 1314 772 modo
1340 740 1436 771 uec
1460 742 1488 772 e
1513 722 1686 773 verbis
1709 736 1874 793 poetae
1896 724 2042 789 elici,
2068 744 2164 776 nec
2182 766 2197 791 ,

129 799 364 871 quomodo
392 801 444 851 in
470 801 827 872 peristromate
860 801 952 852 illo
979 799 1260 852 commode
1291 801 1512 870 exprimi
1543 802 1834 871 potuerint,
1862 804 2078 872 cogitari
2106 825 2199 874 po-

130 893 233 942 test,
252 880 362 932 lioet
377 879 508 934 hanc
529 879 832 931 seutentiam
857 879 1159 950 nuperrime
1188 881 1515 931 exornaverit
1540 881 1876 932 Doctissimus
1904 883 2060 951 hujus
2082 904 2197 936 car-

129 960 260 1012 minis
286 960 530 1031 interpres
556 958 954 1010 Mitscherliche'us
974 960 1025 1009 in
1050 958 1386 1011 Lectionibus
1416 960 1638 1019 Catulli,
1657 979 1709 1029 p.
1736 968 1765 1022 4
1781 961 2004 1012 1.-His
2023 965 2197 1014 omni-

129 1039 210 1089 bus
235 1038 412 1109 igitur,
439 1056 554 1110 quo
594 1036 663 1089 ad
689 1039 979 1109 pleniorem
1013 1037 1199 1089 Thesei
1246 1037 1514 1088 historiam
1562 1039 1828 1108 pertinere
1866 1038 2201 1109 viderentur,

129 1118 363 1187 expositis,
399 1117 462 1170 ad
492 1117 890 1188 explicationem
926 1117 1141 1170 alterius
1173 1118 1416 1187 pictura’,
1444 1135 1561 1186 quae
1595 1119 1647 1169 in
1689 1132 1825 1170 veste
1859 1118 1946 1171 illa
1978 1124 2199 1192 stragula

130 1197 529 1267 conspiciebatur,
566 1208 718 1267 poeta
753 1199 1089 1249 convertitur.
1130 1192 1212 1257 (v.
1262 1194 1423 1257 252.)
1464 1198 1733 1262 Bacchus,
1769 1216 1890 1249 cum
1937 1199 2105 1252 thiaso
2149 1216 2201 1254 et

129 1295 295 1346 pompa
324 1277 568 1330 Bacchica
593 1275 814 1327 insulam
842 1275 984 1328 illam
1023 1293 1320 1345 pererrans»,
1344 1274 1410 1326 ad
1444 1275 1701 1345 perditam
1732 1290 1782 1329 et
1806 1278 1984 1330 animo
2015 1278 2200 1352 despe-

129 1369 296 1407 rantem
335 1357 555 1427 puellam
591 1353 834 1416 advolat,
878 1356 1091 1426 ejusque
1133 1373 1309 1406 amore
1339 1353 1651 1407 incenditur.
1682 1355 1834 1407 Subit
1870 1357 1957 1409 hic
1990 1377 2201 1430 quoque

130 1435 279 1487 mirari
317 1434 596 1506 prudenter
634 1447 801 1504 poetae
837 1434 1122 1486 institutam
1157 1434 1445 1497 rationem,
1479 1435 1602 1503 qui,
1631 1455 1796 1506 quum
1831 1436 2049 1506 inclytas
2089 1440 2202 1491 illas

132 1513 350 1566 Ariadnes
368 1533 484 1568 cum
511 1513 720 1566 Baccho
744 1514 977 1583 nuptias,
1004 1515 1058 1564 iu
1082 1513 1270 1584 quibus
1290 1512 1649 1565 describendis
1667 1512 1733 1566 ad
1759 1534 2000 1568 nauseam
2029 1537 2196 1590 usque

131 1593 324 1645 luxuriat
351 1594 596 1659 Nonnus,
629 1594 840 1663 Dionys.
872 1593 1110 1657 XLVII,
1142 1592 1354 1644 uberius
1381 1594 1653 1663 persequi,
1685 1607 1735 1645 et
1766 1595 1909 1664 quod
1944 1600 2199 1667 sequioris

130 1673 261 1724 atatis
286 1687 428 1743 poeta
445 1713 460 1738 ,
489 1694 541 1726 v.
568 1691 613 1726 c.
634 1671 954 1725 Claudianus
983 1672 1264 1735 ambabus,
1294 1670 1437 1743 quod
1463 1674 1638 1739 aiunt,
1657 1688 1960 1744 arrepturus
1994 1677 2198 1743 fuisset,

129 1751 366 1804 commode
400 1755 504 1823 Jam
539 1751 603 1804 ad
645 1751 781 1803 Pelei
825 1752 1031 1821 nuptias
1063 1752 1339 1803 transferre
1375 1765 1574 1820 posset,
1601 1752 1713 1804 haec
1748 1754 1926 1805 omnia
1960 1759 2198 1810 consulto

127 1833 415 1899 pretermisit
442 1833 670 1896 silentiO,
696 1843 748 1882 et
775 1844 960 1902 praeter
996 1850 1075 1893 ea,
1099 1850 1214 1901 quae
1241 1829 1307 1882 ad
1338 1831 1597 1899 picturam
1630 1831 1998 1885 declarandam
2030 1836 2196 1888 facere

131 1909 419 1975 viderentur,
457 1929 523 1964 ne
565 1909 837 1962 verbulum
872 1909 1084 1980 quidem
1123 1908 1344 1961 addidit.
1377 1941 1454 1952 -—
1491 1912 1727 1962 Fortasse
1766 1912 1819 1962 in
1850 1912 1948 1963 hac
1984 1933 2196 1986 quoque

129 1989 298 2058 pictura
335 1990 400 2044 ad
437 2004 642 2044 certum
675 1988 920 2059 aliquod,
956 1988 1100 2060 quod
1130 2002 1240 2041 tum
1273 2002 1522 2053 exstaret,
1558 1990 1768 2042 artificis
1797 2008 2196 2047 monumentum

128 2084 254 2136 poeta
273 2090 321 2123 se
340 2069 650 2142 composuit.
680 2071 813 2123 Nam
841 2088 1003 2140 quum
1039 2068 1090 2119 in
1115 2069 1217 2119 hoc
1245 2082 1549 2138 argumento
1584 2087 1790 2138 pompae
1819 2071 2083 2124 Bacchicae
2106 2094 2196 2144 pa-

129 2166 249 2218 terga
271 2150 527 2202 scitissime
553 2149 779 2219 exprimi
803 2161 1040 2218 possent,
1061 2161 1111 2200 et
1129 2148 1527 2199 Bacchanalium
1552 2149 1799 2218 imagines
1820 2150 1871 2200 in
1895 2151 2069 2202 univer
2082 2172 2195 2205 sum

126 2227 499 2300 frequentissime
527 2228 904 2298 effingerentur
928 2223 1096 2297 (quod
1126 2247 1187 2278 ex
1218 2226 1420 2278 infinita
1449 2227 1558 2278 sere
1583 2229 2025 2300 anaglyphorum,
2052 2251 2197 2301 gem-

127 2325 296 2361 marum
323 2323 373 2361 et
391 2322 678 2362 stantarum
696 2346 710 2371 ,
728 2325 845 2376 quae
876 2307 972 2358 hac
1003 2305 1068 2358 de
1089 2325 1145 2357 re
1168 2305 1339 2358 adhuc
1362 2319 1663 2376 supersunt,
1695 2307 2031 2361 multitudiue
2055 2325 2197 2362 recte

124 2387 339 2466 colligere
350 2377 683 2458 possumus)·
669 2425 685 2450 ,
706 2384 1058 2438 lubentissime
1075 2404 1194 2437 sane
1218 2386 1373 2436 huic
1361 2399 1670 2454 argumento
1698 2386 1964 2438 tractando
1983 2402 2033 2439 et
2052 2409 2199 2442 exor-

126 2466 274 2519 nando
308 2489 517 2540 operam
557 2486 701 2519 suam
744 2464 1057 2517 addixerunt
1098 2479 1293 2517 veteres
1334 2465 1571 2517 artifices.
1609 2466 1824 2519 ,Iuvabit
1861 2467 1948 2520 luc
1986 2489 2196 2540 quoque

125 2549 365 2600 contulisse
399 2549 611 2599 tabulam
664 2547 1058 2597 Herculanensem
1113 2551 1160 2595 in
1200 2550 1398 2613 pecturis
1437 2546 1899 2609 Her-calanensibus,
1942 2562 2065 2601 tom.
2114 2553 2198 2614 II,

124 2627 209 2679 tab.
241 2633 334 2691 16,
359 2629 425 2680 cs.
460 2629 667 2680 Bellona·
692 2625 979 2677 Admirand.
1017 2627 1151 2674 Rom.
1185 2626 1353 2693 :Imicp
1393 2625 1652 2687 XLVIII,
1681 2641 1731 2678 et
1768 2645 1884 2696 quae
1922 2648 1950 2678 c
1987 2592 2198 2699 Lipperti

126 2705 476 2777 Dactyliotheca
507 2705 739 2759 laudavit
759 2708 864 2773 jam
894 2705 1096 2757 Gau-late.
1130 2705 1240 2756 Nec
1270 2704 1535 2772 poenitebit
1561 2703 1624 2755 ad
1657 2708 2057 2776 comparationis
2083 2729 2196 2761 sua·

123 2785 299 2838 vitatem
332 2787 515 2858 legisse
555 2786 925 2838 philostratum
966 2786 1106 2834 Icon.
1147 2785 1201 2842 1,
1246 2786 1341 2838 15,
1378 2800 1427 2851 p.
1465 2786 1610 2851 786,
1633 2783 1757 2836 edit.
1791 2787 1991 2837 Olearn
1979 2808 1993 2851 ;
2030 2788 2193 2849 unde,

123 2880 339 2930 quantum
363 2869 540 2919 nativa
565 2866 723 2917 nostri
747 2875 909 2933 poeta:
939 2862 1277 2933 pulchritudo
1306 2863 1457 2912 anxie
1486 2864 1711 2932 quaesitis
1736 2865 2013 2934 pigmentis
2035 2881 2083 2918 et
2112 2890 2198 2919 oi-

123 2938 344 2997 mmentis
365 2948 609 3007 antistet,
637 2945 839 3013 optime
871 2941 1071 2994 disceie
1104 2953 1346 3012 poterunt
1374 2942 1593 3003 tirones,
1619 2943 1803 2993 harum
1830 2944 2196 3013 elegantiarum

122 3022 323 3076 studiou.
347 3028 569 3077 ——Jam
605 3036 753 3094 poeta
793 3042 821 3073 a
861 3021 1209 3083 diverticulis,
1243 3022 1295 3070 in
1332 3020 1527 3089 quibus
1553 3039 1753 3072 summa
1788 3041 1909 3074 cum
1936 3026 2201 3095 voluptate

123 3100 342 3156 lectorum
372 3105 591 3158 liberius
616 3103 923 3171 exspatiatus
949 3102 1154 3163 suerat,
1185 3098 1322 3151 redit
1352 3099 1417 3149 ad
1452 3100 1659 3167 nuptias
1685 3101 1820 3151 Pelei
1854 3116 1903 3153 et
1927 3104 2199 3155 Thetidos.

125 3183 350 3254 —Major
368 3204 528 3237 scena
544 3181 844 3236 adornatur.
865 3212 944 3222 —-
966 3179 1115 3231 Cedit
1140 3177 1240 3230 diis
1257 3177 1654 3230 adventantibus
1676 3179 1829 3231 vilior
1850 3195 2198 3251 spectatorum

123 3261 361 3325 plebecula
386 3257 480 3330 (ad
509 3282 600 3315 eos
627 3262 764 3312 euim
801 3272 1025 3330 pertinet
1046 3258 1383 3310 Homericum
1414 3255 1587 3317 [Iliad.
1617 3258 1754 3320 XX,
1790 3280 1807 3311 1
1826 3260 1887 3312 31
1909 3251 1956 3327 ,]
1989 3264 2197 3329 χαλεποὶ

121 3342 193 3392 θεοί
218 3344 460 3412 φαίνισθαι
485 3346 717 3411 ἐναργιῖς.
706 3340 759 3401 ..)
782 3372 859 3380 --
881 3338 1178 3390 Succedunt
1206 3338 1435 3389 thalamo
1462 3337 1695 3405 primum
1719 3338 1902 3389 heroes
1926 3359 2045 3393 cum
2083 3362 2199 3394 mu-

124 3420 305 3474 neribus
326 3422 682 3493 nuptialibus,
715 3417 905 3471 deinde
931 3418 1119 3488 reliqui
1143 3416 1253 3480 dii,
1277 3429 1326 3467 et
1356 3417 1545 3467 mensis
1564 3418 1892 3471 accumbunt.
1922 3422 1985 3472 Et
2013 3421 2099 3472 hic
2131 3437 2206 3475 est

125 3515 356 3554 consessus
381 3503 472 3554 ille
495 3500 922 3571 augustissimuS,
951 3517 1107 3567 quem
1133 3494 1392 3547 Pindarus
1416 3496 1694 3545 celebravit
1722 3497 1871 3549 Nem.
1906 3502 2001 3564 tv,
2039 3520 2166 3570 107:

368 3616 515 3674 1¹18„
543 3615 596 3670 δ’
619 3610 720 3685 (sc.
750 3607 970 3681 Peleus)
997 3616 1214 3665 εὔκυκλον
1247 3609 1410 3681 ἕδραν,

363 3705 469 3762 Τᾶς
501 3702 697 3769 οὐρανοῦ
725 3700 948 3761 βασιλῆες

365 3785 563 3833 Πόντου
588 3787 634 3828 τ’
661 3778 926 3845 ἐφεζόμενοι
944 3808 959 3826 ,

367 3868 514 3930 Δῶρα
547 3860 629 3909 καὶ
665 3856 838 3925 κράτος
872 3854 1036 3921 ἐξέφα-

446 3959 535 3990 να·.
569 3940 614 3996 ἐς
643 3938 778 4006 γένες
811 3936 961 4001 αὐτῷ.

125 4058 173 4105 At
193 4075 270 4109 eas
293 4072 473 4129 partes
493 4094 510 4116 ,
535 4073 652 4125 quae
685 4054 736 4104 in
766 4052 850 4104 his
877 4051 1076 4120 nuptiis
1101 4070 1130 4102 a
1160 4049 1390 4101 Pindaro
1422 4047 1608 4122 (Pyth.
1647 4052 1761 4113 111,
1800 4072 1815 4103 ι
1834 4056 1902 4105 58
1930 4072 2039 4123 sqq.
2059 4047 2078 4119 )
2102 4056 2221 4108 Mu-

121 4136 172 4184 sis
193 4150 238 4188 et
268 4140 321 4190 in
353 4137 553 4190 veteris
585 4132 755 4205 mythi
783 4132 1009 4199 vestigiis
1034 4129 1134 4182 diis
1160 4132 1214 4181 in
1241 4131 1538 4181 universum
1568 4130 1871 4181 tribuuntur
1899 4133 2040 4202 apud
2069 4137 2225 4205 Apol-

1798 4237 1918 4307 ιδ’
