2986 4935
726 438 867 509 150

1240 435 1785 506 C.VALER11
1842 438 2307 506 CATULLI

1025 573 1166 639 Nec
1212 594 1481 639 somnus
1527 585 1779 664 tegeret
1817 571 2036 663 quiete
2074 567 2352 652 ocellos»,

1027 676 1156 745 Sed
1201 691 1342 745 toto
1388 676 1747 745 indomitus
1789 676 2017 745 furore
2055 674 2227 745 lecto

1030 786 1379 865 versarer,
1411 785 1682 877 cupiens
1714 782 1938 850 videre
1978 782 2229 863 lucem,

1031 890 1124 956 Ut
1167 904 1386 956 tecum
1428 888 1757 982 loquerer,
1804 887 2127 982 simulque
2167 902 2242 955 ut
2287 909 2518 955 essem.

1033 998 1122 1062 At
1155 994 1410 1064 defessa
1446 995 1671 1063 labore
1715 994 2012 1063 membra
2054 1008 2404 1088 postquam

1031 1102 1470 1170 Semimortua
1506 1098 1748 1170 lectulo
1778 1101 2114 1194 jacebant,

1027 1208 1206 1289 Hoc,
1245 1206 1576 1298 jucunde,
1611 1207 1728 1276 tibi
1764 1231 2001 1302 poema
2039 1206 2197 1292 feci,

1035 1315 1134 1379 Ex
1176 1338 1311 1406 quo
1352 1315 1754 1408 perspiceres
1793 1338 2013 1382 meum
2059 1311 2380 1381 dolorem.

1029 1419 1229 1487 Nunc
1266 1419 1513 1504 audax,
1549 1443 1743 1506 cave,
1775 1421 1889 1489 sis·
1875 1441 2286 1513 ,precesque
2322 1431 2618 1499 nostraS,

1040 1528 1365 1608 OramuS,
1401 1549 1560 1593 cave
1596 1526 1910 1620 despuas,
1947 1522 2188 1606 ocelle,

1043 1631 1145 1698 Ne
1183 1655 1409 1724 poenas
1443 1632 1740 1700 Nemesis
1783 1645 2087 1727 reposcat
2122 1656 2161 1699 a
2196 1644 2299 1715 te,

1044 1737 1161 1804 Est
1201 1736 1554 1805 vehemens
1588 1740 1767 1824 Dea;
1804 1737 2036 1808 laedere
2077 1735 2249 1805 hanc
2286 1749 2542 1805 caveto.

820 1965 900 1999 10.
922 1948 1024 1998 Nee
1047 1966 1233 1999 somnus
1256 1961 1431 2016 tegeret
1453 1953 1606 2019 quiete
1623 1949 1747 1999 ocel-
1833 1945 2090 2016 despuere
2141 1944 2391 1997 solebant.
2437 1942 2640 1996 Tibnu.
2679 1942 2743 2008 1,
2802 1963 2863 2004 ι.

736 2026 1067 2079 105.0rnate
1104 2025 1344 2079 additum
1380 2040 1456 2079 est
1490 2030 1546 2080 τὸ
1580 2031 1748 2099 quiete.

735 2106 1000 2158 Indomitus
1026 2126 1098 2159 sc.
1123 2127 1307 2159 somno
1322 2110 1543 2174 Usta-ore
1574 2108 1643 2158 oh
1667 2105 1748 2157 fu-

736 2204 930 2238 rorem.
965 2187 1192 2238 Vincere
1238 2188 1398 2256 igitur
1441 2200 1492 2238 et
1534 2184 1750 2237 domare

628 2270 633 2276 '
737 2264 997 2317 furentem
1026 2278 1077 2317 et
1100 2266 1322 2318 nimium
1352 2266 1447 2317 sibi
1480 2263 1754 2334 indulgen-

742 2358 845 2395 tem
876 2345 1111 2397 animum
1142 2364 1354 2397 somnus
1384 2346 1650 2416 nequibat.

829 2442 846 2474 ι
865 2431 894 2486 4
914 2454 934 2465 ·
958 2442 976 2475 r
993 2424 1041 2476 5.
1068 2424 1268 2476 Versus
1298 2423 1643 2477 ornatissimi!
1672 2424 1754 2474 de-

738 2507 864 2567 sessa
896 2504 1058 2553 labore
1087 2503 1341 2554 versando
1368 2515 1421 2556 et
1445 2504 1757 2573 circumagi·

740 2580 901 2634 tando
919 2583 1123 2632 membra
1144 2587 1440 2633 semimortua
1465 2583 1756 2652 elanguida,

741 2661 930 2715 inertia
972 2674 1023 2713 et
1067 2659 1197 2713 adeo
1239 2663 1438 2714 viribus
1478 2662 1722 2716 exhausta
1741 2701 1756 2727 ,

743 2753 802 2792 ut
834 2740 920 2791 vix
966 2742 1191 2811 amplius
1222 2741 1412 2793 versari
1454 2754 1505 2794 et
1543 2761 1758 2812 promo·

744 2819 856 2873 veri
890 2822 943 2871 in
972 2821 1163 2872 lectulo
1185 2834 1394 2892 possent
1415 2860 1431 2889 ,
1452 2822 1626 2893 qualia
1652 2822 1758 2873 fere

743 2910 894 2964 sunt,
934 2918 1051 2970 qum
1093 2914 1262 2953 morte
1303 2901 1759 2972 appropinquante

742 2976 966 3032 deficere
990 2979 1268 3049 incipiunt.

830 3073 919 3130 17.
947 3059 1107 3110 Meum
1128 3061 1352 3121 dolorem,
1379 3078 1535 3130 quem
1561 3060 1637 3112 tui
1664 3059 1755 3110 de-

738 3135 931 3189 siderio
959 3139 1126 3209 capio,

830 3220 918 3270 18.
971 3219 1231 3289 Precesque
1276 3232 1462 3270 nostras
1512 3219 1648 3271 refer
1694 3216 1759 3270 ad

740 3314 874 3347 vers.
915 3316 935 3348 ι
952 3298 1001 3349 3.
1032 3298 1195 3366 Optat
1220 3298 1472 3351 nimirum
1502 3311 1553 3350 et
1580 3316 1759 3369 preca-

741 3387 862 3438 tur,
905 3388 965 3427 ut
999 3378 1391 3446 quamprimum
1430 3377 1621 3430 Calvus
1658 3396 1760 3429 una

742 3471 917 3505 secum
950 3473 1056 3506 esse
1081 3455 1222 3509 velit.

831 3549 913 3600 ¹9·
934 3535 1171 3602 Despuas‚
1196 3554 1406 3605 respuas
1424 3550 1475 3589 et
1497 3555 1523 3588 a
1545 3550 1596 3588 te
1618 3554 1758 3586 amo·

740 3611 909 3678 liaris;
937 3611 1152 3665 ductum
1182 3612 1323 3679 inde,
1344 3614 1506 3686 quod,
1528 3615 1618 3685 qui
1642 3633 1755 3666 rem

743 3692 867 3743 mali
897 3693 1087 3744 ominis
1105 3693 1185 3744 vel
1215 3695 1369 3745 etiam
1401 3695 1640 3747 homines
1661 3695 1757 3746 sibi

744 3771 940 3823 invisos
967 3786 1357 3837 aversarentur,
1390 3786 1469 3825 ter
1501 3775 1552 3825 in
1586 3772 1757 3825 sinum

1838 2029 1930 2094 96.
1953 2025 2223 2077 Theocrit.
2248 2023 2406 2095 Idyll.
2429 2023 2629 2092 v1,39
2654 2033 2709 2076 et
2738 2021 2867 2086 XX,

1847 2123 1867 2157 ι
1885 2123 2038 2158 1.—
2058 2103 2185 2156 Vid.
2215 2116 2268 2157 et
2288 2103 2459 2156 Plaut.
2481 2103 2685 2156 Asinar.
2710 2102 2776 2165 1,
2812 2119 2863 2164 ι,

1847 2187 1933 2236 26.
1954 2218 2033 2227 --
2060 2184 2242 2246 Ocelle,
2269 2182 2553 2247 carissime,
2569 2199 2732 2253 quem
2751 2184 2864 2251 jam

1840 2283 1996 2335 supra
2015 2264 2191 2317 Carm.
2212 2263 2363 2327 XIV,
2392 2286 2435 2324 1,
2465 2262 2617 2334 «plus
2644 2261 2866 2313 oculis:

1842 2362 1894 2394 se
1912 2344 2107 2395 amari·
2133 2339 2284 2395 dixit.
2290 2342 2501 2396 --Cave
2518 2341 2723 2411 despuas
2744 2342 2868 2392 ocel-

1843 2424 1889 2473 lo
1912 2423 2096 2476 vitiose
2124 2421 2177 2474 in
2202 2421 2520 2494 quibusdam
2543 2437 2709 2493 quum
2730 2431 2863 2473 vett.

1843 2516 1955 2555 tum
1994 2502 2407 2567 recentioribus;
2450 2520 2573 2556 nam
2607 2500 2728 2572 quis
2765 2517 2866 2553 nn·

1843 2601 2001 2653 quam
2021 2581 2245 2635 dixerit:
2281 2608 2302 2628 ι
2323 2582 2491 2635 ocello
2518 2580 2752 2652 aliquem
2772 2575 2865 2632 de-

1843 2661 2369 2732 spuere?·—Ocelle,
2395 2662 2547 2723 ocule,
2571 2659 2626 2712 in
2653 2657 2863 2712 blandi·

1846 2741 1927 2792 tiis
1947 2754 2217 2793 amantum
2242 2740 2522 2811 saepissime
2550 2750 2867 2809 usurpatum

1845 2821 1911 2872 cf.
1939 2821 2105 2872 Plaut.
2127 2819 2324 2872 Cistell.
2348 2821 2375 2870 1
2394 2860 2408 2882 ,
2448 2837 2468 2871 ι
2487 2858 2503 2885 ,
2532 2817 2622 2872 55.
2647 2817 2865 2871 Lucret.

1845 2901 1899 2963 1,
1925 2899 1955 2950 3
1974 2939 1990 2965 ,
2016 2906 2086 2968 ¹57
2111 2911 2163 2951 et
2184 2900 2392 2970 passim.
2415 2899 2484 2951 Ν.

1928 2998 2010 3030 20.
2037 2978 2248 3031 Nemesis
2274 2978 2532 3049 superbia
2556 2976 2740 3030 ultrix.
2755 2976 2868 3031 Μι-

1847 3059 1992 3110 crob.
2029 3058 2237 3110 Saturn.
2272 3060 2330 3122 1,
2366 3076 2410 3109 0.
2452 3074 2543 3109 21.
2585 3084 2607 3103 ι
2632 3056 2869 3109 Nemesis

1846 3156 1963 3209 quae
1980 3151 2162 3190 contra
2185 3137 2485 3207 superbiam
2508 3136 2717 3188 colitur.
2733 3163 2756 3182 ι
2783 3135 2864 3191 cf.

1849 3218 2013 3287 Vulp.
2031 3229 2083 3268 et
2092 3217 2359 3269 Her-derum
2373 3216 2429 3267 in
2450 3227 2705 3267 zerstreute
2722 3216 2865 3267 Blat-

1850 3308 1922 3346 ter
1939 3298 2004 3348 T.
2028 3297 2111 3361 11,
2136 3317 2187 3368 p.
2216 3297 2326 3349 230
2347 3314 2491 3367 seqq.
2513 3329 2594 3337 -—
2618 3295 2736 3347 «Ne
2757 3314 2865 3366 poe·

1846 3394 1938 3427 nas
1961 3376 2193 3428 Nemesis
2216 3388 2465 3447 reponat:
2495 3377 2595 3427 Ate
2621 3386 2697 3428 est
2714 3375 2865 3427 vehe-

1850 3474 1995 3506 mens
2019 3457 2159 3507 Dea-
2195 3455 2417 3525 Meleag.
2434 3456 2588 3506 Voss.
2617 3468 2673 3507 et
2697 3452 2868 3506 editor

1846 3535 2146 3605 Cantabrig.
2166 3532 2256 3586 sed
2272 3534 2513 3605 quilibet,
2531 3534 2749 3604 opinor,
2760 3531 2865 3585 vul·

1845 3627 2014 3684 garam
2039 3613 2148 3665 «ine
2165 3613 2488 3666 haesitatione
2507 3613 2771 3683 prefer-et.

1931 3710 2019 3744 21.
2065 3695 2163 3743 Est
2197 3694 2443 3745 vehemens
2474 3693 2599 3744 dm:
2642 3693 2864 3762 graviter

1845 3772 2095 3841 superbos
2127 3772 2305 3825 ulcisci
2345 3773 2531 3825 solens.
2560 3775 2717 3843 Βαρὺς
2744 3771 2861 3829 θεὸς.
