2986 4935
838 526 1288 593 CARMEN
1346 526 1554 626 xxl.

2177 525 2274 617 89

456 659 680 745 Quare
722 655 985 742 desine,
1020 655 1178 725 dum
1225 654 1377 725 licet
1420 654 1705 749 pudico;

456 762 557 831 Ne
600 762 799 831 finem
842 761 1083 850 faciaS,
1122 762 1236 833 sed
1281 765 1673 830 inrumatus.

185 971 284 1021 sius.
297 969 388 1023 sed
402 971 472 1022 sic
483 984 665 1024 eontra
677 989 894 1024 omnem
907 970 1163 1042 loquendi

184 1049 573 1104 consuetudinem
622 1051 774 1102 discet
829 1070 928 1122 pro
977 1051 1164 1102 docebit

189 1130 380 1198 positum
414 1142 500 1184 est.
523 1131 664 1183 Meus
683 1136 751 1182 mi
774 1131 1056 1202 Meleager.
1084 1132 1162 1185 Ne

186 1229 338 1261 ...meus
362 1211 661 1264 Passeratius
684 1209 753 1263 ad
789 1211 1013 1263 formam
1046 1231 1163 1264 ne...

181 1290 342 1352 sunem,
365 1291 521 1356 insta,
548 1292 750 1357 LXIV,
781 1289 875 1345 83.
901 1291 1040 1343 Meus
1056 1295 1164 1360 jam

181 1388 280 1435 puer
291 1371 514 1422 Cantabr.
528 1373 580 1423 A
581 1372 634 1422 le!
650 1391 778 1423 meus
785 1391 910 1442 puer
919 1372 1166 1442 Vulpius,

185 1467 315 1517 quam
335 1450 538 1520 quidem
562 1451 846 1504 lectionem
860 1490 876 1516 ,
896 1450 1024 1503 dum
1054 1470 1164 1503 me·

189 1527 269 1579 lior
293 1528 475 1589 deerat,
506 1531 558 1582 in
600 1544 803 1584 textum
833 1531 1130 1602 recepimus
1148 1567 1166 1594 ,

186 1606 281 1660 licet
317 1622 361 1662 et
402 1609 488 1663 illa
523 1624 700 1664 metro
741 1612 944 1663 laboret
974 1623 1024 1663 et
1057 1622 1166 1662 tro-

187 1687 355 1740 chaeum
381 1709 475 1760 pro
505 1689 763 1761 spondaeo
791 1692 860 1743 ab
894 1689 1047 1743 initio
1074 1690 1168 1742 ha-

188 1767 282 1819 beat
303 1769 472 1830 (Errat
497 1769 843 1840 Doeringius,
873 1770 1002 1824 dum
1022 1782 1171 1840 putat

189 1866 272 1897 uon
288 1868 422 1918 posse
437 1849 491 1901 in
509 1850 662 1903 hunc
679 1851 855 1902 locum
877 1851 1170 1903 trochaeum

189 1928 340 1998 recipi.
354 1929 476 1983 Fere
487 1931 628 1982 basis
644 1929 880 1983 variatin
900 1930 1046 1982 omni
1062 1949 1172 1980 ver-

187 2026 246 2058 su.
264 2005 339 2071 N.)
352 2010 579 2062 Meusmet
596 2031 732 2083 puer
761 2011 996 2079 Gotting.
1025 2007 1171 2062 haud

189 2082 322 2140 dubie
344 2108 401 2142 ex
433 2090 556 2144 edit.
589 2089 881 2144 Corradini
914 2088 980 2140 de
1011 2089 1168 2141 Allio.

193 2166 282 2217 Una
303 2189 417 2222 meus
430 2190 553 2240 puer
574 2171 763 2240 inepte
789 2183 970 2222 contra
992 2188 1175 2222 omnes

189 2250 314 2301 metri
342 2251 468 2320 leges
498 2263 670 2304 tentat
699 2249 943 2302 Heinsius
965 2250 1021 2300 in
1061 2261 1173 2302 not.

187 2322 242 2377 ad
261 2327 428 2384 Catull.
446 2332 725 2396 Quantum
749 2327 997 2401 equidem
1024 2348 1174 2381 sensu

189 2423 285 2459 meo
307 2413 495 2484 assequi
520 2429 741 2484 possum
756 2446 770 2467 ‚
800 2411 906 2473 istae
930 2410 1038 2461 fere
1060 2428 1175 2461 om-

188 2505 288 2553 nes,
321 2510 440 2562 quas
480 2491 726 2547 recensui
750 2530 765 2555 ,
804 2491 1052 2543 lectiones
1094 2490 1175 2541 vel

188 2585 358 2623 sennim
392 2575 600 2626 turbare
619 2611 635 2635 ‚
665 2572 747 2623 vel
777 2571 928 2623 metri
961 2570 1177 2622 rationi·

188 2645 269 2698 bus
302 2649 551 2706 adversari
599 2649 870 2704 videntur.
907 2651 960 2702 Si
1004 2651 1177 2719 legere

188 2743 363 2783 mecum
392 2749 454 2784 ex
482 2735 794 2804 conjectura
821 2730 972 2783 liceat
1003 2752 1013 2781 :
1046 2735 1099 2783 A
1134 2744 1177 2780 te

189 2825 276 2859 mos
296 2829 424 2879 puer,
451 2814 532 2864 vel
562 2813 694 2866 Mox
718 2824 866 2862 tecum
888 2831 1035 2880 puer,
1061 2830 1176 2862 om-

188 2885 253 2937 nis
271 2887 535 2945 difficultas
560 2904 772 2945 remota
797 2904 848 2944 et
874 2904 979 2943 tam
1006 2891 1177 2952 sensui

187 2983 316 3034 quam
357 2973 504 3025 metri
541 2971 847 3041 rationibus
882 2972 1177 3022 consultum

1252 968 1478 1023 videtur.
1515 970 1616 1023 Sed
1660 990 1769 1022 non
1811 972 1977 1022 ausim
2014 973 2082 1024 ita
2113 974 2279 1024 corri-

1253 1069 1375 1120 gere
1395 1063 1593 1120 poetas.
1618 1082 1697 1095 ·—-
1723 1050 1963 1103 Handius
1990 1052 2143 1121 longe
2166 1071 2282 1103 om-

1254 1130 1405 1181 nium
1434 1131 1523 1182 hic
1555 1130 1887 1201 conjiciendo
1920 1132 2247 1184 felicissimus
2268 1171 2283 1192 .,

1253 1208 1345 1279 qui
1372 1211 1642 1280 epitheton
1684 1211 1837 1280 pueri
1868 1211 2079 1282 pulchri
2113 1224 2162 1262 et
2194 1231 2283 1263 ve-

1251 1289 1391 1341 nusti
1423 1288 1711 1342 desiderari
1743 1303 1928 1361 putat,
1973 1303 2023 1342 et
2068 1291 2281 1343 Mellieus

1255 1387 1379 1420 vere
1390 1371 1688 1423 Catulliano
1706 1371 1862 1440 genio
1877 1384 2279 1423 consentaneum

1257 1443 1390 1509 (vid.
1432 1451 1610 1502 Carni.
1644 1443 1722 1517 V)
1750 1451 1993 1521 reponit,
2020 1449 2150 1501 dum
2182 1451 2285 1503 hoc

1254 1529 1478 1581 verbum
1510 1530 1565 1581 in
1610 1529 1823 1593 codice,
1858 1549 1887 1581 e
1924 1549 2032 1600 quo
2067 1531 2154 1581 alii
2190 1529 2281 1582 de·

1256 1609 1456 1679 scripti,
1477 1609 1935 1674 obliteratum‚eta
1948 1610 2197 1674 librariis,
2215 1629 2281 1661 ne

1257 1687 1445 1741 lacuna
1478 1690 1745 1754 existeret,
1778 1691 2079 1760 superstites
2109 1691 2283 1743 literas

1256 1787 1326 1818 me
1344 1767 1636 1840 duplicatas
1655 1771 1809 1822 fuisse
1833 1770 2109 1839 opinatur,
2138 1783 2190 1822 et
2211 1771 2282 1821 sic

1258 1849 1481 1901 restituit
1506 1850 1637 1922 quod
1654 1854 1829 1901 esurire
1857 1850 2073 1902 Mellitus
2090 1871 2213 1920 puer
2234 1863 2280 1901 ee

1257 1931 1390 1980 sitire
1416 1929 1582 1981 discet.
1611 1931 1678 1982 N.

1347 2028 1433 2061 ιιι.
1472 2010 1664 2062 Statius
1698 2009 1796 2079 legi
1825 2011 1975 2078 jubet
2003 2027 2016 2060 ε
2056 2036 2076 2055 ι
2103 2010 2281 2072 Quare

1259 2086 1457 2152 desine,
1470 2088 1599 2140 dum
1616 2090 1756 2150 licet,
1775 2087 2019 2159 pudicuS,
2031 2090 2111 2140 Ne
2124 2090 2282 2139 finem

1260 2169 1446 2233 facim,
1478 2169 1569 2221 sed
1603 2170 1925 2231 inrumatus3
1954 2171 2037 2219 vel
2058 2190 2076 2220 .·
2106 2170 2283 2232 Quare

1260 2247 1466 2312 desine,
1492 2248 1621 2300 dum
1644 2249 1761 2300 licet
1785 2246 2005 2318 pudico,
2024 2250 2103 2300 Ne
2122 2250 2284 2299 finem

1261 2329 1447 2391 facias,
1492 2342 1569 2381 sat
1604 2329 1912 2380 inrumatuS.
1935 2355 1956 2374 ι
1996 2328 2178 2380 Heius,
2231 2329 2284 2378 in

1262 2420 1369 2459 not.
1389 2407 1458 2460 ad
1481 2408 1747 2461 Catullum
1771 2409 1905 2462 vult:
1925 2421 1974 2459 et
1991 2414 2253 2460 int-umatus
2269 2448 2282 2469 ,

1264 2490 1423 2541 male!
1455 2488 1699 2542 Notanda
1742 2490 1795 2542 h.
1830 2491 1863 2541 l.
1901 2492 2045 2543 vocis
2086 2489 2287 2556 pudicus

1263 2569 1601 2638 significatio,
1623 2590 1738 2642 quae
1764 2569 1830 2621 ad
1854 2590 2046 2641 corpus
2061 2610 2076 2633 ,
2095 2590 2200 2621 non
2219 2567 2287 2621 ad

1263 2650 1501 2701 animum
1545 2653 1758 2711 attinet,
1788 2652 1823 2702 i.
1858 2671 1903 2704 e.
1931 2673 1961 2703 a
1992 2651 2132 2720 turpi
2159 2669 2288 2702 con-

1267 2741 1405 2781 tactu
1435 2733 1649 2800 integer.
1684 2731 1747 2781 N.

1322 2810 1438 2879 ‚13.
1467 2812 1543 2861 Ne
1558 2810 1707 2879 finem
1726 2812 1910 2877 secius,
1944 2829 2012 2862 sc.
2046 2829 2152 2860 non
2182 2828 2292 2860 am-

1267 2890 1407 2960 plius
1430 2889 1654 2960 pudicus
1683 2905 1732 2942 et
1754 2904 1945 2953 castus,
1973 2890 2059 2940 sed
2080 2893 2290 2940 iurum«-

1268 2983 1341 3022 ιω
1360 3010 1375 3032 ‚
1401 2984 1697 3042 corruptus,
