2986 4935
667 398 759 466 32
877 396 1189 464 VULPII
1235 397 1663 464 DIATRIBE
1704 399 1825 464 DE
1861 396 2202 465 METRIS
2239 399 2658 468 CATULLI.

667 530 862 597 finem
892 528 1059 597 libri.
1093 526 1413 596 Nonnulli
1439 528 1619 622 apud
1641 530 1962 596 Nostrum
1985 545 2346 599 occurrunt
2367 530 2773 625 hypermetri
2791 574 2808 607 φ

668 634 1035 727 cujusmodi
1070 649 1221 704 sunt
1249 632 1531 726 exempli
1563 658 1790 703 causa:

827 799 970 857 Inde
1003 811 1169 875 pater
1199 797 1408 854 divum
1435 810 1634 854 sancta
1663 816 1794 853 cum
1821 797 2098 873 conjuge,
2122 798 2398 874 natisque.

820 883 894 937 Et
917 878 1017 955 qui
1048 877 1346 955 principio
1375 874 1544 933 nobis
1579 889 1788 934 terram
1816 872 2005 948 dedit,
2034 888 2283 934 auctore.

771 1042 962 1108 XIII.
1009 1041 1267 1108 Decimi
1303 1042 1478 1108 tertii
1517 1041 1775 1134 generis
1814 1054 1913 1107 est
1956 1042 2373 1108 Pentameter
2411 1037 2759 1135 Elegiacus
2789 1096 2806 1127 ,

670 1170 859 1237 aeque‘
895 1159 1111 1214 notus.
1148 1149 1269 1214 Est
1301 1160 1520 1214 autem
1562 1143 1893 1231 CatulluS,
1935 1169 2121 1213 more
2163 1145 2608 1238 antiquiorum
2638 1172 2807 1240 poe-

667 1267 881 1318 tarum
910 1305 927 1336 ,
982 1254 1047 1319 in
1094 1251 1224 1319 hoc
1269 1275 1508 1345 genere
1555 1275 2050 1344 nonnumquam
2097 1249 2549 1334 duriusculus;
2589 1252 2804 1348 qualia

668 1362 841 1425 enim
881 1373 1033 1426 sunt
1071 1354 1216 1424 illa!

823 1520 999 1596 Troja
1026 1521 1214 1577 virum
1244 1534 1302 1576 et
1326 1521 1603 1577 virtutum
1633 1520 1891 1577 omnium
1923 1518 2129 1576 acerba
2161 1520 2320 1577 cinis.

829 1606 1015 1671 Quam
1046 1598 1221 1655 modo
1247 1599 1347 1675 qui
1380 1619 1471 1656 me
1502 1618 1680 1656 unum
1715 1613 1887 1674 atque
1922 1599 2150 1656 unicum
2184 1600 2430 1657 amicum
2458 1598 2679 1658 habuit.

833 1683 1019 1750 Vere,
1050 1690 1327 1755 quantum
1363 1698 1396 1734 a
1427 1698 1549 1749 me,
1577 1677 1815 1749 Lesbia,
1851 1691 2040 1735 amata
2072 1697 2197 1735 mea
2225 1698 2303 1735 es,

829 1757 1043 1814 Divum
1075 1757 1148 1814 ad
1183 1757 1464 1814 fallendos
1497 1759 1731 1815 numine
1763 1756 2006 1815 abusum
2037 1757 2318 1814 homines,

829 1840 949 1893 Nec
977 1836 1249 1894 desistere
1283 1857 1505 1909 amare,
1536 1837 1726 1895 omnia
1758 1837 1802 1894 si
1840 1836 2028 1894 facias„

665 2013 732 2064 et
770 1999 821 2063 si
856 2022 987 2090 qua
1017 2012 1170 2065 sunt
1205 1996 1329 2065 alia
1372 1999 1618 2067 similia.

770 2106 954 2171 XIV.
1000 2105 1255 2172 Decimi
1291 2107 1507 2198 quarti
1543 2106 1796 2198 generis
1834 2119 1933 2171 est
1970 2101 2437 2173 Galliambicus
2459 2156 2478 2192 ‚
2529 2104 2613 2174 de
2660 2131 2797 2199 quo

669 2208 817 2277 vide
855 2211 923 2276 in
966 2213 1375 2303 Argumento
1421 2211 1504 2277 ad
1546 2214 1764 2278 Carm.
1808 2212 2051 2278 LXIII.
