2986 4935
705 413 848 507 392

1228 416 1773 483 C.VALER11
1832 407 2304 486 CATULLI

1296 649 1850 738 CARMEN
1918 652 2226 783 CXII.

1487 886 1573 930 IN
1631 886 2037 933 NASONEM.

696 1078 999 1144 MUL‘rns
1030 1074 1232 1140 homo
1261 1097 1362 1157 es,
1386 1073 1605 1152 Naso;
1631 1095 1783 1138 nam
1816 1085 2034 1139 tecum
2067 1070 2314 1141 multus
2333 1073 2544 1143 homo
2569 1092 2718 1165 est,
2743 1081 2847 1170 qui

798 1179 1157 1250 Descendit
1189 1206 1202 1244 z
1237 1182 1448 1265 NaSO,
1492 1175 1738 1245 multus
1781 1202 1850 1246 es
1887 1191 1952 1245 et
1997 1177 2323 1272 pathicus.

771 1391 912 1441 Ano.
938 1388 1139 1439 Mirum
1158 1426 1172 1450 ,
1200 1400 1456 1456 quantum
1482 1388 1586 1438 hoc
1608 1389 1719 1457 epi·

694 1487 926 1538 gramma
945 1506 960 1529 ‚
986 1467 1131 1538 quod
1160 1487 1186 1518 a
1211 1467 1455 1536 plurimis
1477 1468 1717 1518 omnium

690 1550 748 1601 in
782 1549 883 1600 hoc
919 1548 1079 1598 Poeta
1111 1546 1538 1598 obscurissimum
1570 1547 1719 1597 habi·

696 1640 806 1679 tum
825 1666 839 1690 ,
865 1640 915 1678 et
939 1646 968 1676 a
990 1627 1202 1677 Mureto
1223 1625 1443 1695 aliisque
1467 1637 1720 1694 tanquam

692 1705 1026 1776 desperatum
1058 1705 1299 1756 relictum
1333 1716 1405 1755 est
1427 1741 1444 1768 ,
1461 1706 1719 1776 interpre-

698 1798 807 1836 tum
853 1785 1061 1855 ingenia
1112 1784 1435 1847 exercuerit;
1487 1803 1719 1854 quorum

691 1877 993 1916 commenta
1037 1883 1213 1916 omnia
1251 1881 1519 1915 recensere
1561 1884 1721 1916 nimis

694 1946 911 2014 longum
938 1957 1030 1997 est.
1049 1974 1129 1989 —-
1152 1944 1290 1995 Mihi
1318 1941 1536 2013 quidem
1559 1942 1719 1996 Poeta

694 2024 872 2075 lusisse
915 2022 1125 2075 videtur
1165 2024 1219 2075 in
1262 2024 1434 2074 multus
1451 2059 1468 2085 ‚
1515 2024 1616 2085 ita,
1662 2037 1719 2075 ut

693 2102 814 2154 ideo
838 2105 946 2173 jam
975 2103 1238 2154 Nasonem
1272 2103 1467 2153 multum
1499 2120 1718 2154 vocave-

694 2185 794 2247 rit,
839 2182 965 2252 quia
1010 2183 1148 2233 multi
1194 2183 1434 2233 homines
1480 2180 1720 2234 libidinis

691 2281 843 2315 causa
865 2280 986 2313 cum
1012 2280 1076 2313 eo
1098 2262 1435 2313 versabantur
1451 2281 1465 2325 ;
1483 2261 1587 2311 hoc
1610 2262 1718 2312 fere

690 2361 840 2394 sensu
862 2358 876 2391 :
904 2340 1229 2391 «Multorum
1256 2340 1534 2391 hominum
1553 2340 1715 2392 homo

693 2440 779 2486 es,
807 2420 948 2472 Naso
977 2409 1065 2487 (h.
1100 2438 1146 2471 e.
1180 2420 1469 2472 multorum
1506 2418 1716 2473 libidini

692 2489 929 2558 inservis)
946 2520 961 2564 ;
977 2517 1100 2550 nam
1117 2499 1270 2550 multi
1286 2500 1526 2551 homines
1540 2512 1714 2552 tecum

691 2592 997 2643 versantur,
1033 2578 1122 2648 qui
1167 2591 1374 2648 turpem
1410 2580 1465 2630 in
1493 2598 1714 2650 corpore

692 2672 785 2710 tuo
801 2659 1013 2728 explent
1031 2655 1309 2709 libidinem
1328 2672 1341 2714 ;
1359 2657 1552 2710 iterum
1573 2658 1714 2725 dien,

691 2739 862 2800 Naso,
900 2737 1190 2788 multorum
1232 2736 1512 2789 hominum
1552 2738 1713 2790 homo

692 2834 775 2879 es,
808 2829 858 2867 et
889 2817 1167 2868 muliebria
1195 2816 1402 2886 pateris.
1422 2842 1443 2862 ι-

779 2914 831 2947 1.
864 2896 1049 2948 Multus
1088 2897 1223 2947 homo
1256 2916 1335 2958 es,
1374 2897 1538 2959 Nam,
1564 2916 1709 2968 neque

692 2987 840 3024 tecum
879 2977 1050 3026 multus
1090 2977 1224 3026 homo
1238 3014 1254 3037 ,
1296 2976 1383 3026 sed
1414 2977 1673 3027 Descendis
1688 3017 1702 3037 ,

688 3054 846 3117 Naso,
865 3057 1036 3106 multus
1052 3075 1099 3105 es
1119 3068 1169 3105 et
1180 3055 1400 3125 pathicus
1419 3055 1569 3108 editt.
1586 3057 1710 3108 Par·

691 3134 857 3186 thenii
867 3174 883 3201 ,
895 3135 1087 3187 Muret.
1109 3134 1442 3204 Henricpetr.
1456 3136 1705 3189 Cantabr.

693 3213 867 3268 Graev,
891 3248 968 3257 —-
996 3214 1228 3267 «Multus
1246 3215 1409 3267 homo
1431 3210 1531 3279 (οε,
1547 3216 1706 3276 Na50,

1805 1402 1928 1436 nam
1964 1397 2138 1437 tecum
2169 1386 2367 1438 multus
2395 1386 2592 1451 homo)
2632 1402 2722 1442 est
2758 1393 2842 1461 qui

1805 1462 2126 1517 Descendit?
2157 1465 2325 1530 Naso,
2351 1468 2556 1521 multus
2581 1488 2642 1520 es
2673 1484 2730 1521 et
2754 1490 2842 1540 pa·

1805 1543 2006 1595 thicus-
2039 1556 2188 1597 vetus
2205 1545 2468 1616 scriptura
2486 1547 2640 1618 apud
2669 1550 2840 1602 Scali-

1803 1641 2006 1692 gerum.
2029 1654 2110 1665 -—
2137 1624 2370 1677 «Multus
2390 1624 2558 1679 homo
2582 1646 2640 1679 es
2665 1628 2836 1681 Naso:

1805 1720 1900 1754 nec
1918 1714 2092 1755 tecum
2110 1703 2305 1755 multus
2321 1704 2592 1776 homoque
2607 1709 2838 1760 Descen-

1805 1779 1883 1832 dit
1911 1782 2050 1834 Naso
2075 1784 2274 1835 multus
2298 1802 2353 1835 es
2376 1798 2430 1838 et
2453 1786 2709 1839 Pathicus
2728 1815 2750 1834 ι
2784 1789 2836 1840 in

1803 1860 1952 1912 libris
1975 1862 2239 1914 veteribus
2260 1881 2314 1914 se
2339 1866 2595 1936 reperisse
2617 1880 2836 1919 testatur

1804 1940 2093 2012 Meleager,
2120 1942 2211 2012 qui
2238 1939 2362 1995 inde
2392 1956 2559 1997 tentat
2588 1972 2611 1992 ι
2634 1946 2835 2001 Multus

1804 2020 1967 2072 homo
1995 2039 2079 2085 οε,
2108 2021 2272 2082 Naso,
2305 2040 2402 2074 nec
2431 2036 2609 2078 tecum
2636 2026 2834 2077 multus

1802 2098 1966 2151 bomo
1999 2118 2013 2151 ε
2042 2113 2119 2152 est
2147 2101 2239 2171 qui
2270 2101 2349 2152 Te
2375 2101 2616 2156 aseendit
2645 2123 2662 2155 ι
2695 2105 2833 2156 Nm

1802 2179 1999 2230 multus
2021 2197 2074 2229 es
2095 2191 2153 2230 et
2165 2179 2443 2247 Pathicm3
2463 2208 2484 2229 ι
2512 2181 2610 2236 sed
2630 2187 2835 2254 sapien·

1803 2270 1882 2310 ter
1903 2256 2088 2310 addit:
2117 2258 2284 2323 «Qum
2304 2259 2370 2312 sit
2391 2279 2539 2314 mens
2566 2263 2829 2334 epigram·

1803 2337 1984 2401 matis,
2018 2355 2195 2389 meum
2232 2358 2341 2391 non
2379 2353 2457 2393 est
2495 2342 2776 2412 explicare.
2799 2369 2820 2390 ι

1809 2416 2041 2469 «Multus
2084 2415 2250 2470 homo
2294 2432 2399 2485 est,
2440 2419 2584 2474 Naso
2603 2460 2621 2486 ,
2655 2441 2827 2494 neque

1801 2514 1977 2548 secum
1996 2497 2191 2549 multus
2206 2499 2370 2551 homo
2391 2501 2486 2569 qui
2505 2502 2815 2554 Descendit·

1801 2576 2036 2628 Vossius,
2054 2607 2134 2618 -—
2160 2578 2392 2630 «Multus
2407 2579 2575 2632 homo
2597 2595 2675 2634 at
2689 2621 2707 2646 ‚
2728 2582 2824 2634 Na·

1800 2673 1857 2705 so
1875 2694 1891 2720 ‚
1914 2652 2069 2717 (nam
2110 2668 2284 2709 tecum
2319 2659 2517 2711 multus
2542 2659 2710 2713 homo
2738 2652 2817 2726 et)

1799 2734 1891 2803 qui
1924 2733 2241 2788 Descendit?
2261 2762 2283 2782 ι
2322 2737 2575 2808 Vulpius.
2607 2772 2689 2782 —
2717 2741 2819 2793 Nos

1799 2811 2043 2865 dedimus
2079 2814 2358 2868 lectionem
2390 2818 2676 2889 Scaligefi,
2712 2839 2815 2872 mn·

1798 2904 1902 2944 tata
1929 2905 2130 2945 tantum
2160 2912 2284 2946 cum
2305 2896 2530 2949 Daciero
2547 2900 2814 2969 ima-pun·

1797 2972 1999 3037 ctione;
2023 2984 2076 3023 et
2097 2973 2169 3025 sic
2185 2974 2478 3028 exhibitum
2494 2980 2603 3047 jam
2622 2991 2698 3030 est
2720 2978 2813 3030 hoe

1795 3052 2117 3121 epigramma
2143 3053 2199 3106 in
2224 3052 2552 3110 editionibus
2584 3057 2811 3127 Gotting.

1795 3143 1847 3181 et
1869 3131 2085 3201 Bipont.
2583 3190 2587 3194 Α

1859 3229 1886 3261 2
1897 3250 1911 3263 .
1931 3212 2535 3269 Descendereestverbum
2548 3215 2807 3287 nequitie.
