2986 4935
791 487 1229 556 CARMEN
1292 490 1668 554 LXVIII.

2143 487 2288 571 343

275 624 419 687 Hoc
463 618 613 702 tibi,
658 619 835 710 quod
881 622 1096 711 potui,
1136 618 1511 686 consectum
1550 622 1838 685 carmine
1873 643 2111 686 munus

382 728 507 791 I’ro
550 721 808 807 multis,
850 724 1085 809 Manli,
1123 725 1416 791 redditur
1451 725 1712 804 officiis3

278 833 376 896 Ne
415 845 710 898 vostrum
752 830 983 897 scabra
1027 844 1251 922 tangat
1289 830 1586 922 robigine
1623 851 1862 896 nomen

380 940 539 1003 Haec
583 950 778 1027 atque
820 933 926 1000 illa
966 936 1137 1017 dies,
1186 950 1381 1026 atque
1428 935 1580 1020 alia,
1627 950 1820 1027 atque
1867 933 2007 1000 alia.

276 1045 424 1108 Huc
464 1040 715 1138 addent·
742 1043 894 1107 Divi
930 1066 1125 1132 quam
1167 1041 1476 1133 plurima,
1512 1051 1655 1133 quae
1682 1041 1944 1108 Themis
1985 1038 2140 1106 olim

386 1149 679 1239 Antiquis
721 1145 909 1214 solita
953 1161 1050 1214 est
1097 1171 1364 1213 munera
1412 1146 1581 1212 ferre
1629 1149 1765 1238 piis.

273 1257 424 1322 Sitis
466 1251 715 1335 feliceS,
750 1266 815 1319 et
858 1267 931 1319 tu
977 1252 1201 1331 simul,
1240 1267 1304 1318 et
1342 1266 1451 1319 tua
1507 1253 1666 1332 vita,
2217 1286 2282 1320 ,ᾗς

382 1363 467 1426 Et
498 1358 732 1425 domus
766 1359 942 1449 ipsa,
987 1359 1050 1423 in
1088 1382 1216 1449 qua
1259 1356 1568 1436 lusimm,
1612 1372 1675 1424 et
1718 1358 2012 1442 domina3

273 1467 360 1532 Et
397 1465 507 1556 qui
547 1464 865 1557 principio
910 1463 1096 1531 nobis
1142 1478 1203 1530 tc
1251 1463 1546 1547 tradidit,
1595 1488 1630 1530 a
1681 1489 1814 1555 quo

165 1660 253 1708 illa
282 1658 381 1706 dies
404 1654 710 1708 candidiore
737 1668 903 1708 notat.
930 1682 950 1700 ι
987 1655 1088 1706 sed
1126 1656 1177 1707 iu

164 1737 318 1787 nullo
358 1736 460 1787 alio
496 1735 634 1786 libro
664 1734 774 1785 MS.
817 1735 961 1804 apud
997 1736 1177 1786 Sante·

164 1817 318 1865 nium
338 1815 449 1865 haec
469 1815 623 1865 lectio
642 1827 819 1865 exstat.
835 1846 908 1854 —
927 1816 1031 1865 Pro
1051 1818 1173 1873 unis,

163 1892 317 1964 quod
336 1894 554 1964 plurimi
577 1893 695 1943 libri
720 1893 901 1961 scripti
928 1906 978 1944 et
1003 1893 1175 1945 excusi

164 1973 439 2032 offerunt,
460 1972 752 2041 recepimus
780 1991 898 2023 cum
929 1973 1179 2023 Sautenio

162 2052 453 2123 genuinam
469 2088 485 2112 ,
504 2064 563 2102 ut
582 2051 733 2102 nobis
754 2049 981 2114 videtur,
998 2052 1177 2121 lectio·

165 2151 291 2183 nem
317 2151 464 2191 unus,
495 2130 803 2181 auctoritate
830 2130 977 2182 MSS.
1013 2131 1178 2192 Daui,

162 2210 401 2261 duorum
430 2208 896 2261 Mediolanensium
916 2248 930 2271 ‚
962 2209 1174 2261 Palatini.

163 2289 575 2342 Commelinian.
601 2287 766 2357 Lipsii
782 2326 797 2349 ,
816 2286 1041 2338 duorum
1064 2289 1177 2339 Gu-

160 2369 313 2420 dian.
348 2367 586 2419 Riccard.
626 2368 868 2435 Excerpt.
916 2371 1091 2437 Αιιυιι)
1110 2387 1175 2417 ιιι.

159 2449 292 2501 satis
309 2448 692 2500 confirmatam.
716 2478 795 2486 —-
821 2448 1044 2498 Caeteras
1069 2466 1180 2498 cor·

162 2542 351 2598 ruptas
382 2528 628 2579 lectiones
647 2567 661 2587 ,
691 2544 819 2594 quas
851 2541 1063 2577 enotare
1097 2527 1177 2593 pi·

159 2622 247 2678 get
272 2644 291 2665 ,
321 2606 430 2658 vid.
467 2603 609 2674 apud
649 2605 786 2656 Sant.
834 2637 910 2645 -—
950 2607 995 2655 Is
1036 2607 1181 2656 daem·

159 2696 287 2738 unus
320 2683 488 2737 edidit
521 2684 747 2753 Scaliger
779 2684 833 2734 in
868 2685 1033 2752 prima
1067 2685 1177 2735 ecli-

162 2768 346 2823 ιὶοιιε.
395 2763 545 2836 quod
584 2764 816 2832 placebat
857 2764 1058 2832 Lipsio.
1102 2798 1178 2806 —-

165 2849 301 2913 Quis
328 2844 475 2895 datur
504 2863 623 2894 mms
654 2844 779 2911 legit
812 2844 1068 2893 Duker-us.
1103 2876 1179 2883 —

164 2929 343 2990 (luat-e
377 2924 502 2974 illud
536 2926 651 2972 satis
692 2933 761 2972 est
803 2935 902 2973 etc.
942 2922 1177 2973 Sensus:

160 3008 390 3073 ultaque
406 3003 628 3053 feliciter
649 3019 850 3051 mecum
874 3014 1047 3052 actum
1073 3021 1181 3052 esse

161 3097 304 3155 puto
323 3121 338 3145 ‚
365 3082 407 3132 si
436 3082 518 3132 vel
547 3099 710 3131 unum
736 3079 874 3131 diem
897 3120 912 3142 ‚
937 3099 1048 3150 quo
1073 3099 1180 3131 nie-

159 3183 290 3215 cum
323 3160 627 3221 consuevit,
661 3158 880 3229 dignum
903 3199 916 3222 ,
944 3160 1033 3228 qui
1062 3161 1181 3210 albo

159 3242 360 3312 lapillo
390 3240 698 3308 insigniatur
715 3274 731 3298 ,
762 3239 1021 3291 habuerit.
1045 3264 1065 3283 ι·

253 3342 274 3373 ι
295 3327 384 3387 49,
446 3320 557 3385 Quo
602 3322 740 3388 potui
795 3318 1050 3370 Muretus.
1106 3349 1183 3359 —-·

164 3403 335 3470 Quem
362 3398 496 3450 male
523 3396 895 3449 mediolanens.

256 3500 275 3532 ι
297 3479 391 3530 51.
424 3477 529 3528 Nec
571 3477 623 3527 in
659 3475 971 3546 quibusdam
1008 3475 1180 3527 Codd.

160 3580 224 3611 ex
255 3556 484 3610 solemni
508 3556 833 3607 confusione.
852 3587 931 3596 —
959 3556 1183 3605 Nostrum

160 3640 417 3691 Muretus
435 3648 484 3686 et
504 3636 644 3686 bona
669 3652 787 3703 pars
804 3636 953 3685 MSS.
980 3665 1057 3675 -—-
1080 3637 1183 3683 Vu-

160 3732 324 3769 strum
343 3735 507 3766 nomen
523 3754 538 3776 ,
560 3715 681 3785 quia
707 3714 917 3765 Manlius
936 3755 949 3774 ,
972 3725 1186 3765 notante

161 3797 412 3866 Vulpio,
442 3814 634 3846 nomen
667 3807 742 3845 est
774 3794 966 3862 gentile
991 3830 1005 3851 ‚
1040 3806 1091 3844 et
1121 3792 1185 3845 ad

160 3880 358 3948 plures
381 3894 443 3926 ex
474 3872 653 3924 eadem
676 3884 829 3940 gente
846 3872 1087 3941 pertinet.
1112 3906 1187 3913 —

162 3956 360 4009 Scabra
406 3953 619 4020 robigine
646 3993 658 4013 ,
705 3951 863 4002 Ovid.
912 3953 1076 4021 Epist.
1127 3972 1186 4003 ex

162 4038 350 4088 Ponto
380 4034 432 4096 Ι,
471 4050 489 4082 t
518 4069 532 4094 ‚
563 4050 625 4099 71
663 4050 675 4082 z
709 4031 968 4082 uRoditur
1002 4045 1058 4082 ut
1085 4052 1190 4080 scu-

164 4117 254 4167 ὄπα
285 4114 525 4185 positum
555 4112 767 4180 robigine
790 4112 1003 4162 serrum.
1032 4136 1053 4155 ι

1360 1675 1378 1707 1
1396 1655 1483 1708 55.
1521 1657 1701 1707 Felices
1727 1660 1842 1706 sutis
1869 1669 1915 1705 et
1940 1659 1991 1706 in
2024 1675 2128 1707 uno
2156 1657 2284 1707 San-

1271 1735 1416 1786 tenii.
1441 1768 1518 1776 -—
1545 1737 1650 1785 Tua
1669 1738 1823 1785 virtus
1846 1733 2114 1787 Mediceus
2134 1755 2284 1805 quar·

1271 1827 1373 1866 tus.
1416 1846 1491 1853 —-
1534 1815 1649 1866 Sitis
1677 1814 1862 1878 felices.
1903 1813 2026 1865 Vid.
2072 1814 2138 1865 de
2186 1817 2280 1866 liae

1269 1893 1495 1944 formula
1526 1894 1818 1944 Broucklms.
1848 1892 1914 1945 ad
1943 1895 2137 1945 Tibull.
2169 1895 2276 1945 111.

1271 1977 1302 2020 6
1323 2009 1334 2027 .
1370 1972 1457 2022 30.

1355 2053 1474 2100 156.
1521 2052 1618 2117 Ipsi
1654 2052 1706 2101 in
1740 2049 1996 2102 Naniauo.
2033 2084 2106 2092 ——
2143 2054 2276 2104 Tota

1270 2148 1367 2178 vox
1404 2130 1549 2180 abest
1577 2129 1627 2179 in
1658 2127 1921 2180 sexdecim
1956 2129 2103 2181 MSS.
2134 2131 2276 2200 apud

1269 2209 1595 2260 Santeniutn.
1630 2241 1708 2248 --
1740 2210 1846 2276 Ipse
1877 2209 2083 2259 volebat
2117 2210 2277 2261 Scali-

1267 2307 1373 2355 ger.
1408 2320 1481 2330 ,-
1520 2289 1590 2337 Ee
1627 2288 1811 2348 domus,
1842 2290 1890 2338 iu
1923 2308 2014 2359 qua
2043 2307 2126 2338 nos
2163 2291 2274 2339 lusi-

1268 2387 1395 2426 mus,
1431 2380 1481 2415 est
1509 2367 1700 2416 dominu
1734 2381 2028 2419 correctum
2069 2381 2180 2420 erat
2223 2370 2274 2421 iu

1275 2446 1612 2498 Vallieriano.
1649 2478 1725 2487 —-·
1759 2447 1860 2515 Ipsi
1896 2450 1943 2498 in
1971 2467 2064 2518 qua
2088 2448 2279 2500 linimus

1268 2529 1315 2575 in
1346 2526 1536 2576 dominu
1569 2526 1792 2593 conjecit
1828 2526 2166 2580 Schradcrus.
2198 2560 2277 2570 —-—

1271 2607 1381 2671 Ipsa
1408 2618 1483 2655 est
1515 2607 1566 2655 in
1594 2606 1773 2656 multis
1799 2607 1948 2657 MSS.
1978 2606 2119 2676 apud
2147 2609 2274 2660 San·

1271 2685 1584 2735 tenium.-—
1613 2685 1751 2735 Male
1788 2699 1977 2736 vexant
2018 2689 2276 2739 contami-

1270 2775 1501 2831 nantque
1525 2763 1662 2814 bunc
1689 2766 1858 2815 locum
1886 2766 2036 2817 Docti
2064 2765 2193 2827 viri,
2215 2769 2278 2816 si·

1270 2841 1480 2911 quidem
1522 2843 1673 2911 plana
1715 2857 1767 2893 et
1802 2857 1983 2912 aperta
2024 2848 2276 2896 sententia

1273 2923 1415 2972 ultro
1446 2923 1728 2990 praebetur.
1763 2923 2002 2992 Namque
2033 2924 2106 2975 sic
2142 2938 2282 2976 vates

1271 3013 1540 3051 enumerat
1586 3000 1779 3069 quibus
1829 3001 1964 3052 hona
2011 3003 2280 3074 faustaque

1273 3092 1514 3148 precatur
1544 3098 1556 3130 :
1585 3079 1739 3130 «Sitis
1765 3079 1941 3130 felices
1973 3092 2029 3132 tu
2070 3084 2194 3149 ipse,
2230 3095 2280 3132 et

1273 3170 1360 3209 tua
1408 3160 1511 3210 vita
1556 3153 1623 3223 (i.
1655 3179 1698 3210 e.
1745 3171 1801 3208 tu
1833 3178 1928 3227 per
1959 3173 2119 3212 totam
2162 3174 2280 3212 aeta·

1275 3250 1375 3287 tam
1398 3231 1444 3301 J,
1476 3251 1526 3287 et
1557 3235 1743 3288 domus
1777 3248 1892 3300 tua,
1929 3239 1979 3289 in
2010 3258 2108 3308 qua
2151 3240 2277 3291 lusi·

1275 3336 1421 3378 mus,
1454 3330 1504 3367 et
1531 3316 1744 3368 domina
1770 3330 1878 3377 tua,
1914 3331 2011 3370 etc.
2048 3347 2068 3365 ι
2100 3320 2170 3369 N-

1364 3398 1467 3464 ¹57
1496 3430 1572 3437 —
1599 3402 1719 3448 160.
1766 3398 2014 3465 Proecipue
2056 3400 2188 3450 male
2230 3401 2280 3452 in

1275 3476 1588 3545 quibusdam
1633 3477 1776 3546 apud
1825 3477 2147 3530 Samonium.
2209 3510 2284 3518 ·—

1284 3558 1478 3606 Terram
1530 3556 1664 3607 dedit
1710 3558 1763 3607 in
1817 3557 2065 3608 omnibus
2111 3557 2282 3609 Codd.

1276 3634 1417 3704 apud
1449 3634 1693 3687 cumdem
1716 3676 1728 3695 ,
1761 3635 1905 3704 quod
1934 3638 2166 3689 referunt
2199 3640 2287 3688 In-

1278 3728 1529 3781 terpretes
1574 3713 1638 3766 ad
1687 3735 1735 3765 v.
1778 3719 1868 3783 67.
1915 3747 1990 3756 —--
2036 3718 2288 3768 Dominam

1276 3795 1410 3843 dedic
1476 3794 1680 3862 primus
1747 3796 2023 3863 supposuit
2084 3796 2248 3848 Aldus
2273 3836 2288 3859 ,

1278 3892 1432 3942 quem
1464 3875 1624 3924 secuti
1656 3887 1775 3924 sunt
1807 3874 1912 3922 atii.
1945 3904 2022 3913 -—-
2062 3877 2288 3926 Tener-am

1279 3952 1410 4002 dedit
1437 3954 1664 4018 conjecit
1693 3953 1905 4003 Statius.
1945 3982 2020 3991 --·
2063 3955 2129 4003 Te
2160 3966 2291 4006 tran·

1282 4031 1413 4081 dedit
1440 4030 1574 4082 Scal.
1607 4063 1681 4071 -
1717 4031 1827 4098 Ego
1859 4028 1982 4080 dedi
2015 4033 2291 4085 lectionem

1283 4112 1544 4179 vulgatam
1569 4124 1613 4160 ec
1640 4110 1838 4159 trude'die
1855 4148 1868 4169 ,
1897 4128 2012 4179 qua:
2042 4128 2183 4166 certe
2211 4134 2297 4165 ne-

1790 4205 1934 4286 22⁴
