2986 4935
667 477 775 529 xx
1286 475 1832 531 romolus
1896 473 2148 530 Nov1

663 586 1372 714 ingurgitabant.
1417 591 1762 677 Graecia
1801 608 2063 710 capta
2110 589 2345 708 cepit
2380 585 2789 709 profecto

663 761 753 828 et
792 741 1147 828 ornavit
1183 737 1482 827 ferum
1518 742 1996 851 victorem,
2030 769 2506 860 nunquam
2529 740 2791 859 ⁴peni-

657 910 806 979 tus
832 890 1317 1013 mitigavit,
1349 891 1572 1013 quin
1596 891 1985 978 insititiae
2006 887 2319 1009 populi
2347 886 2525 976 late
2553 890 2789 1013 regis

657 1036 1205 1126 humanitati
1270 1035 1649 1125 brutum
1714 1037 2055 1162 aliquid
2115 1057 2203 1124 et
2281 1034 2788 1124 belluinum

660 1185 1063 1276 subesset
1104 1220 1392 1312 usque
1440 1208 1530 1277 et
1574 1187 2271 1277 recrudesceret.

785 1336 1454 1463 Ignoscendum
1534 1339 1815 1463 igitur
1893 1336 2249 1428 Catullo
2331 1335 2733 1426 censebis
2762 1407 2786 1450 ,

664 1487 947 1611 quod,
979 1487 1367 1611 qualiter
1394 1491 1706 1578 Romae
1732 1490 2212 1598 viveretur,
2246 1488 2790 1611 contagione

662 1669 752 1725 se
792 1638 1255 1762 integrum
1292 1671 1810 1760 purumque
1854 1669 2043 1725 non
2082 1637 2589 1724 servaverit.
2631 1638 2791 1725 Sin

659 1808 1007 1900 autem,
1064 1809 1406 1911 quanta
1462 1787 1973 1900 dulcedine,
2029 1789 2391 1911 quantis
2443 1784 2795 1874 blandi-

656 1939 1141 2062 loquentiae
1201 1936 1645 2027 illecebris
1704 1937 2011 2062 lingua
2079 1935 2447 2024 Romuli
2513 1969 2794 2057 nepo-

657 2108 863 2176 tum
905 2086 1396 2177 demulceri
1440 2090 1885 2211 potuerit‚
1937 2088 2160 2176 scire
2204 2086 2464 2199 velis,
2515 2119 2794 2175 aurea

660 2237 898 2325 illius
938 2240 1339 2327 carmina
1385 2238 1815 2363 perleges.
1861 2240 1990 2324 Te
2027 2237 2359 2358 passim
2406 2235 2798 2324 delecta-

661 2385 896 2475 bunt
935 2406 1023 2475 et
1057 2389 1545 2477 suaviolam
1578 2390 1920 2478 dulcius
1958 2388 2439 2501 ambrosia,
2484 2408 2570 2476 et
2599 2389 2800 2476 bra-

659 2535 1039 2624 chiolum
1079 2557 1301 2625 ter-es
1317 2540 1641 2657 puellae
1677 2557 1767 2624 et
1802 2540 2301 2625 solatc‘olum
2340 2538 2658 2626 doloris
2698 2557 2799 2626 et

659 2688 1081 2805 turgiduli
1087 2689 1407 2805 flendo
1453 2691 1744 2801 ocelli,
1801 2707 1890 2776 et
1935 2688 2219 2776 millia
2257 2686 2610 2775 dicendi
2640 2721 2803 2776 ve-

657 2871 983 2926 nerum
1025 2840 1213 2926 sine
1256 2836 1488 2926 fuco,
1527 2838 1735 2927 Noli
1766 2837 2128 2926 credere
2159 2840 2392 2927 circa
2424 2859 2805 2927 tantum

657 2988 1184 3078 mollicellas
1219 2987 1660 3112 quasdam
1677 3021 1943 3077 voces
1980 2987 2566 3076 delinimenta
2609 3021 2811 3077 car·

657 3141 926 3228 minis
942 3142 1279 3228 versari
1303 3173 1324 3252 3
1348 3140 1534 3228 imo
1554 3171 1771 3227 vero
1794 3139 1995 3258 conj
2007 3141 2302 3227 unctis
2327 3140 2808 3260 aptissime

581 3325 587 3334 ’
661 3310 749 3377 et
773 3287 1604 3412 conspirantibusin
1616 3321 1910 3376 unum
1930 3287 2286 3376 delectu
2308 3309 2396 3376 et
2418 3321 2814 3409 compo-

660 3443 981 3530 sitione
1032 3440 1567 3554 verbornm,
1618 3461 1706 3529 et
1765 3441 2287 3530 suavissima
2345 3473 2819 3532 sonorum

660 3590 1165 3705 harmonia,
1190 3611 1280 3680 et
1301 3592 1809 3715 imaginum
1831 3591 2383 3703 amoenitate,
2402 3588 2637 3678 felici
2663 3593 2821 3680 in-

659 3743 927 3865 genio
957 3761 1537 3853 enascuntur,
1564 3741 1792 3828 sicut
1816 3738 2209 3827 laetatam
2243 3772 2451 3827 rore
2483 3761 2826 3832 necta-

622 3923 813 3979 reo
867 3889 1285 3979 tellurem
1344 3910 1664 4011 sponte
1718 3921 2131 3978 rosarum
2180 3892 2588 4013 germina
2635 3925 2829 4012 pe-

652 4041 1268 4160 perisseTeius
1297 4072 1562 4127 senex
1591 4036 1995 4129 canebat.
2019 4042 2157 4124 An
2190 4038 2831 4163 elegidiorum

654 4190 1144 4310 specimina
1238 4211 1327 4279 et
1406 4187 2203 4312 hendecasyllabos
2294 4193 2833 4286 amatorios
