2986 4935
676 404 771 472 80

1219 404 1294 468 C.
1334 404 1797 469 VALERII'
1832 401 2295 468 CATULLI

775 538 1080 602 Ferream
1131 549 1202 601 ut
1251 533 1495 602 soleam
1535 536 1749 601 tenaci
1790 536 1855 601 in
1898 534 2213 626 voragine
2258 529 2458 598 mula.

758 724 847 771 26.
877 720 1103 772 Ferreum
1133 731 1185 769 ut
1212 718 1390 768 soleam
1410 738 1428 768 .·
1458 717 1698 769 nondum

675 801 829 862 olim,
865 799 939 850 uti
978 816 1149 862 nunc,
1182 816 1443 868 equorum
1495 798 1703 866 ungulis

676 893 858 932 contra
887 898 1068 948 aspera
1090 918 1103 941 ,
1131 897 1372 947 scruposa
1402 878 1515 927 loca
1542 877 1703 927 clavis

676 960 1128 1029 suppingebantur
1179 958 1328 1007 soleae
1366 958 1545 1007 ferreae
1566 997 1580 1021 ,
1613 955 1703 1007 sed

674 1056 1057 1108 nonnunquam
1083 1049 1283 1087 tautum
1309 1037 1705 1105 subligabantur

674 1114 984 1186 ὑποδήματα
1000 1114 1241 1186 quaedam
1263 1135 1278 1179 ;
1293 1114 1345 1166 id
1360 1115 1504 1186 quod
1526 1117 1704 1167 multis

674 1199 900 1267 probare
955 1210 1005 1247 et
1059 1209 1241 1247 contra
1275 1196 1523 1246 vossium
1543 1235 1557 1258 ,
1611 1196 1701 1265 qui

678 1278 866 1328 frustra
898 1289 1086 1327 nostrae
1113 1276 1275 1326 aetatis
1295 1277 1456 1327 soleas
1477 1277 1700 1336 ferreas,

676 1375 793 1425 quae
838 1355 989 1425 equis
1020 1356 1161 1425 effigi
1192 1355 1381 1418 solent,
1422 1373 1484 1406 ex
1527 1356 1703 1405 Xeno·

676 1436 876 1505 plionte
907 1454 1090 1488 eruere
1115 1449 1270 1505 atque
1301 1435 1427 1486 hinc
1453 1436 1701 1501 χαλκόπο-

1790 714 1885 777 δας
1906 716 2124 767 Homeri
2149 733 2311 785 equos
2332 713 2590 765 illustrare
2608 727 2825 764 conatus

1792 812 1865 848 est
1886 836 1900 859 ,
1945 795 2150 847 idoneis
2207 791 2530 862 argumentis
2578 792 2823 845 evincere

1792 874 1990 927 studuit
2004 876 2268 927 Gesnerus
2289 874 2344 924 in
2363 873 2542 925 Lexic.
2561 874 2705 924 Rust.
2727 872 2824 923 Rei

1794 956 1995 1006 rustica:
2013 954 2370 1024 Scriptoribus
2387 951 2650 1022 apposito,
2672 954 2827 1022 cujus

1793 1036 2059 1086 sententiae
2080 1033 2361 1086 subscribit
2384 1032 2746 1102 Vesselingius
2756 1029 2826 1082 ad

1795 1112 1952 1165 Diod.
1989 1115 2147 1166 Sicul.
2178 1128 2305 1165 tom.
2339 1113 2425 1174 II,
2453 1130 2507 1182 p.
2548 1111 2651 1163 233
2672 1151 2687 1176 ,
2731 1112 2825 1182 qui

1793 1194 1898 1247 huc
1930 1195 2106 1263 potius
2134 1191 2438 1245 referendos
2464 1204 2610 1261 putat
2640 1192 2824 1250 ἱππεὺς

1792 1277 2092 1340 χωλεύῡντας
2124 1274 2172 1334 ἐξ
2197 1274 2463 1341 ὑποτριβῆς
2497 1265 2618 1333 [ὑπο
2649 1269 2824 1340 τριῧῆς

1790 1373 1888 1423 pro
1930 1354 1979 1415 ἐξ
2016 1351 2281 1422 bito-epten:
2326 1352 2527 1403 mavult
2556 1349 2824 1421 Schweig-

1793 1428 2075 1496 haeuserus]
2099 1452 2158 1484 ex
2178 1434 2318 1502 App.
2340 1429 2583 1482 Mithrid.
2603 1449 2655 1501 p.
2685 1429 2763 1499 37
2779 1449 2824 1482 1.

1206 1655 1761 1742 CARMEN
1887 1657 2269 1742 XVIII.

1279 1903 1382 1945 AD
1443 1901 1903 1946 HORTORUM
1966 1905 2115 1947 DEU
2136 1905 2211 1946 M.

784 2103 992 2168 HUNC
1030 2097 1252 2165 lucum
1293 2098 1411 2163 tibi
1450 2095 1721 2180 dedico,
1759 2124 2242 2191 consecroque,
2282 2101 2548 2192 Priape,

762 2313 899 2359 Aac..
920 2308 1111 2377 Priapo
1132 2321 1462 2359 consecratur
1479 2308 1628 2357 lucus
1653 2308 1705 2357 in

683 2390 786 2440 lioc
813 2387 956 2439 haud
981 2387 1141 2437 dubie
1166 2389 1295 2438 olim
1325 2387 1577 2453 longioris
1602 2404 1709 2437 car·

685 2471 843 2521 minis
885 2465 1102 2519 exordio
1125 2507 1138 2530 ,
1182 2465 1325 2537 quod
1376 2467 1443 2517 al)
1495 2467 1704 2517 interitu

682 2548 970 2600 vindicavit
1017 2561 1065 2596 et
1103 2548 1310 2597 Catullo
1362 2544 1703 2596 tribuendum

684 2630 812 2678 olim
849 2631 954 2697 jam
1005 2626 1315 2676 existimavit
1356 2626 1707 2676 Terentianus

682 2709 899 2759 Maurus
916 2708 968 2757 in
991 2704 1145 2756 docto
1177 2706 1356 2756 libello
1388 2704 1452 2755 de
1479 2707 1700 2767 Lateris,

681 2787 906 2857 Syllabis
925 2800 972 2837 et
997 2785 1180 2836 Mettis
1204 2786 1589 2836 interGramm.
1604 2799 1703 2835 vet.

683 2887 738 2936 p.
781 2873 953 2928 2444,
991 2867 1140 2933 cujus
1179 2865 1484 2915 sena-utiam
1533 2879 1580 2915 et
1617 2864 1704 2914 alii

684 2945 874 2998 deinde
896 2946 1123 3014 amplexi
1148 2957 1294 3003 sunt,
1315 2958 1365 2994 ut
1385 2943 1583 2994 Marius
1608 2945 1704 2994 Vi-

680 3029 913 3080 ctorinus
933 3026 983 3074 in
1002 3028 1126 3075 Arte
1141 3025 1376 3074 Gratum.
1397 3044 1448 3094 p.
1475 3026 1704 3091 2598——

687 3127 757 3175 99
775 3121 852 3170 ,et
876 3106 1063 3155 Atilius
1083 3104 1485 3155 Fortunatianus
1506 3104 1556 3155 in
1583 3106 1705 3154 Arte

683 3210 734 3257 p.
777 3191 880 3254 267
893 3190 942 3236 6.
965 3187 1024 3234 At
1051 3184 1316 3233 Victorius
1337 3184 1387 3233 in
1407 3186 1533 3234 Var.
1562 3186 1702 3235 cht.

685 3268 814 3329 XII,
841 3275 887 3316 3.
917 3266 1154 3314 Muretus
1178 3262 1316 3313 adh.
1346 3264 1380 3312 l.
1410 3278 1455 3314 et
1479 3263 1705 3331 Scaliger

681 3346 746 3399 ad
773 3345 1018 3396 Catalect.
1043 3356 1143 3393 vet.
1172 3343 1312 3393 Poet.
1339 3363 1444 3392 non
1471 3344 1571 3395 hoc
1594 3356 1704 3393 um-

680 3441 791 3479 tum
809 3424 1060 3492 longioris
1078 3421 1321 3473 carminis
1335 3422 1704 3490 fragmentum,

681 3504 772 3557 sed
791 3504 898 3554 duo
919 3502 1184 3571 sequentia
1199 3502 1353 3552 etiam
1374 3503 1425 3552 in
1450 3504 1700 3572 Priapum

682 3585 911 3638 carmina
948 3581 1093 3652 quasi
1131 3580 1456 3649 postliminio
1495 3582 1703 3633 Catullo

675 3664 945 3718 restituere
973 3661 1146 3712 conati
1170 3673 1314 3722 snnt;
1340 3661 1534 3730 quibus
1560 3682 1704 3713 acce·

681 3746 758 3798 dit
775 3742 990 3793 Vossius
1005 3780 1020 3803 ,
1040 3739 1129 3809 qui
1155 3738 1265 3789 haec.
1282 3740 1349 3790 ad
1371 3741 1563 3791 calcem
1593 3740 1700 3792 edi-

683 3824 836 3878 tionis
867 3839 971 3871 suae
997 3820 1188 3888 rejecit.
1213 3818 1372 3881 Quod
1399 3819 1612 3889 quidem
1645 3835 1700 3872 ut

676 3926 704 3957 a
741 3924 793 3954 se
829 3903 1169 3969 impetrarent
1197 3899 1319 3949 VV.
1355 3902 1468 3951 DD.
1507 3901 1695 3968 partim

678 3983 885 4036 ludicro
922 3979 1170 4031 carminis
1206 3998 1394 4048 genere
1428 3979 1696 4049 ithyphal-

673 4065 803 4125 licu,
822 4080 929 4131 quo
957 4058 1066 4110 duo
1094 4058 1272 4127 priora
1300 4059 1537 4111 carmina
1562 4079 1699 4111 com·

1794 2309 1958 2377 posita
1988 2321 2131 2371 sunt,
2163 2322 2213 2358 et
2246 2311 2436 2379 quibus
2462 2309 2673 2360 tertium
2695 2328 2822 2362 con·

1794 2402 1885 2439 stat
1916 2389 2062 2457 puris
2095 2389 2282 2439 iambis
2325 2389 2653 2452 CatullianiS,
2696 2409 2819 2459 par-

1793 2470 1885 2519 tim
1910 2469 2019 2537 ipsa
2036 2470 2226 2521 horum
2243 2472 2537 2522 carminum
2568 2471 2820 2521 suavitate

1793 2563 1842 2598 et
1882 2549 2132 2599 orationis
2170 2550 2447 2619 elegantia,
2495 2551 2703 2601 Catullo
2737 2549 2820 2602 di·

1790 2630 2063 2697 gnissima,
2090 2628 2290 2680 inducti
2316 2644 2451 2681 sunt.
2482 2630 2591 2681 Nec
2617 2631 2823 2681 incom-

1793 2708 1951 2758 mode
1979 2709 2089 2759 haec
2121 2711 2216 2759 tria
2258 2710 2516 2780 poematia
2545 2703 2684 2779 [quae
2710 2711 2820 2761 sive

1791 2807 1818 2836 a
1848 2789 2054 2839 Catullo
2084 2789 2191 2838 sive
2221 2790 2286 2839 ab
2318 2790 2422 2840 alio
2450 2803 2602 2860 poeta
2625 2809 2819 2858 magno

1793 2870 2025 2934 profi-cta
2050 2869 2167 2930 sint,
2185 2870 2448 2919 neminem
2475 2882 2613 2920 certe
2635 2870 2820 2938 legisse

1793 2942 2083 3015 poenitebit]
2123 2948 2291 2998 statim
2334 2963 2451 3018 post
2488 2967 2698 2999 carmen
2746 2967 2817 2999 Αι)

1791 3027 2090 3077 COLoNtAM
2107 3046 2299 3097 ,quum
2325 3030 2395 3079 ob
2416 3029 2592 3089 metri,
2609 3041 2721 3079 tum
2742 3029 2818 3080 ob

1789 3108 2082 3174 argumenti
2121 3107 2549 3170 similitudinem,
2589 3110 2814 3178 conjun-

1790 3187 1913 3236 ctim
1951 3186 2016 3237 ab
2045 3187 2133 3249 iis,
2166 3206 2298 3255 quos
2329 3189 2617 3257 sequimur,
2646 3190 2818 3257 posita

1790 3264 2050 3316 videntur.
2080 3268 2350 3335 Leguntur
2371 3281 2543 3318 autem
2574 3268 2686 3318 haec
2709 3287 2821 3319 car·

1793 3345 1932 3396 mina
1969 3346 2102 3397 inter
2137 3346 2371 3416 Priapeia
2411 3348 2468 3397 iu
2506 3347 2671 3399 Catal.
2712 3362 2814 3400 vet.

1790 3425 1932 3474 Poet.
1960 3426 2203 3495 Scaligeri
2223 3466 2236 3489 ,
2263 3446 2377 3496 cap.
2408 3428 2478 3480 85
2501 3465 2515 3489 ,
2548 3428 2603 3478 iu
2634 3427 2815 3497 Priap.

1790 3505 2056 3575 scioppii,
2081 3526 2125 3557 c.
2158 3510 2228 3559 86
2249 3546 2263 3569 ,
2288 3521 2338 3557 et
2365 3508 2419 3557 iu
2445 3508 2664 3559 Anthol.
2690 3509 2815 3560 Vet.

1790 3585 1905 3634 Lat.
1948 3587 2091 3637 Poet.
2133 3587 2423 3637 Burmanni
2456 3585 2688 3639 Secundi
2717 3588 2814 3641 lib.

1791 3664 1898 3727 VI,
1932 3667 2029 3729 85,
2063 3677 2192 3728 tom,
2214 3666 2298 3728 ΙΙ,
2322 3686 2375 3735 p.
2403 3666 2536 3736 567,
2561 3667 2656 3717 uhi
2679 3686 2815 3738 prm·

1791 3756 1869 3794 ter
1896 3763 1954 3795 ca
1974 3784 1986 3806 ,
2012 3763 2128 3814 quae
2158 3748 2262 3813 jam
2299 3746 2508 3797 Mureto
2542 3758 2594 3797 et
2624 3747 2818 3799 Vossio

1789 3824 1844 3873 in
1882 3824 2289 3876 Commentariis
2317 3823 2383 3877 ad
2417 3825 2693 3878 Catullum
2718 3828 2816 3879 ob·

1789 3917 1986 3954 servata
2024 3917 2167 3967 sunt,
2199 3904 2353 3973 plura
2387 3917 2492 3956 tam
2520 3904 2590 3955 de
2613 3906 2817 3959 incerto

1787 4002 1969 4033 eorum
1992 3997 2205 4034 auctore
2233 4003 2390 4054 quam
2419 3985 2538 4054 ipso
2565 3985 2824 4037 carminis

1786 4082 1975 4131 genere
2009 4063 2355 4133 ithyphallico
2387 4063 2595 4117 erudite
2628 4063 2815 4136 dispu-
