2986 4935
799 457 1243 526 CARMEN
1303 459 1688 526 LXVIII.

2172 457 2310 529 331

284 595 629 685 Inceptam
676 590 956 678 frustra,
998 589 1298 660 nondum
1343 615 1551 685 quum
1595 589 1914 684 sanguine
1959 615 2147 659 sacro
2275 621 2323 671 7⁵

392 698 629 766 Hostia
666 695 960 766 caelestes
989 697 1406 793 pacificasset
1439 698 1656 766 heros.

285 802 396 873 Nil
438 805 601 873 mihi
633 819 771 875 tam
813 802 1006 873 valde
1046 803 1337 900 placeat,
1380 805 1791 874 Rhamnusia
1831 806 2056 898 virge,

392 911 597 1000 Quod
635 926 884 981 temere
920 911 1141 981 invitis
1181 914 1576 1007 suscipiatur
1612 913 1807 980 lieris.

287 1019 510 1107 Quam
543 1018 772 1111 jejuna
816 1020 999 1112 pium
1040 1018 1369 1089 desideret
1403 1043 1520 1087 ara
1562 1043 1903 1103 cruorem,

391 1127 611 1194 Docta
647 1139 746 1193 est
788 1128 1027 1195 amisso
1073 1126 1434 1195 Laodamia
1478 1128 1658 1210 vir03
2279 1159 2328 1195 a..

268 1335 359 1403 75.
399 1335 505 1386 Pro
553 1336 798 1405 Inceptum
836 1333 1014 1388 Codd.
1056 1333 1199 1405 apud

207 1413 351 1468 Sant.
380 1415 616 1467 offerunt
641 1415 725 1466 vel
749 1416 997 1485 Inceptaee
1016 1416 1101 1466 vel
1123 1416 1204 1467 In·

194 1506 318 1563 cepta
356 1506 411 1545 ut
446 1495 533 1546 vel
581 1494 798 1565 Accepta
836 1507 917 1556 et,
971 1507 1024 1547 et
1068 1514 1204 1547 unus

196 1575 362 1626 Vossii
382 1575 642 1645 Inceptum.
667 1574 939 1627 Eldicln’us
961 1576 1204 1645 conjicie-

194 1655 278 1706 bat
311 1656 567 1707 Insessam.
593 1688 674 1698 —
694 1656 939 1726 Inceptum
971 1657 1163 1722 frustra
1185 1693 1201 1718 ‚

196 1734 489 1788 inchoatam
520 1736 713 1788 frustra
738 1775 753 1799 ,
791 1736 845 1788 h.
889 1755 936 1789 e.
983 1739 1203 1807 imperse-

197 1826 312 1865 ctam
332 1853 349 1876 ‚
399 1827 458 1866 ut
501 1827 655 1867 vocat
685 1816 805 1869 Val.
844 1816 1061 1868 Flaccus
1085 1818 1165 1867 VI
1190 1855 1204 1880 ‚

199 1898 331 1963 659,
354 1895 448 1946 ubi
470 1894 723 1946 nimirum
737 1913 873 1947 nova
890 1908 1060 1967 nupta
1082 1915 1205 1947 mox

197 1988 306 2046 post
320 1975 535 2045 nuptias
551 1973 613 2026 fit
624 1973 807 2027 vidua.
821 1977 977 2044 Λάμον
992 1978 1203 2045 ἡμιτελῆ

199 2067 343 2107 vocat
373 2055 639 2107 Homerus
660 2093 676 2118 ‚
711 2054 779 2106 de
807 2055 905 2106 hac
934 2055 1045 2125 ipsa
1075 2057 1206 2107 Pro·

201 2135 360 2187 tesilai
391 2133 554 2187 domo
575 2135 832 2205 loquens,
864 2133 1018 2187 Iliad.
1052 2137 1204 2201 11‚v.

202 2232 328 2283 701.
346 2213 476 2267 Vid.
504 2215 750 2284 inprimis
776 2216 1110 2266 Hemseerhus.
1136 2214 1205 2267 ad

197 2293 414 2347 Lucian.
437 2308 476 2347 t.
502 2295 558 2350 1,
590 2312 647 2364 p.
679 2293 820 2358 4103
852 2293 991 2347 adde
1020 2298 1209 2347 Pouet-i

198 2374 456 2428 Archaeol.
483 2374 654 2426 Graec.
687 2387 724 2427 t.
757 2376 840 2438 II,
869 2374 905 2426 l.
939 2394 1015 2439 iv,
1037 2394 1085 2428 c.
1120 2394 1205 2427 11.

198 2452 311 2506 Huc
342 2456 575 2526 pertinet
610 2451 834 2507 Diodori
867 2455 899 2506 J
905 2475 995 2508 un.
1025 2456 1204 2528 Epigr.

196 2534 272 2587 lx
285 2574 300 2599 ‚
326 2535 387 2587 in
404 2534 667 2588 Analectis
681 2536 827 2587 Vett.
850 2536 1020 2588 Poett.
1038 2537 1207 2590 Graec.

196 2614 451 2668 Brunckii
480 2628 517 2667 t.
548 2616 631 2676 II,
670 2635 722 2685 p.
763 2618 869 2683 187
897 2632 911 2666 :
948 2642 969 2662 ιι
989 2608 1209 2687 ἡμιτελῆ

194 2696 414 2766 θάλαμόν
454 2715 541 2758 τι,
579 2697 663 2747 καὶ
694 2698 852 2765 ἐγγύθι
884 2704 1098 2765 νυμφικὰ
1132 2700 1212 2748 λε’-

196 2794 346 2847 κτρα,
367 2781 523 2845 Κοῦρε
541 2812 557 2839 ,
578 2777 731 2826 λιπὼν
746 2813 762 2840 ,
781 2776 918 2831 ὀλοὴν
946 2772 1079 2846 οἷμον
1099 2774 1211 2835 &m

198 2846 367 2909 Ᾰΐὸου.
393 2880 415 2901 ¹·
448 2855 535 2908 Sic
557 2858 733 2925 incepti
749 2856 1005 2925 Hymenaei
1024 2856 1091 2908 de
1110 2856 1216 2926 pri-

197 2953 284 2987 mo
298 2936 536 3007 conjugii
555 2946 792 3005 tempore
806 2933 1213 3005 dicimturVirg.

197 3018 319 3067 ΕΔ).
354 3016 462 3078 lv,
495 3016 628 3069 316.

280 3100 374 3165 76.
444 3096 759 3148 conciliasset
827 3096 882 3147 in
948 3095 1219 3148 nonnullis

198 3174 378 3230 Codd.
430 3187 483 3229 et
535 3174 686 3228 editt.
732 3174 824 3228 sed
874 3177 931 3228 in
971 3176 1218 3245 plurimis

191 3254 514 3325 pacificasset.
530 3286 609 3297 --
624 3257 802 3307 Hostia
825 3255 1057 3326 intellige
1078 3274 1220 3308 sacra

197 3326 510 3407 (προγάμιια
521 3373 536 3399 ,
549 3337 772 3407 Tap-eilia
784 3374 797 3392 ‚
816 3327 1220 3405 *tepore'letanuae

199 3427 322 3469 ante
354 3416 572 3486 nuptias
596 3417 698 3469 rite
727 3416 928 3469 institui
952 3417 1218 3479 solebant3

196 3494 306 3548 vid.
338 3497 537 3549 Ponet-i
572 3496 832 3549 Aoehaeol.
877 3496 1045 3549 Graec.
1075 3508 1095 3546 t
1133 3497 1217 3559 Π,

199 3575 235 3627 Ι.
263 3594 350 3642 tv,
374 3595 424 3629 c.
452 3593 539 3640 ιι,
558 3576 826 3647 inprimis»,
853 3595 1013 3647 quem
1041 3575 1219 3627 laudat

198 3654 503 3720 Sentenius„
517 3656 843 3708 Rulmkenium
866 3656 934 3709 ad
956 3655 1217 3707 Timaeum

198 3736 299 3787 sub
350 3754 484 3788 voce
522 3738 799 3805 προτέλεια.
837 3770 912 3778 ——
946 3734 1034 3787 Ad
1077 3735 1135 3786 h.
1180 3735 1216 3785 l.

198 3815 427 3868 Vossius
453 3816 796 3886 citanvirgil.
824 3820 947 3869 AEn.
976 3818 1074 3877 IV,
1109 3815 1176 3866 55
1199 3833 1211 3866 :

204 3913 544 3967 ·paoemque
583 3914 678 3966 per
712 3915 828 3948 aras
878 3896 1162 3966 exquirunt
1185 3921 1204 3939 ι·

197 3989 250 4028 et
278 3976 378 4029 Sil.
424 3976 541 4028 Ital.
573 3976 703 4030 Bell.
738 3977 871 4028 Pun.
901 3978 1025 4039 XV,
1065 3976 1210 4035 425:

206 4083 226 4101 ·
248 4055 541 4126 pacifioens
565 4054 730 4108 divos.
752 4083 772 4102 n
824 4057 892 4109 N.
936 4088 1013 4097 -—-
1056 4056 1213 4106 lle-ros

198 4138 417 4189 coelestes
446 4156 499 4205 p.
528 4138 695 4200 Deos,
736 4148 796 4189 ut
820 4136 1067 4188 Horatius
1108 4134 1209 4187 od.

1308 1336 1367 1397 1,
1402 1355 1422 1387 1
1454 1352 1467 1386 :
1501 1362 1523 1381 ι
1542 1347 1802 1387 terrarum
1830 1332 2078 1387 dominos
2097 1361 2118 1380 .
2153 1333 2322 1388 Plaut.

1308 1415 1471 1466 Merc.
1498 1416 1612 1480 ΙΙΙ,
1645 1422 1706 1478 4,
1750 1433 1853 1467 12:
1882 1441 1904 1462 κ
1925 1414 2158 1470 Fortuna
2196 1415 2324 1467 hera

1307 1494 1618 1547 hominibus
1652 1508 1746 1548 est.
1771 1522 1793 1542 ι
1834 1495 1900 1547 Ν.

1390 1594 1462 1644 77
1490 1588 1540 1627 et
1567 1579 1658 1645 78.
1688 1577 1801 1628 Jam
1819 1595 1920 1646 pro
1947 1588 2043 1626 tam
2064 1576 2118 1627 in
2138 1576 2328 1628 Excer-

1309 1656 1415 1726 ptis
1439 1657 1634 1708 Perreii
1662 1676 1725 1708 ex
1746 1657 1967 1707 solemni
1989 1656 2180 1708 harum
2208 1673 2327 1726 par·

1309 1737 1590 1787 ticularum
1631 1736 1975 1801 confusione3
2011 1735 2118 1788 vid.
2147 1737 2322 1789 Heins-

1309 1815 1373 1866 ad
1389 1814 1549 1866 Ovid.
1563 1814 1781 1868 Heroid.
1800 1817 1908 1876 ΙΙΙ,
1927 1820 1997 1885 67
2015 1855 2030 1879 ,
2045 1828 2098 1868 et
2111 1817 2326 1868 Brouck·

1310 1897 1410 1946 leus.
1461 1892 1528 1944 ad
1576 1896 1814 1966 Propert.
1863 1897 1945 1959 11,
1984 1915 2016 1966 7
2039 1935 2053 1960 ‚
2091 1916 2111 1948 1
2148 1909 2201 1948 et
2230 1897 2324 1965 37.

1310 2007 1388 2016 -—
1412 1974 1593 2025 Valide
1630 1995 1730 2045 pro
1769 1976 1914 2026 valde
1954 1976 2010 2027 in
2058 1977 2329 2028 nonnullis

1310 2052 1482 2106 Codd.
1507 2084 1586 2095 —-
1606 2057 1897 2107 Rhamnusia
1930 2062 2091 2123 virga.
2123 2056 2209 2108 Cf.
2240 2075 2326 2106 sn-

1312 2153 1405 2203 pra
1437 2133 1507 2185 ad
1541 2135 1719 2187 Carni.
1761 2135 1961 2199 LXIV,
1990 2136 2137 2202 396,
2164 2148 2215 2186 et
2257 2134 2326 2187 ad

1313 2216 1489 2266 Carm.
1522 2216 1596 2279 L,
1630 2235 1714 2267 20.
1738 2247 1817 2256 —
1838 2216 2007 2267 Invitis
2039 2216 2196 2276 heris,
2248 2216 2332 2266 ἀί-

1313 2313 1422 2348 iam-t
1454 2299 1591 2346 θεῶν.
1614 2327 1693 2338 -—
1709 2296 1848 2355 Heri,
1879 2296 1992 2357 Dii,
2018 2295 2195 2364 paullo
2213 2307 2332 2346 ante

1313 2374 1522 2444 plenius
1549 2374 1802 2428 dicuntur
1844 2376 2071 2427 ccelestes.
2112 2375 2332 2426 Senten-

1313 2455 1396 2507 tiae
1425 2455 1709 2526 respondet
1738 2456 2039 2508 notissimus
2066 2455 2154 2508 ille
2185 2454 2332 2506 locus

1315 2535 1505 2605 virgil.
1546 2540 1667 2588 AEn.
1695 2538 1782 2602 11,
1825 2542 1930 2599 40²
1958 2555 1972 2586 ε
2004 2563 2024 2582 ι
2045 2537 2164 2588 Heu
2196 2534 2329 2586 nihil

1313 2616 1492 2668 invitis
1509 2616 1585 2668 fas
1597 2634 1915 2686 quemquam
1933 2615 2098 2669 fidere
2114 2616 2319 2668 Divis!-

1316 2697 1426 2747 Ubi
1463 2696 1531 2749 cf.
1574 2696 1719 2748 Cer-d.
1756 2727 1833 2737 —
1871 2696 2169 2749 Relativum
2208 2696 2340 2765 quod

1316 2775 1486 2827 vicem
1505 2776 1711 2828 obtinet
1727 2775 2064 2845 pronominis
2081 2776 2208 2827 illud
2221 2794 2337 2845 par-

1319 2856 1478 2907 ticula
1498 2868 1553 2907 ue
1572 2854 1905 2926 praecedente
1927 2877 1938 2904 ε
1965 2874 2037 2908 sc.
2070 2883 2092 2902 ι
2111 2855 2246 2907 absit
2274 2868 2333 2907 ut

1318 2935 1608 3005 quidquam
1627 2936 1825 3004 placeat
1840 2933 1971 2986 adeo
1991 2947 2043 2985 ut
2061 2936 2289 2987 e'lludetc.
2308 2961 2329 2980 ι

1404 3034 1499 3083 79.
1527 3014 1764 3083 Deficeret
1792 3014 1927 3066 male
1953 3016 2008 3066 iu
2033 3015 2227 3066 multis.
2254 3047 2332 3055 —-

1324 3093 1569 3162 Defideret
1582 3094 1635 3146 in
1660 3114 1769 3146 uno
1791 3097 1944 3146 Voss.
1961 3108 2011 3147 et
2026 3094 2147 3147 edit.
2165 3095 2331 3164 Rheg.

1328 3208 1409 3217 --
1438 3174 1524 3227 Sic
1548 3174 1824 3244 partioulae
1851 3175 2002 3242 Quod
2021 3189 2073 3227 et
2099 3176 2258 3243 Quam
2285 3177 2338 3226 in

1322 3256 1426 3307 hoc
1459 3267 1511 3306 et
1541 3254 1801 3325 superiori
1845 3273 2000 3307 versu
2042 3255 2237 3306 mirum
2284 3255 2337 3306 iu

1328 3334 1551 3387 modum
1578 3334 1802 3386 turbatae
1824 3349 1947 3387 sunt
1963 3355 1976 3399 ;
1994 3334 2099 3385 vid.
2124 3335 2338 3387 Santen.

1327 3445 1407 3455 —-
1431 3417 1591 3484 Quam
1620 3417 1707 3484 jej.
1739 3435 1796 3485 p.
1827 3415 1926 3468 des.
1966 3435 2053 3465 ara
2093 3433 2302 3465 cruorem
2323 3454 2334 3474 ,

1324 3514 1427 3566 pro
1457 3496 1658 3565 vulgari
1698 3514 1898 3565 «quam
1934 3496 2109 3547 sitiens
2151 3493 2217 3544 sit
2249 3513 2337 3545 ara

1323 3576 1613 3627 hostiarum
1637 3575 1917 3645 sanguinis,
1940 3602 1960 3620 ι
1981 3573 2208 3624 —Huic
2230 3591 2343 3623 ver-

1324 3655 1404 3707 sui
1421 3653 1567 3707 haud
1583 3653 1926 3707 incommode
1955 3652 2344 3723 comparaveris

1324 3735 1414 3786 illa
1454 3735 1697 3787 Racinii:

1323 3831 1376 3869 Le
1399 3832 1470 3870 ciel
1490 3861 1501 3877 ,
1521 3832 1558 3870 le
1581 3833 1681 3883 juste
1702 3833 1775 3871 ciel
1794 3862 1804 3876 ,
1825 3846 1896 3883 par
1917 3830 1955 3868 le
1977 3840 2147 3868 'ineunte
2169 3829 2320 3868 honore
2337 3849 2347 3863 ι

1324 3904 1385 3941 Du
1409 3918 1505 3955 sang
1528 3905 1576 3943 dc
1597 3904 1838 3943 l'inuocence
1859 3900 1979 3940 eni-ss
1996 3903 2098 3940 donc
2121 3901 2270 3939 alteri?

1322 3972 1527 4046 (Iphig.
1559 3990 1659 4029 act.
1690 3978 1788 4037 IV,
1815 3994 1884 4025 sc.
1922 3971 2004 4038 4.)

1324 4064 1365 4101 Si
1393 4064 1439 4101 de
1460 4078 1555 4115 ung
1581 4074 1617 4101 et
1642 4066 1690 4101 de·
1716 4073 1836 4101 mou-ts
1859 4062 1894 4099 le
1915 4062 1984 4099 rie}
2009 4073 2063 4100 esi
2086 4063 2221 4101 afta-mi
2239 4092 2248 4107 ,
2277 4074 2329 4101 eu

1323 4132 1485 4197 (ibid.
1532 4138 1719 4188 act.V.
1759 4156 1826 4188 sc.
1870 4133 1939 4195 τι).
1985 4137 2051 4187 N.
