2986 4935
648 435 790 506 126

1168 439 1241 504 C.
1287 439 1722 506 VALERII
1781 441 2252 508 CATULLI

852 571 1126 663 Egnati,
1170 594 1380 662 opaca
1414 595 1610 663 quem
1649 570 1897 640 bonum
1939 569 2095 640 facit
2133 569 2370 656 barba,

852 678 940 744 Et
980 675 1142 744 dens
1181 675 1426 744 Hibera
1469 677 1830 747 defricatus
1869 679 2077 746 urina.

642 886 933 956 conjecerat
951 884 1099 938 Celtis
1108 905 1316 955 perosoe,·
1332 884 1421 938 sed
1435 900 1663 939 nostram

647 965 923 1016 lectionem
943 967 1226 1016 cuniculosoe
1239 986 1299 1017 ex
1320 967 1664 1030 uumm0,ubi

644 1043 828 1096 sedens
867 1062 989 1096 cum
1032 1044 1159 1096 oleae
1204 1063 1352 1096 ramo
1383 1046 1575 1098 mulier
1617 1058 1668 1097 et

643 1122 852 1176 adstans
872 1123 1146 1175 cuniculus
1164 1162 1178 1187 ,
1201 1123 1466 1195 peculiare
1488 1124 1666 1195 Hispa·

645 1203 743 1254 niae
762 1203 1060 1275 symbolum
1079 1242 1095 1268 ,
1119 1204 1413 1268 exhibetur,
1430 1202 1669 1256 defendit

645 1281 929 1352 Spanhem.
967 1280 1036 1333 de
1078 1302 1176 1335 usu
1215 1296 1267 1336 et
1308 1296 1478 1353 praest.
1521 1302 1665 1335 num.

647 1363 782 1413 Diss.
811 1363 912 1424 lv,
941 1381 994 1432 p.
1039 1379 1161 1432 179.

736 1460 756 1493 ι
768 1460 800 1509 9
812 1480 823 1491 .
851 1441 1021 1511 Opaca
1041 1461 1174 1512 quem
1193 1442 1360 1492 bonum
1369 1442 1501 1507 sacit
1521 1440 1669 1491 barba

649 1532 696 1571 et
716 1522 859 1584 dens,
887 1533 1010 1584 etc..
1044 1521 1097 1573 h.
1130 1540 1176 1572 e.
1208 1521 1300 1591 qui
1327 1533 1516 1590 prater
1548 1522 1669 1573 bar·

647 1601 766 1651 bam
790 1618 1006 1671 opacam
1031 1614 1081 1651 et
1104 1598 1343 1653 dentium
1365 1598 1667 1665 candorem,

649 1680 812 1731 multa
854 1679 1019 1730 urinae
1058 1679 1328 1732 fricatione
1360 1680 1634 1750 quaesitum
1657 1718 1674 1743 ,

650 1758 784 1811 nihil
825 1760 978 1811 habet
995 1798 1010 1821 ‚
1050 1778 1157 1829 quo
1204 1777 1258 1810 se
1304 1759 1638 1811 commendet
1656 1798 1673 1823 ,

649 1839 797 1908 cujus
808 1838 980 1889 omnis
989 1838 1190 1890 bonitas
1201 1837 1257 1890 in
1271 1838 1435 1891 barba
1446 1853 1498 1890 et
1508 1838 1671 1892 denti·

648 1918 746 1969 bus
762 1930 1037 1988 spectatur.
1054 1918 1221 1970 Barba
1239 1938 1388 1988 opaca
1412 1920 1670 1989 eleganter

1756 884 1951 938 dicitur
1987 885 2161 956 prima
2198 886 2392 956 lanugo
2415 924 2431 950 ,
2469 904 2590 958 qun
2620 906 2778 959 genas

1756 966 1901 1036 quasi
1926 966 2208 1017 inumbrat.
2229 963 2512 1019 Claudian.
2538 968 2597 1019 in
2614 967 2776 1020 Proh.

1755 1059 1807 1097 et
1830 1044 1992 1115 Olyh.
2022 1045 2182 1097 Cons.
2205 1063 2257 1096 v,
2289 1046 2360 1097 68
2388 1063 2401 1096 :
2427 1047 2598 1098 «Ante
2624 1065 2780 1119 genas

1757 1123 1938 1177 dulces
1977 1142 2137 1194 quam
2180 1123 2276 1176 flos
2314 1125 2564 1195 juvenilis
2600 1126 2780 1179 inum-

1754 1203 1902 1265 bret,
1934 1204 2147 1274 Oraque
2179 1201 2375 1255 ridenti
2409 1204 2657 1275 lanugine
2688 1224 2781 1257 ve-

1755 1283 1871 1335 stiat
1913 1296 2047 1334 aetaS.
2072 1307 2093 1329 ι
2149 1283 2258 1334 Ubi
2310 1281 2423 1336 vid.
2469 1284 2650 1337 Barth.
2693 1285 2782 1338 Sic

1756 1362 1954 1415 Graecis
1981 1365 2035 1416 τὸ
2066 1364 2325 1432 πρόσωπον
2353 1366 2454 1425 τοῖς
2489 1364 2660 1425 ἰούλοις
2686 1384 2783 1416 κα-

1755 1443 2104 1503 τασκιάζεσθαι
2133 1441 2342 1495 dicitur.
2371 1442 2456 1495 Cf.
2475 1443 2632 1514 Virg.
2657 1447 2779 1497 AEn·

1760 1522 1924 1583 VIII,
1962 1524 2098 1586 160,
2116 1522 2208 1573 ubi
2239 1523 2392 1593 plura
2420 1523 2475 1574 in
2502 1522 2639 1576 hanc
2665 1542 2776 1576 rem

1758 1620 1819 1652 ex
1837 1602 2020 1671 graecis
2032 1600 2376 1672 scriptoribus
2391 1603 2648 1673 congessit
2655 1604 2779 1656 Cer-

1757 1678 1840 1731 da.
1882 1679 2099 1732 Fundus
2132 1680 2287 1733 estin
2324 1681 2544 1734 Homeri
2578 1680 2771 1753 Odyss.

1758 1760 1862 1824 XI,
1901 1758 1928 1810 3
1944 1778 1964 1811 1
1979 1762 2035 1818 8,
2068 1760 2098 1811 3
2114 1779 2199 1829 ¹9·

1844 1859 1927 1891 20.
1962 1842 2041 1891 De
2076 1840 2212 1890 dente
2240 1839 2426 1891 HIbem
2458 1843 2598 1892 urina
2628 1841 2775 1907 desn'-

1759 1931 1867 1968 cato
1893 1920 1959 1971 cf.
1991 1921 2168 1972 Carm.
2199 1920 2433 1973 XXXIX
2455 1960 2470 1987 ,
2503 1938 2588 1986 19.

1140 2153 1670 2242 CARMEN
1744 2155 2299 2241 XXXVIII.

1337 2411 1441 2454 AD
1511 2409 2091 2457 CORNIFICIUM.

869 2594 1081 2658 MALE
1119 2606 1250 2673 est,
1293 2589 1639 2671 Cornifici,
1679 2607 1793 2659 tuo
1833 2590 2127 2675 Catullo,

870 2695 1050 2764 Male
1093 2711 1228 2779 est,
1261 2696 1673 2780 mehercule,
1712 2713 1777 2764 et
1813 2696 2163 2783 laboriose,

872 2807 957 2871 Et
994 2804 1198 2896 magis
1240 2804 1447 2894 magis
1493 2805 1556 2869 in
1599 2804 1736 2870 dies
1783 2819 1847 2870 et
1894 2804 2123 2887 horas3

867 2914 1085 2998 Quem
1130 2925 1238 2991 tu,
1269 2908 1445 3001 quod
1487 2910 1832 2976 minimum
1874 2909 2387 3003 facillimumque
2422 2928 2553 2995 est,

869 3020 1019 3104 Qua
1060 3014 1304 3085 solatus
1338 3040 1405 3082 es
1443 3013 1900 3082 adlocutione?
2755 3052 2776 3087 s

746 3225 880 3273 Ano.
904 3222 1138 3272 Catullus
1151 3239 1313 3291 quum
1331 3220 1473 3288 gravi
1492 3220 1565 3271 rei
1592 3238 1681 3271 cu·

659 3301 863 3373 jusdam
880 3299 1127 3363 adversae,
1144 3319 1300 3370 quam
1318 3312 1562 3369 expertus
1577 3299 1683 3350 fue-

663 3395 775 3445 rat,
809 3381 1035 3432 afflictus
1068 3380 1284 3441 dolore,
1318 3397 1343 3430 a
1378 3379 1682 3443 CornificiO,

666 3473 724 3513 ut
743 3461 793 3512 in
819 3458 1019 3511 doloris
1043 3460 1119 3510 sui
1141 3459 1438 3512 societatem
1461 3458 1677 3517 veniret,

667 3539 935 3609 animique
974 3540 1236 3591 tristitiam
1277 3539 1420 3589 molli
1447 3535 1679 3608 quodam

666 3619 896 3671 carmine
921 3619 1134 3682 levaret,
1155 3619 1341 3670 frustra
1365 3618 1501 3670 hanc
1520 3616 1679 3669 fidem

663 3699 760 3751 sihi
793 3697 1122 3768 probandam
1156 3709 1526 3766 exspectasset,
1572 3699 1678 3765 jam

663 3779 910 3848 neglectoe
927 3777 1171 3831 amicitiae
1194 3778 1402 3846 culpam
1429 3776 1476 3827 ei
1492 3795 1677 3846 expro·

662 3860 797 3912 brat.

753 3957 799 3990 1.
848 3938 926 3989 De
974 3936 1232 4006 Cor-reficio
1269 3933 1378 3987 vid.
1424 3935 1684 3986 Burman·

664 4036 793 4069 num
826 4015 891 4069 ad
922 4014 1082 4068 Ovid.
1116 4015 1273 4067 Trist.
1300 4015 1385 4077 11,
1415 4014 1548 4077 436.

752 4118 802 4148 2.
833 4097 1084 4148 Labor-inse
1106 4096 1219 4146 me‘lu‘
1240 4107 1326 4155 est,
1357 4093 1412 4146 h.
1438 4113 1484 4146 e.
1515 4094 1683 4145 multo

1769 3218 1954 3271 dolore
1978 3220 2110 3272 mihi
2132 3220 2478 3273 laborandum
2500 3234 2578 3274 est
2593 3263 2608 3286 ,
2632 3223 2778 3274 mise-

1769 3319 1824 3350 ra
1850 3300 1981 3351 mihi
2003 3318 2112 3352 sors
2139 3315 2233 3352 est.
2254 3330 2333 3341 —
2348 3302 2557 3353 Hercule
2576 3322 2647 3353 me
2664 3303 2778 3355 Mu·

1768 3392 1866 3431 ret.
1887 3380 2085 3431 mercule
2102 3381 2265 3433 Conr.
2289 3379 2343 3433 d.
2367 3382 2469 3434 All.

1853 3458 1882 3509 3
1894 3499 1905 3509 .
1927 3459 2181 3530 Magisque
2200 3473 2249 3510 et
2265 3465 2418 3530 magis
2436 3461 2645 3532 Gryph.
2664 3462 2778 3513 Mu·

1768 3549 1864 3589 ret.
1887 3540 2051 3609 Vulp.
2069 3542 2222 3591 Voss.
2248 3539 2351 3592 Sed
2377 3545 2530 3611 magis
2553 3546 2706 3611 magis
2727 3542 2783 3592 si·

1769 3636 1835 3668 ne
1891 3619 2078 3688 copula
2134 3616 2331 3671 dicitur
2383 3636 2599 3692 quoque
2653 3621 2781 3672 infra

1769 3696 1971 3760 LXIV,
1999 3700 2129 3767 ²75·

1856 3783 1907 3839 4.
1937 3778 2093 3843 Quam
2116 3777 2291 3849 inepte
2316 3791 2478 3831 tentat
2497 3778 2719 3833 Corrad.

1855 3856 1905 3908 5.
1933 3858 2240 3909 Allocutt'one
2259 3858 2314 3911 h.
2340 3878 2386 3911 e.
2417 3859 2785 3921 consolatione,

1775 3947 1832 3986 ut
1867 3936 2125 4006 alloquium
2161 3937 2299 4007 apud
2330 3937 2489 3990 ovid.
2523 3956 2586 3990 ex
2620 3939 2785 3990 Ponto

1775 4016 1818 4077 1,
1843 4019 1897 4078 6,
1924 4035 1943 4067 ι
1960 4017 2012 4068 8.
2029 4017 2190 4068 Trist.
2211 4019 2311 4078 lv,
2333 4018 2386 4080 5,
2411 4016 2458 4070 3.
2480 4015 2608 4069 vid.
2636 4018 2790 4069 Bent-

1772 4095 1903 4146 leius
1930 4094 1996 4147 ad
2027 4097 2211 4150 Horat.
2237 4096 2409 4167 Epod.
2440 4098 2592 4160 xm,
2628 4099 2715 4159 18,
2734 4107 2785 4147 et
