2986 4935
737 428 885 499 256

1263 427 1336 491 C.
1375 423 1806 491 VALERII
1865 423 2331 491 CATULLI

841 564 1028 628 Saeva
1065 557 1245 651 quod
1279 556 1598 624 horrebas
1642 555 1840 647 prisci
1883 570 2213 649 praecepta
2256 555 2585 649 parentis;

843 672 1153 735 Attamen
1184 667 1252 733 in
1281 678 1533 732 vestras
1567 661 1837 754 potuisti
1874 659 2116 729 ducere
2148 660 2371 746 sedes,
2765 689 2817 726 ιτ»

841 775 1011 861 Quae
1048 772 1165 840 tibi
1202 769 1499 863 jucundo
1538 765 1894 835 famularer
1930 792 2121 836 serva
2150 767 2411 850 labore,

842 877 1142 948 Candida
1176 871 1888 970 permulcensliquidis
1922 875 2197 967 vestigia
2232 873 2549 967 lymphiS‚

845 990 1267 1078 Purpureave
1304 997 1489 1050 tuum
1532 992 1961 1048 consternens
1997 995 2180 1048 veste
2216 979 2450 1048 cubile.

847 1091 977 1158 Sed
1008 1089 1165 1183 quid
1200 1113 1324 1182 ego
1364 1088 1608 1179 ignaris
1640 1087 2079 1180 nequicquam
2114 1110 2491 1179 conqueror
2525 1085 2727 1169 auris,

846 1202 1204 1264 Externata
1248 1191 1465 1262 malo?
1507 1217 1652 1285 quae
1696 1189 1890 1259 nullis
1930 1192 2228 1261 sensibus
2273 1207 2482 1261 auctae
2769 1220 2822 1258 ‚ss

843 1308 984 1372 Nec
1020 1303 1246 1369 missas
1285 1298 1513 1367 audire
1549 1311 1834 1390 queunt,
1876 1322 1998 1366 nec
2041 1298 2314 1366 reddere
2353 1322 2569 1367 voces

827 1543 953 1609 159.
991 1542 1220 1610 Saevaquc
1251 1540 1536 1591 abhorrebas
1565 1539 1753 1589 Venet.

740 1653 818 1665 -—-
860 1624 1014 1673 Prisci
1052 1623 1297 1691 parentis,
1356 1621 1410 1672 h.
1462 1639 1509 1670 e.
1552 1617 1751 1677 severi,

742 1701 969 1765 morosi3
1006 1698 1195 1752 eodem
1238 1717 1391 1749 sensu
1411 1702 1597 1767 priscus
1634 1697 1760 1748 Cato

740 1794 957 1833 vocatur
996 1780 1212 1831 Horatio
1250 1776 1353 1829 Od.
1392 1779 1506 1842 111,
1547 1795 1635 1838 αι,
1670 1794 1756 1828 11.

741 1861 879 1912 Hinc
907 1872 1047 1911 recte
1068 1856 1306 1910 defendit
1325 1861 1488 1927 prisca
1510 1857 1760 1925 supercilia

742 1939 835 2002 (h.
888 1958 933 1991 e.
976 1938 1236 1997 adducta,
1291 1956 1500 1999 severa,
1551 1932 1757 1996 tristia)

741 2020 1046 2070 Burmannus
1079 2016 1145 2068 ad
1177 2016 1364 2085 virgil.
1406 2016 1539 2085 Cop.
1577 2034 1628 2065 v.
1665 2014 1755 2076 34.

740 2097 946 2150 -Vid.
974 2099 1192 2149 omnino
1210 2098 1538 2148 But-mannam
1557 2095 1669 2146 Sec.
1689 2092 1758 2145 ad

742 2179 957 2230 Anthol.
988 2190 1025 2229 t.
1051 2179 1109 2241 Ι,
1137 2197 1192 2246 p.
1228 2196 1360 2245 717.

829 2277 849 2309 1
863 2261 893 2308 6
909 2278 928 2310 1
941 2297 953 2308 .
973 2257 1195 2307 Iucundo
1217 2256 1376 2306 labore
1389 2275 1407 2305 :
1424 2254 1624 2324 quippe
1643 2271 1761 2322 quae

742 2356 981 2407 magnam
1014 2355 1076 2385 ex
1099 2336 1202 2386 boc
1229 2336 1406 2386 labore
1435 2334 1758 2403 voluptatem

737 2428 1054 2486 perceptura
1098 2427 1243 2479 erat3
1276 2413 1504 2464 suaviter
1535 2425 1585 2463 et
1624 2412 1760 2462 mol-

737 2496 884 2548 liter!

830 2578 957 2624 162.
993 2573 1215 2624 Candida
1242 2575 1480 2640 vestigia,
1512 2571 1762 2641 pulchros

741 2651 921 2723 pedes.
956 2653 1011 2701 V
1006 2655 1176 2719 estigia
1205 2670 1302 2721 pro
1316 2651 1518 2721 pedibus
1548 2652 1760 2721 passim,

743 2733 865 2784 infr.
890 2733 1067 2784 Carm.
1085 2731 1286 2789 LXVI,
1317 2735 1415 2797 69,
1446 2731 1628 2782 Horat.
1654 2731 1756 2782 Sat.

744 2814 830 2875 ΙΙ,
861 2815 923 2875 6,
973 2808 1391 2873 rom—Vide,
1422 2810 1463 2861 si
1498 2810 1624 2862 tanti
1658 2811 1757 2872 sit,

747 2892 917 2943 Virum
941 2893 1148 2942 Doctum
1168 2892 1222 2941 in
1248 2891 1506 2942 Observv.
1537 2890 1757 2941 Miscell.

741 2972 965 3023 Dorvill.
991 2984 1117 3022 tom.
1150 2972 1204 3032 1,
1231 2990 1285 3041 p.
1317 2974 1406 3022 28.
1442 3003 1518 3009 —-
1540 2970 1757 3020 Permul-

741 3071 848 3101 cens
891 3051 1144 3120 exquisite
1185 3069 1285 3120 pro
1328 3050 1551 3110 abluens,
1588 3050 1759 3118 perfri-

739 3150 866 3182 cans.
899 3129 1101 3184 Eodem
1147 3131 1311 3181 verbo
1366 3127 1434 3179 de*
1484 3127 1760 3179 abluendis

739 3209 962 3280 pedibus
1017 3228 1140 3258 usus
1187 3222 1262 3259 est
1310 3208 1567 3259 Pacuvius
1614 3206 1755 3276 apud

741 3288 878 3340 Geli.
910 3290 1061 3338 Noct.
1090 3292 1199 3339 Att.
1223 3288 1306 3344 ΙΙ,
1337 3287 1712 3339 26.-—Ritum
1739 3324 1755 3349 ,

739 3387 802 3419 ex
824 3386 931 3436 quo
960 3366 1195 3417 virorum
1225 3364 1386 3436 pedes
1413 3367 1588 3417 lavare
1622 3367 1754 3416 sole-

737 3448 865 3498 bant
905 3446 1151 3496 mulieres
1177 3484 1193 3510 ,
1231 3445 1397 3515 tangit
1431 3458 1480 3496 et
1535 3446 1760 3512 illustrat⁴

735 3525 1007 3593 Aristoph.
1032 3525 1190 3592 Vesp.
1220 3544 1267 3574 v.
1310 3528 1439 3593 607,
1472 3527 1538 3577 cf.
1575 3524 1752 3575 Selem-

736 3607 836 3656 der.
858 3603 925 3655 ad
945 3604 1198 3654 Musaeum
1227 3622 1271 3654 c.
1304 3606 1334 3657 8
1355 3642 1370 3667 ,
1393 3624 1448 3674 p.
1480 3606 1607 3657 185.

814 3688 871 3736 16
881 3684 909 3735 3
922 3721 933 3733 .
955 3684 1271 3735 Constet-nens
1287 3695 1420 3734 ‘veste
1433 3686 1585 3734 cubile
1595 3703 1613 3734 .·
1629 3686 1751 3735 Len·

730 3767 834 3816 zius
853 3764 908 3815 in
930 3763 1174 3833 Spicileg.
1196 3765 1455 3816 Observv.
1478 3764 1663 3816 scribit
1682 3762 1748 3816 ad

729 3862 847 3896 me:
875 3843 1078 3895 «Potest
1097 3843 1335 3895 Catullus
1353 3842 1521 3895 videri
1546 3863 1749 3914 expres·

728 3924 849 3975 sisse
891 3923 1185 3974 Homerum
1226 3920 1376 3974 Iliad.
1435 3924 1550 3987 111,
1596 3930 1695 3985 411
1730 3964 1746 3989 ,

731 4001 922 4071 Odyss.
953 4002 1064 4065 111,
1099 4001 1204 4064 403
1234 4014 1289 4055 et
1321 4003 1453 4065 VII,
1482 4004 1628 4072 347,
1653 4005 1747 4057 ubi

722 4082 973 4150 πορσὺνιιν
1003 4084 1166 4148 λέχος,
1189 4080 1334 4152 quod
1371 4081 1440 4134 de
1471 4084 1746 4151 mancipiis

1847 1557 1994 1609 aeque
2028 1559 2086 1592 ac
2129 1541 2385 1592 uxoribus
2412 1536 2629 1601 dicitur,
2655 1548 2724 1587 est
2744 1535 2829 1585 lecti

1839 1623 2118 1689 participem
2159 1617 2283 1681 c’sse,
2325 1620 2666 1678 συνευνᾶσθαι,
2700 1616 2760 1667 ita
2784 1625 2827 1662 ut

1846 1712 1980 1763 casta
1999 1699 2174 1769 puella
2198 1718 2311 1750 rem
2335 1711 2475 1750 recte
2501 1709 2553 1748 et
2571 1696 2738 1767 paullo
2758 1693 2831 1744 ob·

1846 1779 2047 1829 scurius
2085 1778 2398 1848 eloquatur,
2429 1776 2666 1847 adeoque
2708 1773 2830 1825 cubile

1845 1870 2134 1908 consternere
2161 1870 2294 1909 ‘veste
2314 1857 2532 1908 honesta
2552 1854 2743 1908 ratione
2766 1849 2832 1904 di·

1844 1950 1987 1988 ctum
2020 1938 2087 1989 sit
2124 1957 2225 2006 pro
2265 1942 2494 2007 μιχθῆναι
2541 1939 2590 1988 ἐν
2618 1936 2831 2004 φιλότητι,

1845 2015 2115 2086 valeatque
2143 2015 2281 2068 idem
2304 2017 2357 2068 h.
2390 2017 2430 2067 l.
2457 2013 2605 2087 quod
2631 2013 2695 2066 de
2712 2012 2832 2071 11.1.

1850 2094 1942 2161 31,
1985 2095 2285 2148 Eustathius
2339 2095 2503 2158 dicit,
2542 2107 2742 2165 poetam
2772 2091 2831 2143 ihi

1846 2183 2035 2244 σεμνῶς
2055 2177 2284 2227 locutum
2314 2194 2562 2227 esse.·—-—
2583 2171 2713 2237 Sed,
2729 2189 2835 2241 quo·

1845 2255 2020 2305 minus
2052 2274 2082 2306 a
2106 2255 2428 2326 proprietate
2471 2251 2837 2325 significationis

1845 2333 2152 2387 recedamus
2169 2373 2185 2397 ,
2211 2334 2444 2404 primum
2469 2334 2582 2405 ipsa
2609 2329 2837 2385 Ariadnes

1846 2413 2014 2465 oratio
2042 2413 2289 2485 prohibet
2305 2452 2320 2479 ,
2346 2431 2452 2485 qua
2478 2413 2535 2464 in
2564 2431 2698 2465 vers.
2715 2421 2837 2462 ante·

1847 2492 2071 2545 cedentt.
2102 2495 2345 2546 lubenter
2370 2493 2581 2545 servilia
2607 2492 2775 2546 officia
2795 2502 2837 2538 st

1847 2575 2108 2625 obituram
2142 2592 2248 2625 esse
2274 2573 2348 2626 ait
2365 2612 2381 2637 ,
2409 2571 2574 2625 modo
2599 2573 2656 2625 in
2679 2569 2834 2625 adem

1846 2671 1965 2704 cum
2003 2654 2208 2705 Theseo
2241 2651 2403 2705 domo
2435 2653 2633 2705 versari
2664 2653 2756 2705 sihi
2785 2649 2839 2700 li-

1846 2744 1990 2792 ceat3
2016 2731 2210 2801 deinde
2231 2771 2246 2795 ,
2270 2732 2310 2783 si
2339 2733 2611 2784 notionem
2645 2729 2839 2785 illumin

1844 2813 2112 2863 nonnullis
2140 2812 2278 2864 locis
2299 2831 2421 2863 cum
2458 2812 2560 2865 hac
2594 2812 2843 2865 locutione

1842 2890 1986 2960 apud
2015 2892 2308 2943 Homerum
2335 2895 2677 2962 conjunctam
2706 2889 2773 2944 ad
2795 2889 2840 2940 h.

1844 2971 1879 3021 l.
1934 2972 2291 3023 transferimus
2314 3008 2330 3033 ,
2384 2971 2560 3023 omnis
2582 2986 2588 2991 ·
2624 2971 2841 3043 profecto

1843 3049 1944 3102 loci
1973 3052 2139 3102 nostri
2169 3051 2395 3120 gravitas
2426 3052 2602 3121 perit,
2632 3065 2689 3105 et
2717 3067 2844 3103 com·

1844 3130 2126 3194 miseratio,
2139 3148 2298 3201 quam
2322 3132 2379 3181 in
2393 3130 2584 3193 animis
2602 3131 2840 3184 lectorum

1844 3208 2075 3261 Ariadne
2114 3210 2433 3262 excitaverat
2457 3248 2474 3274 ,
2521 3209 2624 3262 hac
2662 3212 2844 3280 impor-

1844 3299 1968 3341 tuna
2002 3287 2241 3341 libidinis
2281 3289 2598 3359 cogitatione
2635 3291 2844 3361 subjoeta

1842 3385 1989 3436 paene
2021 3368 2350 3438 abstergitur.
2374 3399 2456 3410 ——
2480 3369 2652 3435 Mira,
2680 3371 2735 3422 in
2758 3367 2845 3420 boc

1841 3447 1960 3498 loco
1987 3468 2037 3498 v.
2067 3448 2310 3500 160-163
2328 3486 2343 3511 ,
2370 3461 2427 3499 ut
2460 3449 2711 3502 teneritas
2734 3447 2847 3501 affe·

1842 3540 2022 3577 ctuum
2039 3565 2054 3590 ,
2082 3527 2154 3580 sic
2184 3527 2431 3581 carminis
2454 3528 2663 3582 lenitus.
2691 3530 2759 3581 N.

1929 3626 1947 3658 1
1962 3610 1993 3657 6
2003 3614 2053 3668 4.
2074 3607 2353 3679 Conquerar
2361 3606 2415 3657 in
2430 3606 2648 3661 duobus
2665 3607 2847 3661 MSSC·

1840 3685 2009 3737 Statii.
2041 3719 2122 3728 -
2154 3688 2349 3756 Ignaris
2385 3690 2551 3749 auris,
2590 3707 2745 3741 sensu
2774 3705 2845 3739 αι·

1836 3766 2096 3831 rentibus,
2137 3779 2197 3818 nt
2231 3766 2563 3836 explicantur
2592 3786 2753 3821 versu
2784 3784 2852 3818 se-

1836 3845 2039 3914 quenti.

1922 3944 1943 3976 ι
1958 3928 1989 3978 6
2000 3925 2051 3978 5.
2073 3926 2353 3977 Extenemta
2371 3927 2498 3977 malo
2518 3926 2719 3981 venet.
2734 3926 2854 3981 Stat.

1836 4003 2019 4056 eadem
2063 4004 2288 4057 varietas
2336 4024 2389 4057 v.
2442 4024 2539 4074 71.
2591 4041 2675 4049 —-
2720 4009 2863 4075 louge

1832 4084 2011 4152 potior
2040 4073 2220 4153 {lectio
2262 4097 2533 4137 externam.
2556 4118 2642 4130 ·-
2667 4089 2866 4145 Aueiae,
