2986 4935
1031 390 1466 468 TA'BssU'LA.
2166 392 2314 465 625

143 524 640 596 LXXXVIII.
698 524 779 590 In
809 519 1097 628 Gellium
1134 514 1583 616 (exprobratio
1613 520 1877 590 nefariae
1914 522 2112 591 libidi-

660 617 788 719 nis)
807 674 1932 695 ......................
1956 632 2107 725 Pag.
2170 631 2314 730 367
2443 662 2452 672 ·

217 738 644 815 LXXXIX.
685 737 790 814 'De
827 734 1059 807 eodem
1098 724 1300 825 (idem
1348 724 1843 829 argumentum)
1863 782 2093 801 .....
2170 737 2319 810 368

481 845 630 912 XC.
686 844 767 909 In
800 839 1105 908 eumdem
1146 833 1352 931 (idern
1389 834 2090 958 argumentum)...
2173 844 2323 939 369

306 976 311 982 ·
437 952 614 1027 XCI.
671 949 754 1014 In
777 945 1081 1025 eumdem
1112 938 1528 1033 (insectatio
1512 972 1579 1012 in
1615 890 2036 1039 perfidum·
1977 973 2109 1016 suae

667 1051 900 1147 puellm
930 1039 1422 1144 corruptorem)
1445 1098 2096 1118 .............
2172 1055 2321 1151 370

400 1163 619 1232 XCII.
680 1162 786 1228 De
816 1157 1053 1227 Lesbia
1086 1148 1557 1252 (deprehensio
1588 1159 1830 1229 amoris
1868 1160 1935 1226 in
1961 1162 2113 1228 assi-

673 1264 923 1334 duitate
984 1257 1455 1352 maledicendi)
1498 1312 1517 1330 .
1553 1313 1569 1328 .
1606 1312 1624 1328 .
1657 1313 1674 1329 .
1711 1312 1729 1328 .
1764 1313 1781 1328 .
1816 1312 1885 1330 ...
1922 1314 1938 1329 .
1976 1312 1993 1329 .
2028 1313 2045 1329 .
2082 1266 2099 1329 ’.
2174 1265 2313 1362 371

384 1375 635 1453 XCIII.
695 1374 777 1439 In
810 1373 1137 1440 Caesarem
1177 1363 1642 1464 (contemptus
1677 1362 2113 1464 significatio)
2174 1372 2318 1468 372

389 1480 635 1550 XCIV.
691 1480 774 1545 In
811 1475 1181 1546 Mentulam
1225 1466 1488 1567 (cinaedi
1525 1478 1917 1583 moechantis
1959 1476 2116 1545 ludi-

648 1571 935 1672 ficatio)
969 1628 2095 1648 ......................
2174 1584 2321 1681 373

424 1694 636 1762 XCV.
695 1693 800 1759 De
838 1691 1116 1782 Smyrna
1153 1690 1382 1757 Cinnae
1428 1703 1640 1781 poetae
1680 1678 1947 1779 (iirisus
1985 1693 2113 1758 Vo-

675 1795 823 1864 lusii
873 1820 1024 1865 curn
1071 1796 1301 1863 Cinnae
1345 1792 1647 1862 laudibus
1690 1790 2114 1885 conjunctus)
2175 1795 2322 1892 374

393 1904 640 1973 XCVI.
707 1902 798 1969 Ad
843 1900 1125 1971 Calvum
1181 1900 1289 1968 de
1310 1898 1629 1987 Quintilia
1687 1895 2116 1983 (collaudatio

675 2010 916 2084 amoris
958 2006 1060 2075 vel
1106 2031 1264 2101 erga
1307 2020 1647 2074 mortuum
1684 1997 2098 2096 servati)...
2176 2008 2325 2103 376

360 2117 641 2185 XCVII.
697 2117 778 2182 In
808 2113 1143 2182 AEmilium
1187 2105 1639 2205 (exprobratio
1667 2054 2117 2231 obscenitatis)
2176 2114 2320 2212 377

328 2224 647 2290 XCVIII.
703 2219 805 2287 Ad
856 2221 1157 2288 Vettium
1214 2209 1571 2309 (cavillatio
1611 2218 1691 2286 de
1738 2217 1963 2312 lingua
2005 2221 2117 2287 im·

680 2315 928 2421 proba)
940 2370 2102 2390 .......................
2178 2325 2328 2423 379

391 2436 638 2505 XCIX.
695 2432 798 2500 Ad
835 2433 1214 2500 Juventium
1259 2418 1697 2524 (querimonia
1743 2430 1825 2499 de
1872 2433 2117 2500 saevitia

677 2538 1062 2607 fastidientis
1102 2527 1384 2630 basium)
1403 2585 2142 2602 ...............
2180 2538 2328 2609 380

574 2648 650 2714 C.
710 2647 815 2713 De
852 2643 1052 2712 Caelio
1093 2659 1159 2711 et
1199 2645 1474 2732 Quintio
1526 2634 1776 2733 (fausta
1823 2646 2115 2737 precatio

682 2776 809 2845 pro
845 2749 1014 2817 illius
1051 2743 1312 2837 amore)
1348 2796 2101 2815 ...............
2179 2751 2274 2822 38
2295 2776 2314 2819 ι

538 2860 649 2927 CI.
705 2857 966 2925 Inferiae
997 2854 1079 2922 ad
1122 2855 1340 2923 fratris
1370 2855 1696 2924 tumulum
1719 2903 2103 2920 ........
2180 2857 2325 2928 382

502 2966 650 3032 CII.
680 2963 781 3030 Ad
799 2960 1179 3031 Cornelium
1198 2952 1611 3055 (pollicitatio
1631 2959 2118 3046 taciturnitatis)
2179 2961 2327 3035 383

451 3071 636 3137 CIII.
695 3067 798 3136 Ad
864 3067 1152 3136 Silonem
1215 3062 1598 3150 (insectatio
1653 3070 1719 3135 in
1778 3069 2116 3162 perjurum

685 3165 1018 3264 lenonem)
1037 3221 2101 3241 .....................
2178 3176 2325 3262 384

461 3283 637 3350 CIV.
694 3279 800 3348 Ad
827 3279 1176 3373 quemdam
1209 3278 1293 3348 de
1324 3279 1563 3349 Lesbia
1598 3271 1981 3373 (vindicatio
2011 3284 2121 3349 im·

686 3400 986 3481 portunae
1033 3376 1471 3480 loquacitatis)
1512 3434 2106 3453 ............
2182 3388 2327 3462 385

495 3494 633 3563 CV.
694 3495 774 3560 In
841 3492 1209 3560 Mentulam
1279 3483 1679 3584 (ludificatio
1732 3494 1812 3563 de
1876 3494 2117 3565 infelici

686 3599 959 3694 poeticae
994 3600 1150 3667 artis
1190 3591 1436 3692 studio)
1459 3648 2052 3667 ............
2072 3650 2105 3673 ,.
2180 3603 2329 3676 385
2405 3655 2412 3661 .

463 3707 638 3775 CVI.
697 3708 802 3775 De
842 3730 1051 3798 puero
1082 3720 1148 3775 et
1171 3730 1475 3798 praecone
1498 3698 1854 3796 (cavillatio
1884 3707 1966 3776 de
1992 3733 2118 3777 am-

685 3813 923 3881 borum
964 3801 1491 3904 conversatione)
1513 3860 2106 3880 ............
2180 3816 2330 3888 386

430 3919 643 3987 CVII.
698 3919 802 3987 Ad
851 3918 1153 3988 Lesbiam
1197 3907 1706 4014 (congratulatio
1753 3921 1840 3990 ob
1881 3945 2120 3991 recon-

690 4024 984 4094 ciliatum
1027 4015 1351 4117 amorem)
1361 4074 2108 4095 ..............
2186 4030 2333 4103 386

1870 4165 1968 4245 40
