2986 4935
791 424 1242 493 CARMEN
1303 426 1675 493 LXVIII.

2151 420 2300 520 329

264 559 361 625 Ac
404 552 608 624 veluti
648 555 840 650 nigro
873 557 1135 649 jactatis
1166 557 1428 625 turbine
1467 560 1686 626 nautis

374 664 623 731 Lenius
663 662 1005 756 adspirans
1048 688 1209 732 aura
1254 664 1543 733 secunda
1579 665 1789 749 venit,

264 773 412 838 Jam
460 794 659 862 prece
696 768 1010 854 Pollucis,
1046 771 1183 863 jam
1221 772 1516 840 Castoris
1549 769 1928 867 implorata3
2254 801 2305 838 ω
2339 763 2344 770 ’

372 875 531 944 Tale
570 876 696 944 fuit
735 877 927 964 nobis
963 876 1255 946 Manlius
1297 875 1632 945 auxilium.

266 985 334 1052 Is
373 981 668 1052 clausum
708 981 841 1052 lato
880 984 1195 1079 patefecit
1229 982 1433 1052 limite
1467 1007 1811 1078 campum,

375 1092 573 1183 Isque
616 1089 887 1158 domum
923 1089 1115 1160 nobis
1141 1144 1159 1177 ,
1189 1092 1372 1184 isque
1405 1090 1588 1159 dedit
1630 1090 2003 1178 dominam;

270 1196 376 1264 Ad
418 1220 617 1289 quam
664 1222 1050 1266 communes
1095 1222 1553 1266 exerceremus
1591 1222 1883 1285 amoreS,

376 1302 533 1389 Quo
570 1327 718 1371 mea
762 1328 831 1372 se
871 1303 1055 1373 molli
1091 1303 1373 1373 candida
1408 1306 1583 1373 Diva
1618 1304 1787 1399 pede
2258 1353 2314 1391 70

245 1537 344 1590 63.
381 1537 562 1588 Hicin
594 1537 843 1589 omnibus
880 1539 986 1590 fere
1020 1538 1179 1591 MSS.

167 1617 423 1682 Santenii3
442 1617 496 1669 in
518 1616 685 1669 tribus
702 1618 836 1679 leoec,·
857 1616 951 1670 sed
968 1637 1051 1670 res
1065 1618 1182 1690 ipsa

170 1698 369 1768 flagitat
403 1698 504 1750 Ac.

247 1783 344 1840 64.
378 1778 571 1828 Leniter
591 1774 646 1827 in
669 1776 808 1830 Datii
834 1774 968 1829 Cod.
996 1796 1067 1829 m.
1094 1796 1176 1847 pr.

170 1869 220 1909 et
243 1856 491 1910 Riccard.
530 1857 672 1926 apud
708 1857 850 1909 Sant.
871 1890 952 1899 —
972 1857 1182 1909 Praeivit

83 1952 86 1955 ’
176 1938 225 1988 in
247 1938 349 1989 hac
379 1938 803 2007 comparatione,
826 1950 882 1988 ut
911 1937 1184 1989 Santenius

170 2017 414 2081 monuit,
453 2016 612 2068 Hom.
661 2014 813 2069 Iliad.
832 2018 972 2080 VII,
1026 2023 1180 2086 4·7:

177 2086 289 2156 «Ως
318 2092 381 2148 δὲ
414 2098 516 2157 θεὸς
557 2099 789 2163 ναύτῃσιν
832 2092 1180 2165 ἐελδομένοισιν

171 2172 351 2229 ἔδωκεν
379 2170 558 2246 Οὖρον,
596 2178 716 2233 ἐπὴν
749 2178 1028 2247 κεκάμωσιν
1060 2177 1186 2239 ἐϋξέ-

171 2264 315 2323 στῃσ’
368 2255 569 2324 ἐλάτῃσι
630 2257 817 2309 Πόντον
868 2258 1144 2335 ἐλαύνοντεὲ
1167 2294 1180 2314 ,

165 2337 381 2406 καμάτῳ
419 2331 472 2386 δ’
521 2337 616 2389 ὑπὸ
667 2340 783 2406 γυῖα.
820 2344 1063 2388 λέλυνται·
1109 2342 1181 2396 Ως

170 2417 263 2487 ἄρα
289 2417 364 2469 τὼ
403 2411 629 2477 (Hector
655 2428 709 2467 et
736 2407 901 2482 Paris)
933 2418 1179 2487 Τρώεσσιν

170 2492 498 2568 ἐελδομένοισι
528 2497 773 2566 ’φανὴ-ην.
795 2524 815 2543 ··

250 2577 344 2630 65.
398 2578 462 2629 In
511 2576 614 2629 hoc
659 2574 992 2628 emendando
1028 2595 1182 2628 versu

169 2654 320 2709 valde
366 2657 676 2708 laborarunt
712 2656 1057 2726 interpretes,
1090 2654 1182 2707 sed

169 2735 278 2788 sine
296 2737 618 2788 necessitate.
642 2735 754 2786 lam
771 2756 912 2806 prece
934 2736 1177 2797 Polluces,

158 2817 266 2882 jam
283 2816 521 2870 Castor-as
535 2816 814 2885 implorante
832 2815 1040 2867 refinxit
1055 2817 1187 2867 Vos-

168 2895 289 2950 sius.
315 2926 400 2938 --
417 2896 529 2947 Iam
545 2897 660 2962 face
686 2897 929 2958 Pollucis,
950 2898 1056 2964 jam
1085 2897 1184 2947 Ca·

168 2979 312 3027 stov-is
367 2976 626 3046 Implorata
682 2977 994 3046 Anonymus
1041 2974 1185 3045 apud

168 3056 506 3108 Santenium.
547 3056 750 3127 Jamque
779 3075 866 3124 ope
892 3052 1184 3108 Eldickius.

166 3166 247 3176 --
277 3137 400 3189 Jam
425 3155 563 3205 prece
585 3138 650 3188 P.
668 3139 774 3204 jam
809 3135 869 3187 C.
895 3136 1146 3204 Implorata
1170 3154 1183 3187 :

173 3240 194 3261 ιι
216 3216 412 3270 Dutch
428 3214 521 3268 das
541 3216 714 3268 Gebet
736 3234 858 3266 zum
876 3214 1059 3266 Castor
1075 3213 1186 3266 und

167 3293 360 3348 Pollux
389 3294 602 3347 endlich
629 3294 835 3347 erfleht.
856 3320 877 3339 ›-
908 3325 988 3336 —-
1006 3296 1184 3364 Implo-

166 3388 276 3426 rata
300 3394 380 3429 sc.
414 3395 541 3428 aura
563 3374 790 3429 secunda
810 3415 824 3439 ,
850 3374 904 3424 in
930 3392 1052 3426 casu
1078 3375 1185 3444 pri·

163 3473 272 3509 mo.
284 3455 517 3519 Turbae,
538 3475 665 3526 quas
690 3455 747 3507 in
769 3455 872 3506 hoc
897 3455 1015 3506 loco
1044 3455 1183 3506 exci-

166 3547 418 3589 taverunt
450 3535 782 3606 interpretes,
812 3547 946 3587 natae
970 3547 1094 3586 sunt
1121 3554 1182 3586 ex

164 3617 305 3668 male
371 3615 634 3668 intellecta
700 3635 829 3667 voce
892 3616 1145 3686 implorata
1164 3656 1178 3677 ,

163 3714 324 3765 quam
364 3714 644 3767 perperam
677 3695 727 3746 in
771 3713 892 3747 casu
931 3708 1073 3746 sexto
1111 3694 1177 3745 acl

156 3795 298 3843 prece
344 3777 664 3827 retulerunt.
710 3774 821 3827 Nec
865 3773 1001 3825 vidit
1043 3774 1180 3825 hanc

164 3854 420 3908 fraudem
454 3854 748 3907 Santenius.
771 3887 849 3896 -—-
874 3856 1021 3904 Prece
1060 3855 1178 3904 Pol-

161 3935 282 3985 lucis
300 3978 314 3998 ,
348 3935 415 3986 h.
442 3953 487 3987 e.
517 3931 583 3985 ad
613 3934 896 3986 Pollucem.
922 3935 1105 3985 Castor
1130 3946 1181 3984 et

161 4014 360 4067 Pollux
395 4014 760 4083 navigantibus
780 4027 903 4065 sunt
921 4011 996 4064 dii
1024 4017 1182 4066 σωτῆ-

161 4114 263 4165 ρες,
297 4107 358 4147 ut
391 4107 595 4147 notum.
623 4094 703 4147 Cf.
736 4112 889 4163 supra
918 4092 985 4145 ad
1005 4095 1178 4146 Carm.

1292 1541 1395 1603 IV,
1443 1558 1534 1609 ²7·
1555 1540 1794 1601 ——Jam,
1832 1540 1887 1592 in
1925 1559 2132 1594 summo
2164 1544 2303 1613 peri·

1288 1620 1394 1671 culi
1425 1618 1759 1682 discrimine3
1785 1639 1892 1690 quo
1913 1639 2071 1673 sensu
2096 1625 2302 1693 elegan-

1289 1711 1368 1751 ter
1405 1699 1519 1751 haec
1558 1699 1815 1770 particula
1857 1719 1886 1751 a
1917 1702 2086 1770 poetis
2133 1706 2297 1774 repeti

1285 1778 1438 1830 solet.

1368 1863 1461 1912 66.
1493 1859 1747 1911 Similiter
1787 1858 2102 1930 Euripides,
2142 1882 2300 1933 quem

1285 1938 1465 1991 laudat
1490 1939 1753 2008 VulpiuS,
1780 1940 1941 1993 Orest.
1967 1960 2016 1992 v.
2050 1947 2160 2009 725
2185 1960 2197 1994 :
2221 1977 2299 1986 -—

1293 2019 1524 2078 ιΠιστὸς
1567 2021 1614 2070 ἐν
1658 2024 1824 2077 κακοῖς
1857 2020 2002 2089 ἀνὴρ.
2047 2024 2297 2090 Κρείσσων

1284 2099 1497 2167 γαλήνης
1523 2100 1811 2150 ναυτίλοισιν
1842 2099 2050 2168 εἰσορᾷν.
2075 2125 2095 2145 .

1369 2183 1459 2248 67.
1485 2178 1660 2241 Quam
1686 2177 1909 2246 turpiter
1930 2178 2129 2230 librarii
2154 2181 2301 2234 aber·

1286 2258 1519 2310 rave-rint
1538 2258 1592 2308 in
1611 2277 1740 2309 voce
1767 2258 2001 2320 clausum,
2024 2257 2130 2311 vid.
2156 2260 2298 2330 apud

1285 2336 1611 2390 Santenium.
1639 2369 1720 2380 —
1743 2338 1932 2390 Sensus
1958 2356 1970 2390 ε
2003 2367 2023 2386 ι
2050 2341 2099 2390 Is
2130 2341 2295 2405 viam,

1290 2437 1395 2488 qua
1444 2417 1609 2471 libere
1662 2432 1712 2471 et
1761 2417 1872 2470 sine
1915 2418 2296 2492 impedimento

1287 2500 1558 2570 percipere
1578 2517 1721 2550 nunc
1742 2517 1956 2570 possum
1976 2502 2168 2552 amoris
2192 2503 2295 2555 fru-

1286 2591 1432 2629 ctum
1459 2579 1730 2648 hucusque
1755 2579 1886 2630 mihi
1915 2580 2260 2652 interceptum
2284 2625 2298 2649 ,

1287 2658 1547 2727 patefecit.
1572 2683 1592 2702 υ
1643 2659 1865 2728 Elegans
1911 2658 2083 2729 imago
2123 2661 2189 2712 ab
2234 2663 2295 2714 iis

1287 2737 1532 2790 translata
1558 2778 1571 2800 ,
1603 2739 1694 2808 qui
1729 2758 1791 2790 ex
1824 2738 1949 2790 locis
1985 2741 2213 2809 angustis
2243 2757 2295 2795 et

1290 2818 1584 2887 interseptis
1631 2818 1686 2868 in
1737 2832 1970 2887 apertam
2019 2820 2289 2890 planitiem

1288 2896 1613 2949 deferuntur.

1371 2982 1463 3043 69.
1493 2976 1587 3028 Ad
1604 2995 1773 3046 quam,
1800 2975 1855 3028 in
1880 2979 2028 3047 cujus
2044 2980 2293 3048 amplexi-

1289 3057 1404 3108 bus.
1431 3055 1709 3108 Santenius
1733 3076 1875 3128 quam
1896 3056 1962 3109 ad
1997 3057 2183 3109 domum
2209 3079 2292 3112 re·

1291 3138 1418 3199 fert,
1443 3133 1534 3187 sed
1559 3147 1671 3187 tum
1701 3134 1846 3188 haud
1874 3134 2035 3188 dubie
2056 3138 2295 3191 Catullus

1288 3216 1574 3286 scripsisset
1622 3219 1671 3266 in
1724 3236 1834 3287 qua.
1866 3249 1945 3258 —
1980 3216 2291 3278 Communes,

1293 3310 1613 3349 uiutu05.--
1647 3295 1980 3367 Quocunque
2027 3297 2187 3350 modo
2227 3301 2297 3351 ad

1287 3396 1427 3447 quam
1442 3373 1697 3446 intelligas
1709 3412 1722 3432 ,
1737 3394 1911 3446 neque
1931 3378 2154 3446 probam
2176 3400 2297 3449 syn·

1288 3458 1429 3507 taxin
1443 3492 1459 3516 ‚
1478 3473 1651 3524 neque
1671 3453 1954 3508 dilucidam
1979 3460 2290 3512 sententiam

1288 3533 1411 3586 inde
1440 3535 1701 3586 conficies,
1734 3535 1858 3586 Haec
1881 3547 1955 3585 est
1979 3555 2082 3588 una
2105 3559 2134 3589 e
2161 3559 2295 3590 non·

1285 3615 1442 3666 nullis
1475 3632 1603 3683 quas
1651 3614 1843 3665 Catulli
1889 3612 2024 3666 fudit
2063 3617 2296 3684 incuria,

1286 3694 1519 3745 maculis,
1555 3695 1790 3744 Exercet-e
1819 3713 1998 3743 amores
2012 3693 2078 3745 ad
2109 3697 2294 3748 mulie-

1287 3792 1399 3825 rem
1438 3793 1546 3825 non
1579 3773 1752 3824 minus
1784 3773 2012 3825 insolens
2040 3793 2198 3844 quam
2230 3776 2300 3826 ad

1286 3853 1488 3904 domum.
1525 3854 1593 3904 Et
1635 3853 1737 3905 hoc
1782 3872 1986 3905 sensum
2027 3855 2296 3908 meliorem

1288 3952 1471 4002 parere
1504 3932 1732 3986 videtur.
1766 3935 1834 3984 N.

1369 4035 1393 4077 7
1406 4032 1458 4064 o.
1486 4016 1599 4082 Quo
1614 4015 1750 4065 refer
1765 4012 1830 4064 ad
1846 4012 2050 4064 domum.
2066 4046 2143 4054 —
2160 4015 2304 4066 Molli

1286 4093 1406 4161 pede
1430 4134 1442 4155 ,
1497 4093 1724 4144 molliter
1765 4107 1813 4143 et
1850 4090 2069 4144 delicate
2112 4095 2303 4163 posito*
