2986 4935
766 448 1213 515 CARMEN
1273 447 1647 512 LXVlll.

2129 444 2278 513 323

244 581 452 670 Quod
492 575 699 672 quum
732 582 818 648 ita
864 582 984 666 sit,
1028 579 1231 649 nolim
1258 594 1544 664 statuas,
1590 605 1709 646 nos
1750 594 1967 646 luente
1991 578 2277 672 maligna

350 688 430 756 Id
465 687 717 770 facere,
754 701 869 754 aut
900 689 1120 755 animo
1159 712 1294 753 non
1332 687 1486 754 satis
1524 687 1851 780 ingenu03

240 794 446 883 Quod
488 793 606 863 tibi
650 818 788 861 non
826 794 1168 886 utriusque
1204 794 1389 886 petiti
1429 793 1620 885 copia
1658 792 1830 860 facta
1863 805 1993 877 est3

350 899 547 969 Ultro
582 925 708 994 ego
745 899 1103 985 deferrem,
1141 900 1333 993 copia
1373 900 1426 967 si
1460 924 1590 991 qua
1631 898 1822 967 foret.
2241 940 2281 979 2..

244 1008 403 1075 Non
441 1032 711 1101 possum
752 1008 1056 1089 reticere,
1094 1009 1284 1089 Deae,
1321 1030 1451 1097 qua
1490 1004 1779 1073 Manlius
1823 1008 1887 1072 in
1929 1031 1996 1072 re

347 1115 639 1196 Juverit‚
685 1129 801 1180 aut
836 1115 1099 1206 quantis
1136 1112 1385 1204 juverit
1428 1111 1696 1195 officiis3

242 1219 346 1288 Ne
390 1220 650 1314 fugiens
689 1218 875 1287 seclis
906 1218 1444 1287 obliviscentibus
1473 1233 1627 1286 aetas
1695 1283 1700 1286 ,

140 1463 308 1512 Roma
339 1458 463 1512 iude
494 1463 784 1513 Veronam.
808 1494 887 1504 --
909 1462 1123 1532 Capsula
1140 1499 1155 1523 ‚

141 1539 402 1592 librorum
441 1553 494 1592 et
534 1540 881 1611 scriptionum
918 1542 1065 1594 theca
1109 1556 1158 1594 et

140 1621 530 1690 receptaculum
549 1658 565 1687 ,
590 1617 731 1671 unde
747 1659 763 1684 ‚
795 1621 889 1691 qui
917 1622 1081 1673 libros
1105 1623 1156 1673 in

137 1699 348 1769 capsula
373 1696 622 1770 gestando
645 1717 841 1769 pueros
868 1701 1156 1752 nobiliores

142 1780 190 1829 in
219 1775 410 1830 ludum
446 1778 734 1831 literarium
763 1792 945 1832 euntes
973 1799 1154 1850 seque·

138 1860 331 1910 bantur
342 1897 357 1922 ‚
372 1855 498 1911 dicti
515 1870 637 1910 sunt
655 1859 990 1930 capsmiiwid.
1005 1861 1151 1912 Turn.

137 1937 199 1989 ad
233 1939 454 1991 Sueton.
486 1940 613 1991 Ner.
649 1937 739 1992 36-

217 2017 308 2089 37.
355 2018 440 2069 Me
490 2036 588 2088 pro
630 2037 717 2070 nos
762 2019 813 2070 in
856 2018 980 2071 edit.
1026 2020 1149 2072 Ald-

146 2097 283 2150 1502
306 2133 324 2160 ,
351 2095 494 2148 unde
519 2097 586 2149 ab
610 2098 724 2149 aliis
742 2100 1021 2168 repetitum
1046 2113 1150 2162 est3

133 2175 221 2229 sed
242 2197 331 2228 nos
350 2189 567 2229 tuentur
583 2197 768 2230 omnes
782 2179 934 2231 MSS.
958 2192 1009 2231 et
1026 2178 1148 2230 cdd.

131 2257 529 2328 antiquissimae,
564 2257 755 2327 quibus
780 2278 902 2310 usus
926 2272 999 2311 cst
1026 2258 1151 2310 San-

132 2338 321 2390 teniuS.
338 2368 416 2379 —
435 2337 599 2388 Blente
625 2339 840 2406 maligna
864 2340 895 2390 i.
921 2358 964 2389 e.
993 2339 1149 2390 nimis

128 2436 325 2488 parcus
353 2428 511 2487 atque
536 2428 706 2471 tenax.
738 2419 807 2472 N.

211 2499 308 2552 38.
343 2497 590 2565 Ingenuo,
625 2498 848 2550 liberali.
884 2501 949 2551 N.

207 2577 308 2647 39.
331 2577 485 2627 Periti
507 2596 571 2629 ex
599 2579 901 2646 conjectura
932 2579 1147 2631 Parthe-

124 2656 196 2708 nii
214 2695 231 2722 ,
257 2675 427 2728 quem
447 2657 624 2725 plures
652 2658 810 2710 secuti
843 2672 989 2714 sunt,
1025 2679 1142 2711 nam

120 2734 395 2806 ejusmodi
421 2734 621 2806 aliquid
639 2736 833 2807 flagitat
853 2739 960 2789 fere
980 2742 1148 2789 utrim-

118 2835 226 2886 que.
254 2847 344 2858 —-
374 2816 525 2885 Quod
566 2815 653 2867 tibi
693 2837 786 2868 non
826 2820 965 2888 prius
1005 2839 1147 2890 usque·

110 2900 305 2965 petenti
330 2914 519 2965 parum
551 2896 771 2948 feliciter
797 2910 958 2949 tentat
985 2898 1146 2950 Hein-

114 2976 241 3030 sius.
271 2975 385 3027 Pro
401 2978 545 3042 sacta
561 2988 632 3026 est
645 2976 833 3046 legitur
854 2978 904 3028 in
928 2980 1144 3049 quibus-

113 3054 244 3108 dam
292 3054 452 3107 libris
496 3055 646 3108 MSS.
682 3070 823 3127 posta
856 3070 957 3119 est,
998 3057 1145 3128 quod

108 3136 329 3207 recepit
348 3136 583 3187 Vossius.
613 3136 752 3187 Alias
777 3152 1052 3207 corruptas
1077 3139 1148 3189 le·

109 3217 327 3268 ctiones
347 3215 612 3267 recensuit
629 3206 928 3281 Sant'enius,
952 3237 1013 3269 ex
1033 3219 1147 3287 qui-

108 3295 212 3346 bus
245 3295 353 3346 vix
383 3296 598 3347 extrices
640 3295 920 3347 lectionem
959 3311 1147 3349 nostrae

105 3372 528 3449 praeferendam.
562 3407 641 3417 —-
683 3376 938 3447 Utriusque
965 3380 1109 3444 petiti
1127 3419 1141 3441 ‚

112 3482 133 3499 ι
160 3457 453 3523 utriusque
504 3455 609 3511 rei,
667 3474 825 3525 quam
868 3474 897 3507 a
934 3474 1018 3506 me
1056 3476 1146 3526 pc·

103 3535 254 3589 tiisti.
276 3562 303 3582 ι
349 3533 431 3585 Cf.
450 3553 498 3585 v.
529 3553 609 3586 10.
639 3567 717 3576 --
748 3535 1007 3607 Utrumque
1021 3542 1146 3606 peti·

104 3628 205 3667 tum
234 3633 358 3667 una
384 3611 673 3684 eademque
700 3633 781 3665 res
801 3628 926 3666 erat.
960 3616 1024 3666 N.

190 3702 293 3758 60.
317 3693 587 3759 Differrem
609 3695 741 3745 male
757 3694 970 3746 inlibris
990 3696 1141 3747 MSS.

101 3789 152 3827 et
200 3774 370 3827 editt.
398 3785 523 3825 vett.
562 3807 642 3816 —-
670 3774 948 3840 Defert-em,
984 3777 1144 3827 offer-

100 3874 221 3906 rem
253 3885 350 3897 --
377 3863 437 3903 ut
462 3871 596 3923 saepe
625 3853 772 3925 apud
808 3854 1141 3907 Ciceronem.

101 3932 251 3987 Vide
282 3934 539 4004 exempla
563 3933 616 3985 in
649 3935 846 3986 Ernesti
869 3936 1015 3987 Clave
1040 3935 1142 3986 Cic.

100 4035 138 4066 s.
163 4035 214 4067 v.
258 4014 479 4081 desert-e.

182 4101 215 4160 4
234 4114 291 4151 1.
328 4093 493 4163 Quam
524 4112 621 4162 pro
652 4114 744 4166 qua
784 4095 977 4166 reecpit
1016 4097 1145 4148 Sun-

1254 1463 1451 1527 tenius,
1481 1462 1626 1534 quod
1658 1463 1710 1513 iu
1739 1464 1855 1533 plus
1883 1481 2037 1533 quum
2064 1461 2274 1531 triginta

1252 1540 1425 1594 Codd.
1452 1556 1504 1594 et
1524 1543 1701 1594 multis
1725 1541 1868 1594 editt.
1900 1541 2274 1613 antiquissimis

1247 1623 1547 1686 invenerat;
1583 1620 1673 1673 sed
1701 1641 1762 1674 ex
1788 1641 1904 1673 meo
1928 1642 2078 1674 sensu
2103 1623 2270 1674 multo

1247 1702 1420 1771 aptius
1461 1715 1513 1753 et
1554 1703 1730 1753 verius
1763 1715 1838 1753 est
1871 1723 1997 1773 qua,
2035 1700 2178 1772 quod
2216 1704 2267 1753 in

1246 1780 1457 1832 duobus
1477 1780 1654 1834 Codd.
1679 1781 1938 1832 Saibantis
1969 1796 2018 1833 et
2044 1781 2158 1832 aliis
2185 1802 2268 1833 re-

1247 1860 1479 1931 peritum
1522 1881 1644 1912 nam
1682 1880 1797 1912 rein
1836 1862 1999 1931 ipsam
2022 1901 2036 1925 ,
2079 1862 2129 1911 in
2165 1881 2264 1931 qua·

1246 1954 1491 2011 expertus
1531 1942 1596 1991 sit
1629 1940 1810 1991 Manlii
1845 1940 2132 2000 auxilium,
2165 1942 2264 1993 Ca-

1244 2021 1402 2072 tullus
1416 2021 1590 2072 refert.
1609 2050 1687 2059 —
1701 2019 1883 2071 Lectio
1903 2020 2134 2071 Santenii
2158 2041 2263 2071 ma-

1240 2101 1318 2170 gis
1342 2100 1503 2152 latina
1525 2112 1577 2150 et
1596 2100 1818 2169 poetica.
1841 2099 1996 2166 Quum
2014 2103 2192 2169 juverit
2218 2107 2264 2150 ιἰι

1242 2201 1292 2230 re
1310 2200 1381 2232 sc.
1397 2179 1871 2250 opportune.N.-—
1886 2179 2261 2230 Commentum

1240 2260 1485 2330 Scaligeri
1507 2259 1663 2326 Quam
1680 2278 1750 2309 me
1767 2258 1927 2308 Allius
1943 2260 2048 2328 jani
2070 2258 2134 2308 ab
2155 2259 2264 2309 alii<

1239 2340 1514 2411 explosum
1549 2352 1639 2390 est.
1662 2371 1740 2380 --
1772 2337 1973 2389 Eodem
2007 2350 2259 2408 ternpore,

1242 2439 1348 2490 quo
1359 2420 1519 2472 Poeta
1535 2418 1719 2471 Manlii
1739 2418 1979 2490 precibus
1997 2435 2048 2467 se
2068 2420 2261 2470 satisfa-

1242 2520 1359 2553 cere
1379 2520 1485 2551 non
1508 2519 1657 2572 posse
1680 2499 1937 2563 declarat,
1960 2513 2260 2569 opportune·

1243 2582 1353 2650 ejus
1376 2581 1556 2632 animo
1589 2581 1933 2633 obversantur
1957 2593 2167 2649 accepta
2192 2581 2257 2630 ab

1242 2680 1305 2710 co
1322 2660 1594 2713 beneficia.
1617 2661 1891 2712 Convertit
1918 2672 2092 2710 autem
2115 2679 2165 2711 se
2188 2660 2255 2711 ad
2319 2662 2327 2670 '

1241 2758 1324 2789 eas
1350 2742 1511 2804 Deas,
1536 2741 1589 2791 b.
1626 2760 1669 2793 e.
1707 2741 1883 2792 Musas
1901 2778 1915 2801 ,
1942 2738 2164 2809 quibuS,
2202 2754 2254 2792 ut

1239 2819 1560 2871 Theocritus
1584 2821 1719 2873 canit
1736 2861 1749 2883 ,
1772 2816 1963 2889 (Idyll.
2000 2820 2158 2883 XVI,
2201 2838 2216 2868 1
2242 2861 2253 2885 ‚

1248 2890 1302 2965 2)
1323 2918 1446 2951 cura
1478 2901 1760 2970 εεῑ,ὒμνεῖν
1798 2901 1989 2967 ἀγαθῶν
2024 2902 2142 2948 κλέπι
2174 2901 2248 2949 άν-

1239 2974 1393 3048 ὃρῶν,
1427 2992 1478 3031 et
1518 2998 1703 3030 eorum
1735 2977 1951 3030 nomina
1986 2979 2254 3029 aeteruitati

1240 3076 1558 3111 consecrare.
1584 3091 1664 3099 —
1694 3059 1815 3109 Deoe
1842 3076 1941 3128 pro
1971 3056 2155 3115 Musae‚-
2183 3059 2247 3107 ita

1241 3137 1389 3208 Virg.
1420 3143 1540 3190 AEn.
1572 3139 1681 3201 IX,
1719 3137 1844 3206 529.
1877 3137 1942 3187 N.

1326 3225 1417 3280 4²·
1449 3218 1634 3269 laverit
1662 3237 1733 3269 sc.
1762 3237 1863 3270 me.

1325 3299 1414 3360 43.
1453 3298 1557 3348 Nec
1584 3299 1635 3349 in
1678 3297 1883 3349 (limbus
1923 3295 2251 3367 principibus

1242 3380 1451 3429 Venett.
1480 3391 1530 3429 et
1552 3377 1922 3448 septemdecim
1940 3375 2109 3429 Codd.
2134 3377 2256 3427 San·

1241 3457 1405 3521 tcnii;
1443 3456 1533 3509 sed
1561 3478 1666 3509 non
1708 3477 1827 3509 raro
1870 3458 1920 3508 in
1963 3455 2254 3507 scribendi<

1240 3538 1510 3607 particulis
1532 3559 1588 3589 ne
1611 3552 1661 3589 et
1686 3560 1767 3588 nec
1785 3551 2069 3608 peccarunt
2091 3538 2247 3587 libra·

1238 3616 1590 3669 rii.Vid.VV.
1624 3620 1738 3669 DD.
1765 3637 1897 3688 quos
1920 3616 2093 3668 laudat
2120 3618 2247 3665 Dru-

1237 3696 1510 3749 ckenborcle.
1542 3696 1607 3748 ad
1632 3698 1745 3749 Liv.
1768 3699 1822 3762 Ι,
1850 3716 1915 3748 10
1935 3734 1950 3759 ‚
1974 3697 2001 3746 3
2021 3737 2032 3757 ,
2064 3710 2098 3748 t.
2119 3698 2171 3757 I,
2195 3715 2248 3764 p.

1242 3777 1309 3827 ,²33
1325 3816 1337 3837 ,
1363 3776 1500 3828 adde
1521 3779 1725 3829 Bentlei.
1746 3775 1814 3828 ad
1841 3777 2020 3826 Horat.
2048 3775 2152 3827 Sat.
2176 3775 2245 3827 11.

1241 3858 1300 3917 3,
1337 3860 1463 3907 262.
1497 3891 1570 3899 --
1599 3858 1719 3909 «Ne
1749 3857 1853 3907 ulla
1884 3873 2102 3923 usquam
2136 3855 2248 3906 haec

1236 3939 1346 4004 ejus
1382 3934 1448 3987 de
1488 3955 1572 3988 nie
1609 3936 1790 3988 merita
1831 3934 2071 3986 obliteret
2114 3935 2248 3984 obli·

1238 4015 1321 4065 vio
1338 4035 1385 4079 ς»
1418 4015 1656 4086 expende
1673 4056 1686 4078 ,
1716 4034 1874 4084 quam
1900 4014 2101 4083 egregie
2125 4014 2265 4065 Poe-⁴

1240 4109 1287 4147 ta
1321 4096 1456 4147 lianc
1485 4096 1788 4146 sententiam
1824 4096 2168 4146 exornaverit.

1921 4191 1938 4224 3

1803 4234 1836 4271 ¹).
1866 4228 1884 4272 l
