2986 4935
708 488 857 559 366

1240 496 1314 561 C.
1352 494 1786 562 VALERII
1848 496 2316 564 CATULLI

1186 732 1743 819 CARMEN
1810 733 2374 819 LXXXVI.

1261 970 1354 1012 1)ss
1411 968 1776 1025 QUINTIA
1836 970 1929 1012 ET
1989 969 2299 1014 LESBIA.

814 1164 1132 1247 QmNTm
1175 1155 1469 1223 formosa
1512 1169 1610 1221 est
1653 1152 1914 1222 multis:
1947 1154 2108 1222 mihi
2148 1154 2475 1241 candida,
2517 1154 2756 1250 longa,

919 1267 1126 1330 Recta
1173 1275 1288 1328 est.
1333 1264 1481 1329 Hoc
1526 1286 1694 1355 ego:
1728 1263 1818 1328 sic
1858 1260 2115 1354 singula
2157 1261 2508 1357 confiteor.

812 1374 1053 1440 Totum
1099 1366 1291 1451 illud,
1330 1368 1653 1454 formosa,
1700 1392 1870 1462 nego
1904 1393 1916 1433 :
1955 1392 2109 1435 nam
2149 1367 2331 1436 nulla
2375 1384 2732 1457 venusam,

924 1475 1120 1543 Nulla
1170 1476 1234 1541 in
1278 1489 1415 1541 tam
1460 1499 1708 1568 magno
1754 1489 1852 1542 est
1896 1500 2179 1569 corpore
2215 1477 2390 1543 mica
2421 1474 2597 1546 salis.

815 1584 1056 1653 Lesbia
1088 1581 1379 1651 formosa
1408 1596 1543 1650 est:
1565 1606 1711 1673 quae
1740 1607 1945 1675 quum
1976 1580 2426 1676 pulcherrima
2454 1598 2602 1652 tota
2632 1600 2766 1672 est,
2839 1620 2857 1654 ε,

919 1692 1091 1758 Tum
1129 1689 1438 1757 omnibus
1483 1712 1617 1755 una
1655 1713 1885 1757 omnes
1928 1690 2246 1783 surripuit
2282 1692 2610 1759 Veneres,

794 1905 929 1953 Ana.
968 1902 1183 1970 Quintiae
1202 1941 1214 1961 ,
1241 1918 1359 1970 quae
1387 1899 1546 1969 vulgo
1580 1899 1742 1951 habe-

710 1988 865 2037 batur
888 1983 1113 2033 formosa
1126 2019 1142 2043 ‚
1167 1980 1506 2032 formositatis
1524 1978 1743 2049 quidem

712 2077 884 2136 partes
900 2059 1154 2133 quasdam
1172 2059 1371 2112 conced
1381 2062 1442 2120 it,
1466 2058 1556 2110 sed
1576 2077 1741 2129 quum

712 2146 760 2196 ei
793 2142 995 2195 deesset
1011 2154 1254 2192 venustas
1281 2153 1329 2191 et
1353 2140 1601 2192 festivitas
1618 2179 1632 2204 ,
1651 2140 1742 2190 ab·

712 2225 877 2277 solute
900 2223 1182 2273 formosam
1200 2260 1214 2283 ,
1235 2221 1403 2290 qualis
1426 2221 1532 2271 sola
1556 2218 1742 2270 Lesbia

711 2305 808 2366 sit,
835 2321 950 2353 eam
980 2300 1085 2352 dici
1114 2320 1263 2369 posse
1290 2314 1457 2370 negat.

800 2402 847 2435 1.
903 2382 1024 2442 Est,
1076 2379 1317 2442 videtur,
1366 2380 1609 2430 habetur.
1665 2409 1742 2418 ——-

716 2466 946 2532 Quinctia
978 2461 1033 2510 in
1068 2473 1190 2511 vett.
1225 2458 1584 2510 monumentis
1615 2458 1741 2510 scri·

713 2546 854 2596 bitur
872 2581 885 2603 ,
912 2553 1037 2591 teste
1064 2539 1247 2590 Statio.

804 2643 852 2674 2.
869 2620 994 2670 Herc
1016 2638 1103 2687 ego
1125 2623 1192 2668 sic
1215 2620 1267 2669 in
1295 2618 1539 2687 plurimis
1560 2617 1746 2670 editio·

713 2703 871 2754 nibus
908 2711 1034 2750 vett.
1084 2697 1188 2750 Sed
1233 2698 1461 2767 Scaliger
1503 2698 1616 2749 Hoc
1655 2717 1745 2766 ego

715 2783 988 2851 antiquam
1010 2778 1287 2830 lectionem
1310 2797 1417 2828 esse
1435 2778 1716 2830 confirmat
1732 2816 1745 2842 ,

716 2875 767 2914 et
790 2863 861 2913 sic
886 2877 1028 2909 nunc
1048 2859 1298 2910 exhibent
1323 2857 1469 2909 editt.
1495 2858 1744 2910 Cantabr-

718 2945 867 2993 Voss.
891 2939 1053 3007 Vulp.
1082 2939 1294 3010 Bipont.
1313 2971 1391 2980 ——
1418 2938 1568 2988 Recta
1586 2978 1599 3000 ,
1624 2950 1747 3007 apta

716 3024 886 3074 forma
921 3031 972 3071 et
1006 3019 1173 3088 figura
1199 3037 1212 3070 τ
1244 3018 1312 3070 cf.
1345 3037 1503 3088 supra
1528 3017 1597 3069 ad
1623 3018 1748 3069 Car-

716 3122 834 3154 men
861 3102 912 3152 X
930 3139 944 3159 ,
976 3117 1066 3151 20.
1091 3132 1169 3142 —
1190 3100 1300 3149 Hoc
1320 3118 1407 3166 ego
1441 3098 1551 3148 scil.
1583 3099 1747 3150 sentio

719 3183 797 3232 vel
842 3179 1041 3251 judico,
1083 3213 1162 3220 —
1204 3180 1408 3247 Singula
1430 3219 1441 3238 ,
1483 3176 1630 3248 quod
1675 3175 1745 3229 ad

718 3261 943 3329 singulas
980 3259 1314 3310 formositatis
1342 3271 1515 3329 partes
1543 3258 1743 3309 attinet.
1750 3297 1755 3302 -

804 3340 854 3389 3.
892 3341 1060 3389 Totum
1093 3339 1246 3399 illud,
1283 3336 1426 3407 quod
1465 3336 1534 3388 ad
1575 3350 1743 3388 totum

720 3417 886 3484 illud,
918 3419 970 3469 in
1006 3437 1113 3487 quo
1149 3432 1388 3468 censetur
1419 3417 1749 3481 formositaS‚

716 3499 917 3550 attinet.
943 3530 1021 3540 --
1051 3499 1289 3548 Venustus
1308 3538 1322 3558 ,
1348 3496 1600 3565 elegantia
1616 3538 1629 3558 ,
1657 3516 1751 3548 na·

1831 1899 1970 1950 tivus
2012 1899 2163 1970 lepor
2211 1912 2264 1952 et
2312 1900 2566 1953 festivius
2584 1937 2602 1957 ,
2649 1920 2770 1973 qun
2815 1904 2862 1954 in

1829 1977 2016 2044 dictis,
2048 1979 2220 2044 factis,
2246 1993 2392 2049 gestu
2432 1994 2485 2032 et
2526 1993 2643 2033 toto
2680 2000 2864 2053 eorpo-

1829 2059 1903 2110 ris
1933 2059 2117 2111 habitu
2161 2072 2423 2132 spectatur
2459 2077 2473 2112 :
2515 2059 2758 2126 Grecis,
2796 2083 2866 2114 xo·

1830 2142 2058 2209 σμιότης,
2086 2140 2170 2190 cui
2204 2141 2499 2212 opponitur
2530 2142 2779 2211 ἀγροικία.

1916 2227 1964 2283 4.
1997 2220 2153 2272 Nulla
2176 2224 2225 2272 ἱη
2242 2259 2255 2271 .
2275 2260 2289 2273 .
2311 2260 2324 2272 .
2349 2224 2473 2272 mica
2501 2222 2624 2272 salis
2640 2265 2658 2285 ,
2682 2237 2867 2293 quanta

1832 2313 1904 2351 est
1922 2339 1937 2362 ,
1963 2300 2156 2351 insulsa
2184 2314 2236 2351 et
2260 2301 2420 2371 plena
2444 2301 2590 2353 ruris
2616 2302 2866 2355 inficetia-

1831 2399 2057 2450 rumque
2084 2393 2175 2432 est.
2196 2412 2274 2421 —
2296 2373 2425 2450 Ᾰνῆρ
2449 2378 2870 2451 τρισκαιδικείπ·

1831 2480 1914 2526 χυς
1950 2458 2018 2512 de
2047 2458 2258 2531 stupido
2281 2461 2461 2532 magni
2488 2462 2735 2534 vastique
2765 2483 2870 2516 cor·

1831 2540 1976 2610 poris
1997 2540 2213 2592 homine
2237 2540 2382 2610 apud
2411 2541 2696 2596 Theocrit.
2719 2543 2868 2615 1d511.

1832 2620 1958 2684 XV,
1992 2639 2081 2689 17,
2105 2621 2196 2672 ubi
2222 2619 2346 2672 vide
2372 2622 2770 2676 Valckenarimn.
2797 2655 2868 2665 —-

1833 2700 1968 2750 Mica
2003 2702 2152 2759 salis,
2189 2700 2259 2752 cf.
2302 2702 2520 2754 Lucret.
2555 2703 2663 2768 1V,
2701 2705 2866 2757 1158:

1840 2780 2096 2831 -Parvola
2119 2781 2368 2849 pumilio,
2386 2782 2605 2852 χαρίτων
2631 2785 2745 2853 μία,
2774 2796 2868 2836 tota

1834 2878 2039 2911 merum
2064 2861 2188 2911 sal.-
2224 2861 2291 2911 N.

1916 2942 1966 2989 6.
2013 2941 2134 2991 Tum
2158 2939 2372 2991 omnibus
2391 2981 2404 2992 .
2422 2979 2437 2991 .
2461 2979 2476 2991 .
2509 2941 2742 3006 Vena-es,
2771 2961 2868 2994 om·

1834 3037 1925 3069 nes
1954 3019 2253 3089 puellarum
2287 3020 2500 3090 lepores
2527 3019 2599 3073 ad
2633 3041 2690 3075 se
2718 3041 2868 3074 unam

1835 3100 2103 3151 transtulit
2135 3112 2184 3150 et
2212 3099 2351 3152 inter
2381 3118 2438 3151 se
2463 3102 2766 3173 conjunxit.
2801 3133 2871 3144 —

1836 3178 2097 3249 Lepidam
2154 3180 2514 3251 facetamque
2542 3181 2874 3235 formositatis

1834 3258 2107 3310 notionem
2140 3278 2249 3311 uno
2283 3278 2437 3311 versu
2466 3260 2872 3332 comprehendit

1835 3336 2139 3402 Fontaniu5‚
2159 3339 2582 3411 elegantissimus
2595 3341 2761 3414 hujus
2777 3341 2876 3413 epi-

1836 3419 2140 3487 grammatis
2171 3418 2432 3490 interpres
2469 3417 2490 3473 :’
2530 3434 2614 3473 «ee
2651 3424 2705 3474 la
2739 3443 2874 3493 graec

1833 3498 1946 3567 plus
1970 3498 2090 3549 belle
2111 3518 2254 3550 encor
2270 3520 2361 3571 que
2385 3500 2437 3553 la
2460 3500 2655 3556 beaute.
2675 3530 2701 3552 ι
2738 3503 2805 3556 Ν.

1182 3708 1721 3796 CARMEN
1787 3711 2389 3802 LXXXVII.

1064 3919 1193 3972 Vid.
1231 3921 1360 3972 Var.
1404 3919 1547 3971 Lect.
1586 3917 1653 3970 ad
1690 3918 1921 3971 Carmen
1959 3920 2199 3988 LXXV;
2227 3941 2351 3994 pag.
2393 3923 2532 3978 352.
