2986 4935
1026 534 1460 603 TABULA.
2167 532 2301 606 62ยน

346 677 502 744 XV.
526 671 626 742 Ad
642 657 1498 754 Aurelium(commendatio
1514 665 1703 758 pueri
1721 658 2110 760 amati)Pag.
2219 695 2258 759 7
2275 697 2312 738 2

402 784 588 851 XVI.
643 776 750 845 Ad
799 773 1139 843 Aurelium
1190 788 1257 842 et
1302 773 1575 840 Furium
1622 764 2106 858 (recriminatio

615 872 1154 966 comminatoria)
1178 924 2090 944 ..................
2222 905 2258 975 7
2272 883 2317 964 4

366 995 592 1063 XVII.
655 989 753 1057 Ad
785 986 1129 1057 Coloniam
1165 981 1372 1073 (lusus
1410 984 1477 1051 in
1518 982 1852 1076 stupidum
1885 1008 2108 1077 quem-

616 1096 769 1164 dam
804 1085 1141 1179 maritum)
1180 1141 1196 1169 .
1231 1137 2093 1156 .................
2221 1088 2316 1185 75

348 1208 610 1275 XVIII.
666 1201 771 1269 Ad
820 1201 1168 1269 hortorum
1223 1200 1445 1266 Deum
1499 1190 1862 1281 (dedicatio
1916 1195 2108 1289 agelli

615 1299 880 1401 Priapo)
914 1348 2091 1371 .......................
2219 1305 2315 1374 80

404 1420 590 1486 XIX.
649 1419 1014 1482 Hortorum
1057 1415 1240 1481 Deus
1284 1406 1743 1494 (comminatio
1788 1408 2005 1502 Priapi
2039 1410 2109 1475 in

619 1513 831 1608 sures)
861 1561 2092 1584 ........................
2219 1516 2312 1586 82

431 1633 584 1699 XX.
641 1632 1006 1696 Hortorum
1044 1627 1229 1693 Deus
1261 1617 1460 1709 (idem
1498 1612 1990 1714 argumentum)
2022 1668 2038 1684 .
2075 1670 2091 1685 .
2222 1620 2316 1692 85

391 1739 580 1806 XXI.
638 1734 739 1802 Ad
757 1725 1556 1821 Aurelium(exprobratio
1590 1728 1880 1819 penuriae
1916 1726 2106 1794 simul

611 1855 679 1909 et
719 1838 1040 1924 libidinis,
1085 1835 1213 1903 vid.
1259 1858 1318 1902 c.
1359 1826 1496 1919 xv.)
1547 1878 2090 1895 ...........
2219 1834 2310 1928 87

355 1952 576 2018 XXII.
633 1946 737 2014 Ad
764 1949 1052 2014 Varrum
1076 1934 1340 2030 (irrisus
1372 1939 1614 2006 inficeti
1647 1938 1933 2004 auctoris
1961 1963 2105 2030 pes-

620 2054 818 2121 simos
870 2074 1098 2118 versus
1147 2049 1212 2114 in
1267 2046 1434 2113 libro
1485 2044 1900 2111 ornatissimo
1952 2044 2107 2111 scri-

620 2150 858 2243 bentis)
870 2196 2094 2221 ........................
2219 2173 2317 2243 90

319 2269 582 2335 XXIII.
639 2264 741 2332 Ad
779 2264 1049 2332 Furium
1081 2252 1529 2353 (exprobratio
1571 2247 2039 2349 paupertatis).
2075 2304 2091 2319 .
2217 2256 2316 2350 93

324 2376 580 2441 XXIV.
637 2371 741 2439 Ad
797 2369 1177 2438 Iuventium
1225 2389 1506 2458 puerum
1557 2355 1971 2455 (objurgatio
2025 2361 2107 2429 de

616 2493 836 2546 amato
880 2467 1123 2560 Furio).
1183 2517 2093 2537 ..................
2220 2471 2314 2565 95

354 2588 576 2654 XXV.
632 2584 737 2652 Ad
772 2581 1079 2651 Thallum
1125 2573 1509 2675 (postulatio
1551 2576 1633 2644 de
1669 2568 1895 2662 furto).
1917 2623 1934 2638 .
1970 2623 1987 2638 .
2024 2624 2041 2639 .
2076 2623 2092 2639 .
2218 2576 2318 2670 96

322 2695 580 2761 XXVI.
636 2691 740 2758 Ad
788 2691 1055 2756 Furium
1099 2677 1320 2773 (lusus
1373 2684 1454 2751 de
1505 2684 1648 2750 aeris
1694 2680 1929 2768 alieni,
1979 2705 2108 2774 qua

430 2859 433 2860 ฮณ
624 2795 923 2867 Catullus
958 2806 1268 2887 urgetur,
1314 2783 1520 2877 mole)
1553 2834 2095 2853 ...........
2219 2814 2319 2883 99

304 2908 592 2974 XXVII.
649 2904 751 2971 Ad
786 2900 1242 2970 Pocillatorem
1283 2920 1564 2993 puerum
1604 2888 1783 2981 (laus
1816 2887 2112 2981 Falerni)
2178 2920 2317 2964 100

277 3014 602 3080 XXVIII.
658 3009 759 3077 Ad
803 3007 1210 3076 Verannium
1268 3018 1332 3072 et
1378 2999 1722 3069 Fabullum
1775 2991 2112 3093 (conque-

619 3117 745 3184 stio
780 3115 862 3183 de
893 3112 1183 3182 Memmii
1214 3110 1563 3177 tenacitate
1595 3100 1848 3192 dolosa)
1868 3153 2096 3170 .....
2179 3132 2305 3177 101

335 3226 587 3291 XXIX.
643 3224 724 3289 In
769 3223 1095 3290 Caesarem
1136 3211 1597 3309 (exprobratio
1640 3213 1722 3280 de
1760 3212 2109 3307 prodigen-

623 3330 713 3395 tia
755 3349 910 3419 erga
949 3315 1388 3406 Mamurram)
1394 3365 2095 3386 ..............
2181 3325 2321 3403 104

365 3438 588 3504 XXX.
647 3433 748 3501 Ad
794 3431 1170 3524 Alphenum
1212 3423 1661 3521 (querimonia
1707 3423 1788 3491 de
1836 3423 2111 3492 infideli-

618 3531 789 3624 tate)
817 3577 2096 3601 .........................
2179 3530 2318 3598 108

334 3650 588 3716 XXXI.
650 3645 752 3712 Ad
808 3644 1198 3711 Sirmionem
1254 3637 1664 3733 peninsulam
1718 3630 2110 3729 (congratu-

622 3750 776 3819 latio
818 3750 902 3818 ob
945 3773 1134 3817 suum
1173 3738 1497 3826 reditum)
1505 3790 2095 3810 ............
2179 3766 2200 3809 1
2233 3764 2318 3810 10

299 3861 586 3928 XXXII.
644 3857 745 3924 Ad
798 3853 1189 3950 Ipsithillam
1226 3846 1652 3943 (efflagitatio
1704 3848 2111 3917 admissionis

621 3953 978 4048 amatoriae)
988 4003 2096 4026 ......................
2181 3978 2203 4021 1
2236 3979 2317 4024 19.

262 4072 583 4140 XXXIII.
643 4073 720 4137 In
736 4068 1099 4136 Vibennios
1144 4060 1606 4156 (exprobratio
1649 4056 2044 4148 furtorum).
2080 4110 2094 4125 .
2179 4061 2319 4130 113

266 4178 579 4248 XXXIV.
639 4174 737 4242 Ad
772 4175 1052 4242 Dianam
1084 4166 1382 4264 (triplicis
1408 4171 1569 4237 Deae
1602 4158 1853 4254 laudes)
1874 4216 2100 4233 .....
2186 4192 2208 4235 1
2240 4172 2324 4252 14
