2986 4935
669 515 819 582 280

1182 505 1258 567 (j.
1307 489 1750 565 VALERII
1807 477 2276 554 CATULLI

929 643 1082 704 Non
1124 633 1215 701 illi
1261 631 1609 723 quisquam
1657 617 1828 688 bello
1874 641 1943 685 se
1987 611 2285 683 conferet
2323 607 2561 713 heros,

772 751 1000 837 Quum
1036 739 1307 833 Phrygii
1329 740 1591 803 Teucro
1631 725 1998 795 manabunt
2038 717 2352 811 sanguine
2397 714 2553 796 rivi;

2725 733 2800 774 345

772 855 1139 941 Troicaque
1179 843 1486 912 obsidens
1534 837 1896 929 longinquo
1941 826 2185 895 moenia
2224 820 2400 890 bello

774 959 1027 1051 Perjuri
1073 951 1332 1044 Pelopis
1369 944 1652 1014 vastabit
1689 940 1919 1007 tertius
1956 935 2185 1002 haereS.

780 1067 1081 1146 Currite,
1127 1059 1442 1125 ducentes
1482 1048 1882 1127 subtemina,
1923 1040 2202 1122 currite,
2239 1034 2388 1103 fusi.

936 1168 1120 1237 Illius
1163 1162 1456 1256 egregias
1501 1159 1814 1235 virtuteS,
1853 1149 2159 1237 claraque
2200 1141 2375 1209 facta

784 1284 970 1370 Saepe
1011 1271 1395 1341 fatebuntur
1436 1278 1787 1359 gnatorum
1836 1257 1901 1322 in
1945 1253 2174 1321 funere
2217 1260 2496 1326 matres;
2743 1271 2815 1307 32»-

786 1387 1011 1473 Quum
1059 1381 1125 1444 in
1170 1378 1458 1445 cinerem
1506 1392 1705 1437 canos
1745 1362 2004 1432 solvent
2038 1382 2076 1423 a
2112 1355 2359 1455 vertice
2398 1351 2652 1433 crineS,

786 1487 1190 1577 Putridaque
1234 1479 1510 1548 infirmis
1546 1471 1899 1541 variabunt
1935 1477 2207 1559 pectora
2245 1456 2498 1553 palmis.

775 1701 841 1757 34
856 1695 902 1745 5.
926 1693 1083 1760 Quum
1108 1687 1321 1754 Phrygii
1339 1684 1521 1734 Teucro
1544 1696 1712 1727 mana-

697 1780 812 1830 inme
838 1775 1069 1840 sanguine
1099 1780 1230 1816 tenen
1270 1763 1476 1832 profert
1518 1757 1715 1809 Statius

696 1878 760 1909 ex
787 1857 923 1907 libro
945 1847 1126 1901 Ivlaffei
1150 1886 1165 1907 ,
1200 1857 1332 1893 tenen
1357 1841 1422 1891 ab
1448 1837 1635 1890 eodem
1659 1834 1718 1884 li-

695 1936 875 1989 brario
904 1927 1098 1983 deinde
1127 1936 1384 1975 mutarum
1421 1920 1473 1970 in
1515 1917 1713 1972 Teucri,

697 2014 841 2086 quod
868 2011 1056 2083 probat
1084 2003 1316 2054 Vossius.
1355 1999 1476 2051 Cum
1512 1995 1721 2062 Phry-gii

703 2111 859 2146 tenero
889 2089 1149 2142 manabunt
1186 2083 1420 2151 sanguiue
1456 2078 1631 2128 Teucri
1665 2074 1719 2124 in

701 2176 911 2228 duobus
940 2169 1053 2221 aliis
1077 2164 1226 2216 MSS.
1256 2159 1402 2212 Statii
1424 2197 1439 2221 ,
1466 2154 1612 2208 unde
1636 2154 1722 2204 ille

705 2276 767 2308 ex
797 2256 1099 2321 conjectura
1139 2262 1280 2313 quum
1319 2240 1529 2309 Phrygii
1568 2247 1724 2284 tenero

710 2333 973 2386 manabunt
1000 2327 1233 2393 sanguine
1271 2322 1427 2387 campi
1461 2316 1543 2366 vel
1585 2331 1726 2384 quum

707 2415 942 2485 Phrygiae
979 2408 1161 2457 'I'eucro
1176 2441 1188 2452 .
1214 2437 1226 2450 .
1248 2440 1259 2451 .
1280 2439 1290 2449 .
1315 2411 1451 2448 terroe
1484 2394 1568 2445 vel
1588 2411 1728 2463 qmem

707 2495 919 2563 Phrygia·
946 2490 1146 2539 Teucro-
1163 2521 1174 2532 .
1195 2521 1207 2532 .
1227 2521 1238 2531 .
1254 2482 1389 2529 muri.
1417 2476 1522 2526 Alii
1553 2476 1730 2542 legunt

716 2577 902 2631 trunci,
933 2568 1013 2618 uti
1051 2576 1125 2614 est
1161 2562 1215 2611 in
1257 2561 1319 2609 L.
1349 2557 1464 2608 MS.
1504 2566 1555 2604 et
1589 2551 1729 2603 Edit.

716 2656 783 2705 R.
812 2683 889 2693 -—
922 2649 1168 2698 Nostram
1198 2639 1476 2690 lectionem
1519 2645 1733 2684 tuentur

718 2730 1073 2784 editt.Vcnet.
1102 2719 1312 2789 Gryph.
1339 2718 1532 2767 Muret.
1557 2712 1731 2763 Graev.

720 2813 850 2864 Silv.
876 2807 1043 2875 Vulp.
1075 2833 1153 2842 -—
1184 2801 1343 2867 Quum
1370 2796 1590 2865 Phrygio
1616 2794 1736 2860 tepi-

721 2893 773 2944 di
815 2887 1075 2940 manabunt
1107 2882 1337 2948 sanguine
1368 2878 1457 2926 rivi
1496 2869 1739 2924 emendat

726 2966 1015 3024 Mitecherl.
1051 2963 1104 3014 in
1141 2960 1306 3028 Epist.
1341 2956 1394 3006 in
1425 2949 1738 3023 Apollodor.

726 3074 778 3122 p.
816 3057 999 3118 49.--
1018 3045 1177 3110 Quum
1202 3039 1346 3106 rigui,
1368 3075 1379 3086 .
1402 3075 1414 3085 .
1436 3074 1446 3083 .
1470 3034 1625 3099 campi
1652 3048 1742 3080 seu

732 3135 821 3183 rivi
844 3124 1057 3192 coniicit
1081 3117 1305 3172 Lenzius
1326 3116 1379 3165 in
1402 3124 1511 3164 not.
1536 3109 1601 3161 ad
1623 3109 1742 3160 h.v.

735 3215 894 3279 Quum
911 3206 1119 3273 Phrygia·
1139 3200 1306 3250 Teucr.
1325 3191 1516 3244 manab.
1530 3189 1597 3242 de
1614 3190 1749 3240 Xan·

732 3291 826 3342 tho
843 3284 971 3351 ,ubi
1000 3296 1240 3349 magnam
1259 3288 1484 3342 stragem
1514 3267 1750 3321 ediderat

735 3367 989 3425 Achilles,
1020 3360 1237 3410 Homer.
1260 3352 1414 3405 Iliad.
1436 3352 1569 3402 XXI
1585 3390 1599 3414 ‚
1635 3371 1661 3400 2
1677 3366 1696 3398 1
1737 3364 1749 3397 τ

735 3447 1029 3519 ἑρυθραίνετο
1051 3435 1282 3505 ὃάἴματι
1304 3431 1456 3501 ὕδωρ.

825 3527 955 3587 346.
998 3521 1283 3587 Longinquo
1300 3555 1314 3577 ,
1357 3514 1390 3565 i.
1435 3530 1480 3562 e.
1528 3506 1751 3559 diutino.

745 3610 911 3660 Plaut.
945 3601 1061 3652 Mil.
1084 3598 1170 3650 Gi.
1195 3596 1305 3657 ΙΙΙ,
1330 3612 1379 3652 1,
1420 3593 1564 3643 136:
1598 3613 1619 3633 ι
1638 3587 1755 3637 lon·

742 3690 938 3760 ginqua
961 3681 1119 3732 vitan.
1135 3676 1242 3729 Tit.
1270 3674 1386 3724 Liv.
1404 3672 1477 3733 V,
1506 3668 1534 3719 5
1558 3687 1570 3718 ε
1602 3693 1622 3712 ι
1638 3666 1755 3716 lon-

742 3769 971 3840 ginquus
996 3759 1229 3810 morbus.
1257 3778 1277 3798 ι·
1311 3752 1464 3818 Virg.
1495 3751 1614 3798 AEn.
1644 3746 1753 3799 111,

752 3869 772 3901 1
794 3867 812 3900 1
830 3848 857 3900 5
889 3862 901 3895 :
934 3870 955 3891 ι
973 3838 1260 3908 longinqua
1287 3842 1533 3881 vetustas.
1553 3852 1573 3871 ι
1615 3825 1681 3875 N.

829 3926 959 3993 347.
996 3919 1189 3986 Pery‘em'
1233 3912 1428 3978 Pelopis
1469 3908 1584 3957 lacer.
1629 3906 1763 3972 Aga-

756 4020 1023 4058 memnon.
1066 3988 1449 4050 Commentarii
1486 3987 1652 4036 instar
1691 3994 1767 4033 est

749 4085 945 4155 Hygia.
972 4079 1098 4131 Fab.
1121 4077 1191 4137 84
1209 4113 1225 4138 ,
1244 4084 1296 4124 et
1325 4071 1481 4121 Hom.
1506 4062 1658 4117 Iliad.
1680 4062 1733 4115 11
1751 4099 1766 4125 ‚

760 4184 860 4219 102
889 4178 1000 4235 sqq.

1885 1667 2013 1721 350.
2052 1667 2183 1735 Saep.
2208 1662 2368 1730 sateb.
2402 1671 2602 1728 gauter.
2643 1660 2693 1706 in
2718 1658 2826 1720 fun.

1808 1761 1949 1801 matr.
1969 1749 2095 1818 ipsae
2115 1756 2302 1795 matres
2321 1739 2522 1792 cedem
2540 1739 2609 1790 ab
2629 1736 2832 1788 Achille

1807 1830 2100 1881 occisorum
2141 1824 2377 1874 filiorum
2426 1820 2667 1887 lugentes
2721 1816 2835 1866 lau-

1808 1908 2012 1961 dabunt
2055 1903 2303 1956 occisoris
2342 1899 2636 1959 virtutem3
2680 1913 2837 1965 qnam

1810 1988 2038 2059 graviter
2058 1985 2070 2035 !
2095 2016 2176 2026 -—
2198 1979 2450 2033 Horatius
2471 1977 2583 2028 fere
2611 1975 2832 2027 similem

1812 2067 2095 2137 imaginem
2120 2058 2479 2121 adumbravit,
2505 2053 2611 2107 Od.
2636 2055 2746 2119 111,
2773 2072 2799 2103 2
2820 2091 2837 2116 ,

1817 2152 1848 2197 6
1866 2179 1941 2187 —
1961 2164 1979 2197 ι
1997 2165 2044 2195 2.
2079 2144 2146 2194 N.

1899 2227 1967 2277 35
1986 2244 2031 2277 r.
2059 2224 2180 2275 Cum
2200 2225 2249 2271 in
2273 2223 2443 2271 civium
2462 2236 2611 2268 canos
2635 2215 2691 2266 in
2711 2212 2842 2265 duo-

1817 2308 1915 2358 bus
1940 2303 2099 2355 MSS.
2134 2300 2302 2353 Statii.
2339 2298 2462 2350 Cum
2497 2300 2741 2348 &marm
2769 2312 2847 2342 ca·

1820 2406 1904 2436 nos
1941 2385 1993 2436 in
2027 2402 2166 2441 uno,
2197 2378 2342 2432 unde
2378 2379 2469 2430 ille
2506 2395 2614 2428 em
2654 2377 2843 2426 ἐτεσιν-νο

1822 2471 2014 2518 incertos
2048 2463 2228 2514 solvent
2258 2481 2290 2511 a
2325 2461 2509 2510 vertice
2540 2458 2711 2508 crines.
2747 2450 2848 2506 Sed

1822 2546 2049 2615 Scaliger
2072 2562 2135 2594 ex
2165 2539 2328 2593 veteri
2348 2538 2576 2592 lectione
2599 2536 2762 2605 Quum
2778 2536 2850 2583 ci-

1823 2645 1977 2677 nerem
2008 2641 2150 2674 canos
2186 2619 2310 2672 fecit
2344 2620 2509 2687 Quum
2541 2620 2694 2668 cinere
2715 2618 2852 2665 inca-

1826 2726 1925 2757 nos.
1956 2736 2035 2745 -—
2059 2705 2124 2754 In
2155 2697 2472 2771 quibusdam
2509 2715 2616 2747 cum
2656 2693 2852 2744 mlo

1827 2791 2054 2844 incanam
2077 2779 2168 2833 sed
2190 2792 2426 2832 nostram
2455 2775 2740 2829 lectionem
2763 2771 2855 2822 de·

1829 2863 1997 2917 fendit
2016 2877 2260 2914 enascens
2278 2856 2405 2910 inde
2437 2853 2691 2925 elegantia
2708 2872 2725 2916 ς
2745 2850 2855 2903 vid.

1829 2957 1941 2995 not.
1970 2942 2064 2994 inf.
2082 2940 2326 3008 —Quum
2341 2940 2555 2989 rheiner.
2575 2954 2683 2986 can.
2702 2933 2798 2983 sol.
2826 2951 2859 2980 a

1832 3036 1957 3075 vert.
1990 3025 2111 3073 crin.
2140 3019 2194 3071 h.
2231 3038 2279 3071 e.
2311 3016 2536 3087 capillos
2566 3015 2622 3066 in
2651 3010 2858 3066 nodum

1836 3104 2082 3154 collectos
2101 3100 2325 3162 solvent,
2347 3110 2404 3147 ut
2423 3095 2604 3147 cinere
2616 3109 2866 3161 consper-

1837 3195 2043 3253 gantur.
2071 3177 2196 3231 vid.
2228 3166 2452 3229 Dor-ville
2478 3171 2550 3227 ad
2576 3172 2782 3226 Charin.
2807 3188 2865 3240 p.

1843 3272 1946 3324 41⁴²
1971 3301 1986 3326 ‚
2025 3272 2076 3312 et
2118 3277 2235 3327 quae
2278 3255 2355 3308 ibi
2398 3267 2584 3307 contra
2611 3251 2866 3303 Vomium

1841 3342 2094 3412 disputat.
2122 3339 2207 3390 Cf.
2235 3337 2520 3405 Interpret.
2552 3329 2620 3385 ad
2648 3331 2866 3383 petron.

1842 3442 1888 3474 c.
1914 3421 2040 3473 CXI
2054 3457 2070 3482 ‚
2091 3416 2226 3469 adde
2244 3415 2424 3467 locum
2444 3406 2868 3465 Senecae‘I'roml.

1844 3521 1894 3553 v.
1923 3502 1998 3569 98.
2037 3517 2149 3568 sqq.
2202 3523 2224 3544 ι
2244 3495 2513 3547 Solvimus
2556 3508 2744 3544 omnes
2771 3489 2877 3540 La-

1845 3598 2026 3633 cerum
2063 3576 2231 3630 multo
2267 3575 2454 3627 {unere
2487 3572 2712 3624 crinem.
2766 3568 2876 3618 Co·

1848 3679 1934 3711 ma
1959 3656 2182 3710 demissa
2213 3666 2293 3706 est
2318 3653 2487 3705 libera
2503 3649 2651 3709 nodo
2669 3668 2685 3713 ς
2704 3648 2877 3718 Sper·

1851 3740 2017 3809 sitque
2044 3736 2176 3788 cinis
2206 3731 2443 3791 fervidus
2473 3750 2584 3784 ora.
2610 3756 2632 3776 ι

1937 3817 2004 3872 35
2019 3836 2067 3868 π.
2110 3816 2377 3885 patriaque
2419 3811 2474 3863 in
2518 3805 2886 3880 quibusdm3

1855 3897 1964 3950 vid.
1999 3896 2069 3947 N.
2108 3895 2289 3947 Heius.
2325 3892 2381 3943 in
2414 3903 2536 3942 not.
2573 3886 2647 3941 ad
2676 3886 2889 3940 Catull.

1854 4010 1933 4020 --
1959 3974 2257 4044 Puer-Idaque
2287 3974 2325 4025 i.
2359 3991 2403 4023 e.
2435 3965 2748 4039 plangendo
2770 3985 2895 4023 ma-

1855 4069 2043 4110 cerata.
2071 4054 2160 4107 Sic
2186 4051 2329 4122 apud
2360 4048 2607 4103 Curtium
2629 4086 2646 4111 ,
2682 4048 2895 4099 (ζα-ηας

1857 4133 2086 4191 ostendit
2112 4152 2342 4203 corpora
2367 4129 2598 4185 militum
2634 4152 2658 4175 ι
2680 4127 2900 4182 cicatri-
