2986 4935
943 423 1384 492 CARMEN
1452 427 1588 492 XI.

2239 426 2339 497 63

516 556 710 641 Quos
754 552 949 622 simul
987 555 1328 650 complexa
1378 570 1561 624 tenet
1591 568 1960 642 trecentOS,

521 658 797 727 Nullum
837 684 1066 730 amans
1102 652 1301 747 νετε,’
1319 661 1433 730 sed
1471 662 1832 731 identidem
1870 664 2166 732 omnium

1258 767 1380 836 Ilia
1418 793 1754 864 rumpens.
2293 817 2342 839 ,υ

516 873 661 941 Nec
708 896 929 941 meum
971 888 1330 967 respectet,
1360 888 1435 943 ut
1465 890 1653 962 ante,
1687 897 2019 962 amorem,

515 979 652 1066 Qui
693 975 864 1047 illius
906 978 1103 1073 culpa
1148 980 1417 1065 cecidit3
1447 979 1629 1050 velut
1667 984 1839 1075 prati

513 1084 751 1153 Ultimi
798 1084 954 1173 flos,
990 1101 1430 1179 praetereunte
1472 1102 1826 1182 postquam

192 1406 413 1457 verbum
436 1423 550 1456 nou
570 1424 779 1477 semper
804 1407 967 1460 fausta
988 1409 1224 1460 ominan-

195 1485 293 1548 tis,
332 1498 387 1537 at
426 1503 773 1557 quocumque
816 1485 995 1538 animo
1050 1505 1105 1539 se
1157 1490 1224 1541 ab

193 1565 370 1634 aliquo
422 1566 715 1634 separantis
759 1566 844 1618 vel
881 1584 1004 1618 cum
1053 1567 1224 1619 offen-

194 1646 356 1696 sione.
374 1642 509 1698 Vid.
540 1661 703 1697 carm.
727 1646 895 1711 vm,
936 1664 1021 1699 10.
1052 1646 1120 1698 N.
1145 1679 1225 1689 -—

199 1724 467 1794 Complata
497 1734 657 1786 tenet,
707 1725 1004 1797 eleganter:
1045 1744 1225 1779 amore

195 1823 287 1855 suo
325 1804 562 1856 irretitos
597 1801 814 1857 detinet.
838 1837 918 1849 --
941 1807 1038 1858 Ilia
1072 1811 1228 1876 rumpi

196 1882 452 1936 dicuntur
492 1884 547 1935 in
580 1901 637 1934 re
662 1903 902 1939 venerea.
935 1886 1093 1956 Prop.
1140 1888 1224 1951 11,

197 1982 283 2014 ,ιη
313 2001 331 2026 ,
396 1968 466 2025 14
508 1975 522 2009 t
571 1990 593 2009 ι
617 1966 846 2034 Rumpat
901 1979 958 2017 ut
1011 1965 1228 2018 assiduis

195 2044 436 2095 membra
456 2042 786 2096 libidinibus.
802 2044 918 2098 -Cf.
948 2045 1227 2116 Scioppius

194 2120 258 2173 ad
278 2123 408 2175 Lus.
430 2141 599 2176 carm.
629 2124 809 2176 XXII.

194 2224 201 2227 ¹
274 2220 364 2256 τι.
402 2202 691 2255 Nonnullae
725 2203 1044 2275 antiquiores
1099 2204 1225 2259 edit.

194 2296 373 2351 spectet
387 2283 528 2333 velut
545 2295 672 2335 ante.
696 2283 758 2333 In
787 2283 1022 2354 margine
1037 2284 1110 2336 St.
1132 2286 1226 2338 lib.

196 2375 345 2431 speret
362 2364 525 2415 velut.
546 2362 653 2414 Sed
672 2362 745 2415 sic
775 2362 999 2415 offendit
1028 2364 1227 2435 ingrata

194 2443 436 2514 repetitio
464 2442 733 2512 particulae
754 2443 890 2494 velut
916 2443 968 2494 in
987 2463 1117 2496 verS.
1148 2464 1223 2517 sq.

193 2524 348 2574 —Uc
369 2535 487 2573 ante
506 2541 606 2575 nec
625 2541 803 2575 meum
826 2536 996 2593 speret
1014 2523 1229 2577 duratu-

191 2621 308 2654 rum
333 2637 351 2661 ‚
388 2614 450 2654 ut
480 2614 603 2654 ante
632 2604 795 2654 multa
815 2604 1062 2673 pertulit,
1079 2623 1226 2656 amo·

191 2701 303 2734 rem
326 2699 513 2734 meum
528 2720 545 2745 ,
563 2700 720 2752 quem
735 2682 947 2752 negligit
964 2696 1020 2733 ut
1036 2682 1228 2737 deinde

194 2774 413 2832 repetat.
445 2761 574 2814 Haec
592 2762 764 2814 innuit
795 2774 1082 2832 respectare,
1114 2764 1148 2816 i.
1179 2783 1226 2817 e.

192 2842 450 2892 omissum
480 2841 534 2892 in
564 2859 790 2912 praesens
817 2855 1025 2911 tempus
1054 2856 1229 2895 tamen

194 2922 457 2990 respicere
508 2934 562 2972 et
609 2939 814 2974 servare
849 2922 1030 2973 oculis.
1061 2922 1127 2974 N.
1151 2955 1227 2964 --

194 2999 307 3053 Nec
344 3000 580 3070 amplius
619 3018 855 3053 amorem
905 3020 1084 3053 meum
1136 3021 1229 3054 cu·

193 3093 273 3131 ret
299 3120 316 3144 ‚
364 3080 463 3150 qui
523 3080 682 3149 plane
728 3099 792 3131 ex
860 3080 1040 3132 animo
1110 3101 1228 3133 meo

195 3173 420 3229 propter
448 3158 613 3230 ipsius
645 3160 1039 3212 inconstantiam
1077 3173 1126 3212 et
1153 3161 1229 3213 le-

193 3240 411 3290 vitatem
458 3238 664 3290 deletus
714 3251 763 3290 et
805 3238 1094 3291 eradicatus
1137 3254 1227 3293 est.

192 3317 357 3383 Quod
398 3319 649 3390 expressit
679 3318 1052 3388 elegantissima
1083 3338 1230 3372 com-

194 3398 472 3469 paratione
502 3398 679 3457 floris,
709 3399 801 3467 qui
830 3417 1045 3450 vomere
1073 3400 1229 3452 aratri

194 3479 431 3529 succisus
462 3478 518 3529 in
537 3491 857 3547 perpetuum
885 3477 1070 3529 florere
1095 3477 1229 3531 desi-

192 3559 291 3609 nit.
315 3557 439 3608 Non
465 3557 698 3626 neglexit
716 3556 853 3608 hanc
872 3558 1226 3610 suavissimam

192 3637 648 3708 comparationem
667 3636 721 3687 in
740 3655 851 3688 rem
868 3655 1013 3688 suam
1028 3649 1230 3689 vertere

194 3717 392 3787 virgil.
434 3720 556 3768 AEn.
596 3717 705 3778 IX,
736 3714 867 3779 435.
909 3717 1021 3768 Nec
1059 3717 1233 3769 minus

191 3797 413 3849 feliciter
438 3795 749 3858 Lotichius‚
781 3795 871 3848 lib.
895 3797 995 3858 IV,
1035 3795 1096 3861 5,
1136 3815 1229 3865 97.

198 3902 222 3922 ο
244 3876 333 3929 Sic
360 3879 499 3944 jacet
521 3914 536 3940 ,
564 3875 623 3927 in
666 3875 815 3929 culto
847 3874 945 3928 flos
985 3876 1077 3945 qui
1106 3875 1231 3927 niti·

1252 1194 1497 1262 Tactus
1541 1209 1766 1263 aratro
1808 1187 1928 1264 est.

1312 1407 1556 1460 dissimus
1574 1428 1697 1479 agro
1714 1410 1946 1461 Vomere
1960 1411 2190 1463 succisus
2208 1431 2339 1481 prae·

1313 1501 1551 1540 tereunte
1580 1487 1695 1541 fuit.
1720 1514 1742 1535 ι
1770 1489 1927 1543 Conf.
1957 1489 2124 1556 infm,
2156 1491 2334 1545 Carm.

1314 1568 1499 1631 LXII,
1540 1568 1612 1636 39
1635 1586 1745 1639 sqq.

1392 1666 1419 1699 a
1432 1666 1458 1697 α
1469 1685 1482 1698 .
1500 1648 1703 1699 Pratum
1718 1649 1931 1701 ultimum
1940 1662 2013 1701 est
2026 1647 2159 1721 prati
2174 1662 2339 1702 extre·

1314 1726 1488 1790 initas,
1508 1729 1606 1779 viae
1626 1727 1810 1780 vicina.
1834 1728 1915 1781 Cf.
1950 1727 2018 1781 ad
2044 1730 2223 1782 Carm.
2244 1731 2300 1781 ΙΙ
2318 1770 2334 1797 ,

1316 1806 1346 1858 3
1368 1845 1382 1870 ,
1401 1807 1516 1875 pari
1537 1807 1699 1859 modo
1719 1809 1968 1878 explicari
1988 1809 2202 1861 fortasse
2221 1829 2337 1878 pos-

1314 1899 1435 1938 sunt
1466 1888 1698 1954 ἐσχατιαὶ
1726 1887 1869 1958 apud
1895 1888 2337 1958 Theocrit.1dyll.

1316 1965 1483 2028 X111,
1528 1966 1631 2032 25,
1667 1980 1726 2019 ut
1757 1987 2004 2037 agrorum
2043 1969 2339 2020 extremitas

1314 2045 1661 2114 significetur,
1693 2048 1811 2098 licet
1861 2047 2008 2098 aliter
2044 2047 2229 2098 sentiat
2267 2048 2337 2100 ad

1314 2124 1368 2176 h.
1404 2125 1439 2177 l.
1469 2125 1807 2177 Casaubonus
1838 2140 1886 2177 et
1918 2126 2340 2178 Heinsterhusius

1313 2202 1379 2255 ad
1404 2204 1620 2256 Lucian.
1645 2206 1705 2256 T.
1729 2206 1757 2256 I
1774 2244 1788 2270 ,
1805 2225 1859 2276 p.
1900 2223 1919 2256 1
1936 2205 2026 2267 43.
2049 2206 2339 2258 Pascuntur

1314 2283 1453 2335 enim
1487 2304 1612 2335 oves
1647 2285 1700 2335 in
1739 2303 1989 2354 agrorum
2024 2286 2255 2355 margine
2285 2299 2336 2337 et

1314 2364 1653 2416 extremitate.

1400 2445 1491 2496 23.
1518 2443 1621 2496 Pro
1653 2445 1809 2497 ultimi
1841 2444 1895 2497 in
1919 2442 2231 2516 quibusdam
2260 2444 2336 2497 le-

1314 2524 1454 2593 gitur
1473 2525 1685 2587 ultimus,
1709 2525 1845 2576 male
1861 2543 1874 2577 :
1890 2544 1987 2595 pro
2015 2538 2167 2576 tactus
2191 2525 2338 2577 exhi-

1314 2604 1402 2654 bet
1422 2604 1636 2655 Vossius
1658 2623 1720 2655 ex
1746 2605 2091 2656 vetustissimo
2111 2606 2336 2674 exempl.

1314 2684 1523 2734 Thuan.
1546 2684 1756 2750 fractus,
1789 2682 1932 2755 quod
1958 2697 2063 2735 tam
2083 2683 2200 2735 flori
2224 2686 2341 2753 pla·

1316 2782 1381 2813 ne
1410 2765 1606 2815 succiso
1622 2802 1636 2826 ,
1658 2782 1817 2833 quam
1839 2764 1934 2834 ipsi
1962 2764 2340 2833 comparationi

1314 2844 1507 2894 amoris
1537 2843 1692 2914 plane
1713 2843 1846 2893 finiti
1874 2843 2035 2912 magis
2062 2843 2236 2894 favere
2261 2845 2337 2897 vi-

1316 2920 1489 2973 detur.
1517 2922 1774 2992 Proponit
1799 2922 1953 2973 etiam
1974 2922 2190 2973 Vossius
2211 2936 2337 2974 stra-

1319 3013 1420 3062 tus,
1452 3001 1599 3072 quod
1632 3001 1752 3053 fecit
1782 3019 1844 3051 ex
1874 3001 2086 3071 antiqua
2116 3000 2340 3055 lectione

1319 3093 1496 3132 tractus
1507 3101 1529 3142 ;
1549 3080 1638 3132 sed
1664 3081 1776 3133 haec
1794 3093 2042 3151 corrupta
2062 3080 2211 3132 lectio
2235 3100 2341 3134 ma-

1316 3162 1393 3230 gis
1411 3161 1688 3212 coufirmat
1704 3162 1759 3212 τὸ
1777 3162 1959 3224 fractus
1973 3201 1990 3222 ‚
2012 3179 2118 3211 una
2137 3172 2338 3214 tautum

1319 3253 1511 3292 mutata
1532 3240 1716 3293 littera.
1746 3241 2005 3292 Caeteruni
2035 3240 2254 3310 turpiter
2285 3241 2340 3292 in

1317 3320 1419 3371 hoc
1442 3321 1559 3372 loco
1586 3317 1917 3371 emendando
1942 3338 1995 3371 se
2016 3317 2160 3370 dedit
2185 3319 2342 3371 Hein-

1318 3400 1422 3450 sius
1461 3400 1514 3450 in
1544 3412 1653 3450 not.
1689 3397 1754 3450 ad
1789 3400 1903 3451 Cat.
1946 3418 2044 3468 pro
2075 3401 2210 3467 prati
2239 3400 2342 3470 legi

1315 3480 1507 3549 jubens
1523 3482 1704 3546 parati,
1729 3491 1896 3529 metro
1912 3517 1926 3541 ‚
1949 3491 2004 3529 ut
2025 3478 2123 3544 ait,
2144 3479 2215 3529 sic
2238 3481 2347 3531 exi·

1319 3571 1486 3627 gente.
1514 3561 1688 3609 Immo
1711 3560 1818 3627 jam
1850 3570 1924 3608 est
1951 3577 2126 3610 versus
2145 3558 2341 3629 hyper-

1319 3651 1483 3689 meter
1499 3676 1514 3702 ‚
1534 3638 1682 3707 cujus
1703 3637 1883 3688 ultima
1907 3638 1960 3688 in
1975 3641 2108 3705 prati
2124 3657 2154 3688 a
2174 3637 2343 3706 prima

1319 3718 1484 3768 vocali
1520 3717 1782 3786 sequentis
1805 3734 1983 3768 versus
2006 3717 2313 3768 absorbetur
2328 3757 2342 3781 ‚

1320 3809 1380 3849 ut
1400 3815 1528 3847 vers.
1556 3816 1577 3847 1
1590 3817 1621 3862 9
1639 3835 1654 3860 ‚
1675 3799 1878 3847 omnium
1898 3798 1994 3848 Ilia
2015 3815 2244 3866 rumpens.
2263 3797 2342 3848 En

1322 3876 1703 3929 festinationem
1735 3875 1907 3944 Magni
1934 3876 2128 3926 Heinsii
2152 3876 2164 3926 ἵ
