<?xml version="1.0" encoding="UTF-8"?>
<!DOCTYPE html PUBLIC "-//W3C//DTD XHTML 1.0 Transitional//EN"
    "http://www.w3.org/TR/xhtml1/DTD/xhtml1-transitional.dtd">
<html xmlns="http://www.w3.org/1999/xhtml" xml:lang="en" lang="en">
 <head>
  <title>
</title>
<meta http-equiv="Content-Type" content="text/html;charset=utf-8" />
  <meta name='ocr-system' content='tesseract 3.04.00' />
  <meta name='ocr-capabilities' content='ocr_page ocr_carea ocr_par ocr_line ocrx_word'/>
</head>
<body>
  <div class='ocr_page' id='page_1' title='image "./cvaleriuscatull00naudgoog_0237.png"; bbox 0 0 2986 4935; ppageno 0'>
   <div class='ocr_carea' id='block_1_1' title="bbox 293 457 1884 685">
    <p class='ocr_par' dir='ltr' id='par_1_1' title="bbox 293 457 1884 685">
     <span class='ocr_line' id='line_1_1' title="bbox 847 457 1651 527; baseline -0.001 -1"><span class='ocrx_word' id='word_1_1' title='bbox 847 457 1286 526; x_wconf 83' lang='lat' dir='ltr'><strong>CARMEN</strong></span> <span class='ocrx_word' id='word_1_2' title='bbox 1353 459 1651 527; x_wconf 85' lang='lat' dir='ltr'>LXIII.</span> 
     </span>
     <span class='ocr_line' id='line_1_2' title="bbox 293 588 1884 685; baseline 0.002 -28"><span class='ocrx_word' id='word_1_3' title='bbox 293 589 504 657; x_wconf 85' lang='lat' dir='ltr'>Abero</span> <span class='ocrx_word' id='word_1_4' title='bbox 544 588 722 673; x_wconf 87' lang='lat' dir='ltr'>f0r0‚</span> <span class='ocrx_word' id='word_1_5' title='bbox 764 589 1061 683; x_wconf 76' lang='lat' dir='ltr'>palaestra</span> <span class='ocrx_word' id='word_1_6' title='bbox 1081 644 1101 673; x_wconf 83' lang='lat'>‚</span> <span class='ocrx_word' id='word_1_7' title='bbox 1138 589 1349 658; x_wconf 85' lang='lat' dir='ltr'>stadio</span> <span class='ocrx_word' id='word_1_8' title='bbox 1379 605 1447 658; x_wconf 86' lang='lat' dir='ltr'>et</span> <span class='ocrx_word' id='word_1_9' title='bbox 1481 591 1884 685; x_wconf 83' lang='lat' dir='ltr'>gymnasiis?</span> 
     </span>
    </p>
   </div>
   <div class='ocr_carea' id='block_1_2' title="bbox 2166 488 2304 534">
    <p class='ocr_par' dir='ltr' id='par_1_2' title="bbox 2166 488 2304 534">
     <span class='ocr_line' id='line_1_3' title="bbox 2166 488 2304 534; baseline 0.029 -3"><span class='ocrx_word' id='word_1_10' title='bbox 2166 488 2304 534; x_wconf 80' lang='lat'>221</span> 
     </span>
    </p>
   </div>
   <div class='ocr_carea' id='block_1_3' title="bbox 2273 630 2325 668">
    <p class='ocr_par' dir='ltr' id='par_1_3' title="bbox 2273 630 2325 668">
     <span class='ocr_line' id='line_1_4' title="bbox 2273 630 2325 668; baseline 0 0"><span class='ocrx_word' id='word_1_11' title='bbox 2273 630 2325 668; x_wconf 81' lang='lat'>60</span> 
     </span>
    </p>
   </div>
   <div class='ocr_carea' id='block_1_4' title="bbox 291 694 2319 1214">
    <p class='ocr_par' dir='ltr' id='par_1_4' title="bbox 291 694 2319 1108">
     <span class='ocr_line' id='line_1_5' title="bbox 294 694 2314 791; baseline 0.005 -30"><span class='ocrx_word' id='word_1_12' title='bbox 294 697 487 763; x_wconf 84' lang='lat' dir='ltr'><strong>Miser</strong></span> <span class='ocrx_word' id='word_1_13' title='bbox 508 694 596 762; x_wconf 90' lang='lat' dir='ltr'>ah</span> <span class='ocrx_word' id='word_1_14' title='bbox 613 698 828 781; x_wconf 86' lang='lat' dir='ltr'>miser,</span> <span class='ocrx_word' id='word_1_15' title='bbox 841 695 1247 790; x_wconf 88' lang='lat' dir='ltr'>querendum</span> <span class='ocrx_word' id='word_1_16' title='bbox 1274 710 1374 764; x_wconf 85' lang='lat' dir='ltr'>est</span> <span class='ocrx_word' id='word_1_17' title='bbox 1396 698 1592 764; x_wconf 89' lang='lat' dir='ltr'>etiam</span> <span class='ocrx_word' id='word_1_18' title='bbox 1623 712 1820 791; x_wconf 89' lang='lat' dir='ltr'>atque</span> <span class='ocrx_word' id='word_1_19' title='bbox 1845 701 2314 785; x_wconf 85' lang='lat' dir='ltr'>etiam‚anime.</span> 
     </span>
     <span class='ocr_line' id='line_1_6' title="bbox 291 800 2319 897; baseline 0.004 -29"><span class='ocrx_word' id='word_1_20' title='bbox 291 800 484 888; x_wconf 83' lang='lat' dir='ltr'>Quod</span> <span class='ocrx_word' id='word_1_21' title='bbox 512 802 686 869; x_wconf 88' lang='lat' dir='ltr'>enim</span> <span class='ocrx_word' id='word_1_22' title='bbox 727 827 934 896; x_wconf 86' lang='lat' dir='ltr'>genus</span> <span class='ocrx_word' id='word_1_23' title='bbox 971 803 1201 897; x_wconf 83' lang='lat' dir='ltr'>figurae</span> <span class='ocrx_word' id='word_1_24' title='bbox 1235 817 1367 889; x_wconf 88' lang='lat' dir='ltr'>est,</span> <span class='ocrx_word' id='word_1_25' title='bbox 1396 827 1523 896; x_wconf 83' lang='lat' dir='ltr'>ego</span> <span class='ocrx_word' id='word_1_26' title='bbox 1556 829 1688 871; x_wconf 92' lang='lat' dir='ltr'>non</span> <span class='ocrx_word' id='word_1_27' title='bbox 1723 803 1902 896; x_wconf 91' lang='lat' dir='ltr'>quod</span> <span class='ocrx_word' id='word_1_28' title='bbox 1930 805 2319 877; x_wconf 80' lang='lat' dir='ltr'>habuerim?</span> 
     </span>
     <span class='ocr_line' id='line_1_7' title="bbox 294 907 2212 1006; baseline 0.004 -32"><span class='ocrx_word' id='word_1_29' title='bbox 294 909 430 1000; x_wconf 84' lang='lat' dir='ltr'>Ego</span> <span class='ocrx_word' id='word_1_30' title='bbox 464 907 710 1000; x_wconf 86' lang='lat' dir='ltr'>puber,</span> <span class='ocrx_word' id='word_1_31' title='bbox 740 933 865 1003; x_wconf 85' lang='lat' dir='ltr'>ego</span> <span class='ocrx_word' id='word_1_32' title='bbox 900 907 1312 993; x_wconf 75' lang='lat' dir='ltr'>adolescenS,</span> <span class='ocrx_word' id='word_1_33' title='bbox 1342 934 1468 1004; x_wconf 88' lang='lat' dir='ltr'>ego</span> <span class='ocrx_word' id='word_1_34' title='bbox 1502 909 1830 1002; x_wconf 81' lang='lat' dir='ltr'><strong>ephebus,</strong></span> <span class='ocrx_word' id='word_1_35' title='bbox 1862 935 1986 1005; x_wconf 87' lang='lat' dir='ltr'>ego</span> <span class='ocrx_word' id='word_1_36' title='bbox 2024 938 2212 1006; x_wconf 87' lang='lat' dir='ltr'>puer,</span> 
     </span>
     <span class='ocr_line' id='line_1_8' title="bbox 293 1013 1897 1108; baseline 0.003 -29"><span class='ocrx_word' id='word_1_37' title='bbox 293 1015 431 1105; x_wconf 88' lang='lat' dir='ltr'>Ego</span> <span class='ocrx_word' id='word_1_38' title='bbox 463 1016 783 1107; x_wconf 85' lang='lat' dir='ltr'>gymnasii</span> <span class='ocrx_word' id='word_1_39' title='bbox 822 1014 917 1082; x_wconf 89' lang='lat' dir='ltr'>fui</span> <span class='ocrx_word' id='word_1_40' title='bbox 950 1014 1108 1099; x_wconf 88' lang='lat' dir='ltr'>flos,</span> <span class='ocrx_word' id='word_1_41' title='bbox 1141 1040 1265 1108; x_wconf 88' lang='lat' dir='ltr'>ego</span> <span class='ocrx_word' id='word_1_42' title='bbox 1298 1039 1475 1082; x_wconf 88' lang='lat' dir='ltr'>eram</span> <span class='ocrx_word' id='word_1_43' title='bbox 1510 1013 1711 1083; x_wconf 87' lang='lat' dir='ltr'>decus</span> <span class='ocrx_word' id='word_1_44' title='bbox 1747 1014 1897 1084; x_wconf 89' lang='lat' dir='ltr'>olei.</span> 
     </span>
    </p>

    <p class='ocr_par' dir='ltr' id='par_1_5' title="bbox 293 1118 2314 1214">
     <span class='ocr_line' id='line_1_9' title="bbox 293 1118 2314 1214; baseline 0.007 -30"><span class='ocrx_word' id='word_1_45' title='bbox 293 1118 454 1187; x_wconf 87' lang='lat' dir='ltr'>Mihi</span> <span class='ocrx_word' id='word_1_46' title='bbox 493 1119 713 1210; x_wconf 84' lang='lat' dir='ltr'>januae</span> <span class='ocrx_word' id='word_1_47' title='bbox 749 1120 1167 1214; x_wconf 71' lang='lat' dir='ltr'>frequentes,</span> <span class='ocrx_word' id='word_1_48' title='bbox 1211 1120 1369 1187; x_wconf 88' lang='lat' dir='ltr'>mihi</span> <span class='ocrx_word' id='word_1_49' title='bbox 1408 1119 1632 1189; x_wconf 85' lang='lat' dir='ltr'>limina</span> <span class='ocrx_word' id='word_1_50' title='bbox 1668 1121 1920 1214; x_wconf 88' lang='lat' dir='ltr'>tepida,</span> <span class='ocrx_word' id='word_1_51' title='bbox 2261 1159 2314 1198; x_wconf 66' lang='lat' dir='ltr'>es</span> 
     </span>
    </p>
   </div>
   <div class='ocr_carea' id='block_1_5' title="bbox 182 1330 1215 4185">
    <p class='ocr_par' dir='ltr' id='par_1_6' title="bbox 193 1330 1207 2595">
     <span class='ocr_line' id='line_1_10' title="bbox 269 1330 1202 1402; baseline 0 -20"><span class='ocrx_word' id='word_1_52' title='bbox 269 1333 352 1382; x_wconf 85' lang='lat'><strong>60.</strong></span> <span class='ocrx_word' id='word_1_53' title='bbox 380 1330 542 1402; x_wconf 75' lang='lat' dir='ltr'>Atque</span> <span class='ocrx_word' id='word_1_54' title='bbox 566 1335 835 1401; x_wconf 70' lang='lat' dir='ltr'>gymnasiis</span> <span class='ocrx_word' id='word_1_55' title='bbox 864 1331 1022 1383; x_wconf 81' lang='lat' dir='ltr'>metri</span> <span class='ocrx_word' id='word_1_56' title='bbox 1048 1349 1202 1383; x_wconf 83' lang='lat' dir='ltr'>causa</span> 
     </span>
     <span class='ocr_line' id='line_1_11' title="bbox 198 1410 1204 1483; baseline 0.001 -23"><span class='ocrx_word' id='word_1_57' title='bbox 198 1410 444 1463; x_wconf 70' lang='lat' dir='ltr'>Aventius.</span> <span class='ocrx_word' id='word_1_58' title='bbox 498 1442 579 1452; x_wconf 91' lang='lat'>—</span> <span class='ocrx_word' id='word_1_59' title='bbox 622 1410 885 1483; x_wconf 74' lang='lat' dir='ltr'>Seadc‘oque</span> <span class='ocrx_word' id='word_1_60' title='bbox 936 1414 1204 1483; x_wconf 64' lang='lat' dir='ltr'>gymnasiis</span> 
     </span>
     <span class='ocr_line' id='line_1_12' title="bbox 193 1489 1203 1561; baseline 0.002 -21"><span class='ocrx_word' id='word_1_61' title='bbox 193 1489 556 1542; x_wconf 78' lang='lat' dir='ltr'>alii.--Prima</span> <span class='ocrx_word' id='word_1_62' title='bbox 586 1491 640 1542; x_wconf 88' lang='lat' dir='ltr'>in</span> <span class='ocrx_word' id='word_1_63' title='bbox 670 1492 959 1561; x_wconf 76' lang='lat' dir='ltr'>gymnasiis,</span> <span class='ocrx_word' id='word_1_64' title='bbox 995 1504 1203 1543; x_wconf 83' lang='lat' dir='ltr'>extrusa</span> 
     </span>
     <span class='ocr_line' id='line_1_13' title="bbox 195 1569 1203 1641; baseline 0.003 -24"><span class='ocrx_word' id='word_1_65' title='bbox 195 1569 329 1622; x_wconf 77' lang='lat' dir='ltr'>litera</span> <span class='ocrx_word' id='word_1_66' title='bbox 366 1589 442 1631; x_wconf 65' lang='lat' dir='ltr'>a,</span> <span class='ocrx_word' id='word_1_67' title='bbox 475 1570 785 1640; x_wconf 87' lang='lat' dir='ltr'>corripitur,</span> <span class='ocrx_word' id='word_1_68' title='bbox 822 1584 878 1622; x_wconf 87' lang='lat' dir='ltr'>ut</span> <span class='ocrx_word' id='word_1_69' title='bbox 917 1570 972 1620; x_wconf 89' lang='lat' dir='ltr'>in</span> <span class='ocrx_word' id='word_1_70' title='bbox 1016 1582 1203 1641; x_wconf 71' lang='lat' dir='ltr'>tympa-</span> 
     </span>
     <span class='ocr_line' id='line_1_14' title="bbox 194 1647 1199 1721; baseline 0.002 -23"><span class='ocrx_word' id='word_1_71' title='bbox 194 1667 288 1698; x_wconf 78' lang='lat' dir='ltr'>num</span> <span class='ocrx_word' id='word_1_72' title='bbox 321 1667 368 1701; x_wconf 83' lang='lat' dir='ltr'><strong>v.</strong></span> <span class='ocrx_word' id='word_1_73' title='bbox 413 1651 466 1701; x_wconf 86' lang='lat'><strong>8.</strong></span> <span class='ocrx_word' id='word_1_74' title='bbox 504 1647 595 1702; x_wconf 84' lang='lat' dir='ltr'>Sic</span> <span class='ocrx_word' id='word_1_75' title='bbox 627 1649 684 1701; x_wconf 88' lang='lat' dir='ltr'>in</span> <span class='ocrx_word' id='word_1_76' title='bbox 710 1652 930 1719; x_wconf 78' lang='lat' dir='ltr'><strong><em>Progne,</em></strong></span> <span class='ocrx_word' id='word_1_77' title='bbox 962 1650 1162 1721; x_wconf 56' lang='lat' dir='ltr'>Cygnus</span> <span class='ocrx_word' id='word_1_78' title='bbox 1185 1690 1199 1712; x_wconf 87' lang='lat'>‚</span> 
     </span>
     <span class='ocr_line' id='line_1_15' title="bbox 199 1726 1203 1798; baseline 0.004 -20"><span class='ocrx_word' id='word_1_79' title='bbox 199 1728 520 1798; x_wconf 73' lang='lat' dir='ltr'><em>Clytemestra</em></span> <span class='ocrx_word' id='word_1_80' title='bbox 546 1740 600 1780; x_wconf 89' lang='lat' dir='ltr'>et</span> <span class='ocrx_word' id='word_1_81' title='bbox 628 1729 756 1781; x_wconf 83' lang='lat' dir='ltr'>aliis.</span> <span class='ocrx_word' id='word_1_82' title='bbox 782 1726 988 1780; x_wconf 80' lang='lat' dir='ltr'>-Vid.</span> <span class='ocrx_word' id='word_1_83' title='bbox 1021 1730 1203 1782; x_wconf 82' lang='lat' dir='ltr'>Heius.</span> 
     </span>
     <span class='ocr_line' id='line_1_16' title="bbox 195 1805 1203 1877; baseline 0.002 -20"><span class='ocrx_word' id='word_1_84' title='bbox 195 1805 251 1857; x_wconf 75' lang='lat' dir='ltr'>ad</span> <span class='ocrx_word' id='word_1_85' title='bbox 271 1806 419 1860; x_wconf 78' lang='lat' dir='ltr'>ovid.</span> <span class='ocrx_word' id='word_1_86' title='bbox 449 1808 585 1860; x_wconf 83' lang='lat' dir='ltr'>Fast.</span> <span class='ocrx_word' id='word_1_87' title='bbox 609 1808 684 1869; x_wconf 78' lang='lat' dir='ltr'>V,</span> <span class='ocrx_word' id='word_1_88' title='bbox 713 1827 745 1877; x_wconf 91' lang='lat'><em>9</em></span> <span class='ocrx_word' id='word_1_89' title='bbox 762 1847 776 1872; x_wconf 86' lang='lat'>,</span> <span class='ocrx_word' id='word_1_90' title='bbox 794 1821 846 1860; x_wconf 87' lang='lat' dir='ltr'>et</span> <span class='ocrx_word' id='word_1_91' title='bbox 870 1808 1172 1860; x_wconf 84' lang='lat' dir='ltr'>Metam.VI</span> <span class='ocrx_word' id='word_1_92' title='bbox 1189 1847 1203 1871; x_wconf 85' lang='lat'>,</span> 
     </span>
     <span class='ocr_line' id='line_1_17' title="bbox 197 1886 1202 1958; baseline 0.001 -20"><span class='ocrx_word' id='word_1_93' title='bbox 197 1889 580 1951; x_wconf 75' lang='lat' dir='ltr'><strong>468.-Foro‚</strong></span> <span class='ocrx_word' id='word_1_94' title='bbox 629 1888 721 1939; x_wconf 89' lang='lat' dir='ltr'>ubi</span> <span class='ocrx_word' id='word_1_95' title='bbox 766 1888 980 1958; x_wconf 85' lang='lat' dir='ltr'>ingenui</span> <span class='ocrx_word' id='word_1_96' title='bbox 1023 1886 1202 1940; x_wconf 82' lang='lat' dir='ltr'>adole·</span> 
     </span>
     <span class='ocr_line' id='line_1_18' title="bbox 194 1967 1204 2038; baseline 0.002 -22"><span class='ocrx_word' id='word_1_97' title='bbox 194 1979 373 2018; x_wconf 80' lang='lat' dir='ltr'>scentes</span> <span class='ocrx_word' id='word_1_98' title='bbox 428 1985 551 2019; x_wconf 88' lang='lat' dir='ltr'>cum</span> <span class='ocrx_word' id='word_1_99' title='bbox 618 1968 908 2038; x_wconf 72' lang='lat' dir='ltr'>aequalibus</span> <span class='ocrx_word' id='word_1_100' title='bbox 972 1967 1164 2019; x_wconf 83' lang='lat' dir='ltr'>versari</span> <span class='ocrx_word' id='word_1_101' title='bbox 1189 2005 1204 2030; x_wconf 93' lang='lat'><strong><em>‚</em></strong></span> 
     </span>
     <span class='ocr_line' id='line_1_19' title="bbox 193 2043 1205 2117; baseline 0.004 -24"><span class='ocrx_word' id='word_1_102' title='bbox 193 2043 317 2097; x_wconf 80' lang='lat' dir='ltr'>ludis</span> <span class='ocrx_word' id='word_1_103' title='bbox 359 2046 658 2099; x_wconf 78' lang='lat' dir='ltr'>forensibus</span> <span class='ocrx_word' id='word_1_104' title='bbox 712 2065 932 2117; x_wconf 82' lang='lat' dir='ltr'>operam</span> <span class='ocrx_word' id='word_1_105' title='bbox 978 2045 1106 2098; x_wconf 84' lang='lat' dir='ltr'>dare</span> <span class='ocrx_word' id='word_1_106' title='bbox 1154 2058 1205 2098; x_wconf 88' lang='lat' dir='ltr'>et</span> 
     </span>
     <span class='ocr_line' id='line_1_20' title="bbox 193 2123 1204 2178; baseline 0.001 -3"><span class='ocrx_word' id='word_1_107' title='bbox 193 2123 281 2177; x_wconf 78' lang='lat' dir='ltr'>alia</span> <span class='ocrx_word' id='word_1_108' title='bbox 299 2125 456 2178; x_wconf 69' lang='lat' dir='ltr'>animi</span> <span class='ocrx_word' id='word_1_109' title='bbox 485 2144 642 2178; x_wconf 83' lang='lat' dir='ltr'>causa</span> <span class='ocrx_word' id='word_1_110' title='bbox 665 2125 837 2178; x_wconf 83' lang='lat' dir='ltr'>facere</span> <span class='ocrx_word' id='word_1_111' title='bbox 868 2126 1204 2178; x_wconf 82' lang='lat' dir='ltr'>solebant.—</span> 
     </span>
     <span class='ocr_line' id='line_1_21' title="bbox 194 2203 1204 2276; baseline 0.001 -22"><span class='ocrx_word' id='word_1_112' title='bbox 194 2203 266 2256; x_wconf 80' lang='lat' dir='ltr'>sic</span> <span class='ocrx_word' id='word_1_113' title='bbox 289 2205 393 2257; x_wconf 78' lang='lat' dir='ltr'>loca</span> <span class='ocrx_word' id='word_1_114' title='bbox 413 2207 573 2276; x_wconf 82' lang='lat' dir='ltr'>vulgo</span> <span class='ocrx_word' id='word_1_115' title='bbox 590 2206 854 2258; x_wconf 84' lang='lat' dir='ltr'>celebrata</span> <span class='ocrx_word' id='word_1_116' title='bbox 882 2203 1019 2276; x_wconf 80' lang='lat' dir='ltr'>apud</span> <span class='ocrx_word' id='word_1_117' title='bbox 1044 2206 1204 2255; x_wconf 87' lang='lat' dir='ltr'>Vete-</span> 
     </span>
     <span class='ocr_line' id='line_1_22' title="bbox 193 2283 1206 2343; baseline 0.001 -9"><span class='ocrx_word' id='word_1_118' title='bbox 193 2299 266 2334; x_wconf 76' lang='lat' dir='ltr'>res</span> <span class='ocrx_word' id='word_1_119' title='bbox 283 2317 299 2343; x_wconf 86' lang='lat'>‚</span> <span class='ocrx_word' id='word_1_120' title='bbox 355 2284 569 2338; x_wconf 78' lang='lat' dir='ltr'>Plautus</span> <span class='ocrx_word' id='word_1_121' title='bbox 634 2297 908 2337; x_wconf 76' lang='lat' dir='ltr'>enumerat</span> <span class='ocrx_word' id='word_1_122' title='bbox 935 2303 948 2337; x_wconf 73' lang='grc' dir='ltr'>ε</span> <span class='ocrx_word' id='word_1_123' title='bbox 972 2307 992 2328; x_wconf 70' lang='lat'>⁸</span> <span class='ocrx_word' id='word_1_124' title='bbox 1015 2283 1206 2336; x_wconf 86' lang='lat' dir='ltr'>Omnis</span> 
     </span>
     <span class='ocr_line' id='line_1_23' title="bbox 195 2363 1207 2435; baseline 0 -22"><span class='ocrx_word' id='word_1_125' title='bbox 195 2363 369 2431; x_wconf 79' lang='lat' dir='ltr'>plateas</span> <span class='ocrx_word' id='word_1_126' title='bbox 385 2365 691 2435; x_wconf 82' lang='lat' dir='ltr'>perreptavi</span> <span class='ocrx_word' id='word_1_127' title='bbox 705 2404 720 2430; x_wconf 87' lang='lat'>,</span> <span class='ocrx_word' id='word_1_128' title='bbox 733 2365 1004 2435; x_wconf 76' lang='lat' dir='ltr'>gymnasia</span> <span class='ocrx_word' id='word_1_129' title='bbox 1026 2376 1079 2416; x_wconf 85' lang='lat' dir='ltr'>et</span> <span class='ocrx_word' id='word_1_130' title='bbox 1094 2381 1207 2434; x_wconf 80' lang='lat' dir='ltr'>my·</span> 
     </span>
     <span class='ocr_line' id='line_1_24' title="bbox 195 2442 1205 2516; baseline 0.003 -24"><span class='ocrx_word' id='word_1_131' title='bbox 195 2443 413 2512; x_wconf 72' lang='lat' dir='ltr'>mp01i23</span> <span class='ocrx_word' id='word_1_132' title='bbox 454 2442 599 2515; x_wconf 83' lang='lat' dir='ltr'>apud</span> <span class='ocrx_word' id='word_1_133' title='bbox 638 2443 936 2516; x_wconf 86' lang='lat' dir='ltr'>emporium</span> <span class='ocrx_word' id='word_1_134' title='bbox 966 2458 1125 2514; x_wconf 82' lang='lat' dir='ltr'>atque</span> <span class='ocrx_word' id='word_1_135' title='bbox 1150 2443 1205 2495; x_wconf 88' lang='lat' dir='ltr'>in</span> 
     </span>
     <span class='ocr_line' id='line_1_25' title="bbox 195 2522 1203 2595; baseline 0.002 -21"><span class='ocrx_word' id='word_1_136' title='bbox 195 2524 417 2588; x_wconf 79' lang='lat' dir='ltr'>macello,</span> <span class='ocrx_word' id='word_1_137' title='bbox 444 2523 501 2576; x_wconf 87' lang='lat' dir='ltr'>iu</span> <span class='ocrx_word' id='word_1_138' title='bbox 529 2525 771 2595; x_wconf 77' lang='lat' dir='ltr'>palaestra</span> <span class='ocrx_word' id='word_1_139' title='bbox 794 2537 845 2576; x_wconf 90' lang='lat' dir='ltr'>et</span> <span class='ocrx_word' id='word_1_140' title='bbox 874 2524 925 2575; x_wconf 91' lang='lat' dir='ltr'>in</span> <span class='ocrx_word' id='word_1_141' title='bbox 945 2524 1115 2575; x_wconf 75' lang='lat' dir='ltr'>foro.»</span> <span class='ocrx_word' id='word_1_142' title='bbox 1135 2522 1203 2576; x_wconf 84' lang='lat' dir='ltr'><strong>N.</strong></span> 
     </span>
    </p>

    <p class='ocr_par' dir='ltr' id='par_1_7' title="bbox 182 2602 1215 4185">
     <span class='ocr_line' id='line_1_26' title="bbox 261 2602 1204 2675; baseline -0.001 -20"><span class='ocrx_word' id='word_1_143' title='bbox 261 2608 347 2655; x_wconf 77' lang='lat'><strong>62.</strong></span> <span class='ocrx_word' id='word_1_144' title='bbox 395 2605 513 2673; x_wconf 70' lang='lat' dir='ltr'>Ego</span> <span class='ocrx_word' id='word_1_145' title='bbox 553 2623 657 2654; x_wconf 82' lang='lat' dir='ltr'>non</span> <span class='ocrx_word' id='word_1_146' title='bbox 701 2604 833 2675; x_wconf 83' lang='lat' dir='ltr'>quod</span> <span class='ocrx_word' id='word_1_147' title='bbox 872 2604 1077 2654; x_wconf 67' lang='lat' dir='ltr'>haberem</span> <span class='ocrx_word' id='word_1_148' title='bbox 1121 2602 1204 2654; x_wconf 84' lang='lat' dir='ltr'>vel</span> 
     </span>
     <span class='ocr_line' id='line_1_27' title="bbox 188 2682 1212 2755; baseline 0.004 -25"><span class='ocrx_word' id='word_1_149' title='bbox 188 2684 400 2755; x_wconf 71' lang='lat' dir='ltr'>›eumquid</span> <span class='ocrx_word' id='word_1_150' title='bbox 433 2684 637 2735; x_wconf 72' lang='lat' dir='ltr'>abiet-lm</span> <span class='ocrx_word' id='word_1_151' title='bbox 659 2723 675 2745; x_wconf 85' lang='lat'>‚</span> <span class='ocrx_word' id='word_1_152' title='bbox 710 2684 792 2735; x_wconf 82' lang='lat' dir='ltr'>vel</span> <span class='ocrx_word' id='word_1_153' title='bbox 827 2702 917 2751; x_wconf 77' lang='lat' dir='ltr'>ego</span> <span class='ocrx_word' id='word_1_154' title='bbox 956 2702 1049 2733; x_wconf 83' lang='lat' dir='ltr'>non</span> <span class='ocrx_word' id='word_1_155' title='bbox 1092 2682 1212 2752; x_wconf 77' lang='lat' dir='ltr'>quid</span> 
     </span>
     <span class='ocr_line' id='line_1_28' title="bbox 190 2761 1206 2816; baseline 0.003 -6"><span class='ocrx_word' id='word_1_156' title='bbox 190 2762 366 2815; x_wconf 72' lang='lat' dir='ltr'>abierim</span> <span class='ocrx_word' id='word_1_157' title='bbox 399 2763 548 2816; x_wconf 75' lang='lat' dir='ltr'><strong>MSS.</strong></span> <span class='ocrx_word' id='word_1_158' title='bbox 599 2770 726 2815; x_wconf 82' lang='lat' dir='ltr'>stat.</span> <span class='ocrx_word' id='word_1_159' title='bbox 766 2763 910 2815; x_wconf 87' lang='lat' dir='ltr'>unde</span> <span class='ocrx_word' id='word_1_160' title='bbox 959 2762 1048 2814; x_wconf 83' lang='lat' dir='ltr'>ille</span> <span class='ocrx_word' id='word_1_161' title='bbox 1091 2761 1206 2813; x_wconf 79' lang='lat' dir='ltr'>vult</span> 
     </span>
     <span class='ocr_line' id='line_1_29' title="bbox 191 2839 1204 2915; baseline 0.001 -23"><span class='ocrx_word' id='word_1_162' title='bbox 191 2861 268 2909; x_wconf 69' lang='lat' dir='ltr'>ego</span> <span class='ocrx_word' id='word_1_163' title='bbox 295 2843 522 2915; x_wconf 73' lang='lat' dir='ltr'>numquid</span> <span class='ocrx_word' id='word_1_164' title='bbox 546 2843 762 2895; x_wconf 78' lang='lat' dir='ltr'>obierim.</span> <span class='ocrx_word' id='word_1_165' title='bbox 792 2844 855 2894; x_wconf 91' lang='lat' dir='ltr'>In</span> <span class='ocrx_word' id='word_1_166' title='bbox 881 2839 1204 2894; x_wconf 86' lang='lat' dir='ltr'>edit.Venet.</span> 
     </span>
     <span class='ocr_line' id='line_1_30' title="bbox 190 2920 1203 2992; baseline 0.001 -21"><span class='ocrx_word' id='word_1_167' title='bbox 190 2920 382 2992; x_wconf 81' lang='lat' dir='ltr'>Gryph.</span> <span class='ocrx_word' id='word_1_168' title='bbox 443 2923 534 2975; x_wconf 86' lang='lat' dir='ltr'>hic</span> <span class='ocrx_word' id='word_1_169' title='bbox 595 2940 774 2974; x_wconf 82' lang='lat' dir='ltr'>versus</span> <span class='ocrx_word' id='word_1_170' title='bbox 828 2921 1019 2991; x_wconf 84' lang='lat' dir='ltr'>legitur</span> <span class='ocrx_word' id='word_1_171' title='bbox 1074 2920 1149 2972; x_wconf 90' lang='lat' dir='ltr'>sic</span> <span class='ocrx_word' id='word_1_172' title='bbox 1189 2937 1203 2972; x_wconf 90' lang='lat'><strong>:</strong></span> 
     </span>
     <span class='ocr_line' id='line_1_31' title="bbox 197 2998 1205 3071; baseline -0.005 -16"><span class='ocrx_word' id='word_1_173' title='bbox 197 3001 382 3065; x_wconf 84' lang='lat' dir='ltr'>·Qu0d</span> <span class='ocrx_word' id='word_1_174' title='bbox 422 3004 571 3055; x_wconf 88' lang='lat' dir='ltr'>enim</span> <span class='ocrx_word' id='word_1_175' title='bbox 622 3001 831 3071; x_wconf 73' lang='lat' dir='ltr'>genus?</span> <span class='ocrx_word' id='word_1_176' title='bbox 875 3002 1041 3071; x_wconf 84' lang='lat' dir='ltr'>figura</span> <span class='ocrx_word' id='word_1_177' title='bbox 1089 2998 1205 3051; x_wconf 83' lang='lat' dir='ltr'>est?</span> 
     </span>
     <span class='ocr_line' id='line_1_32' title="bbox 189 3079 1209 3153; baseline -0.002 -21"><span class='ocrx_word' id='word_1_178' title='bbox 189 3098 277 3151; x_wconf 72' lang='lat' dir='ltr'>ego</span> <span class='ocrx_word' id='word_1_179' title='bbox 304 3080 570 3153; x_wconf 78' lang='lat' dir='ltr'>numquid</span> <span class='ocrx_word' id='word_1_180' title='bbox 601 3080 903 3133; x_wconf 78' lang='lat' dir='ltr'>abierim?»</span> <span class='ocrx_word' id='word_1_181' title='bbox 939 3097 1100 3150; x_wconf 82' lang='lat' dir='ltr'>quam</span> <span class='ocrx_word' id='word_1_182' title='bbox 1139 3079 1209 3130; x_wconf 88' lang='lat' dir='ltr'>le·</span> 
     </span>
     <span class='ocr_line' id='line_1_33' title="bbox 190 3159 1205 3231; baseline -0.002 -19"><span class='ocrx_word' id='word_1_183' title='bbox 190 3160 401 3214; x_wconf 81' lang='lat' dir='ltr'>ctionem</span> <span class='ocrx_word' id='word_1_184' title='bbox 427 3161 664 3214; x_wconf 73' lang='lat' dir='ltr'>servavit</span> <span class='ocrx_word' id='word_1_185' title='bbox 692 3178 908 3231; x_wconf 88' lang='lat' dir='ltr'>quoque</span> <span class='ocrx_word' id='word_1_186' title='bbox 946 3159 1205 3214; x_wconf 82' lang='lat' dir='ltr'>Werthe·</span> 
     </span>
     <span class='ocr_line' id='line_1_34' title="bbox 190 3239 1200 3312; baseline -0.002 -21"><span class='ocrx_word' id='word_1_187' title='bbox 190 3239 321 3303; x_wconf 59' lang='lat' dir='ltr'>niun</span> <span class='ocrx_word' id='word_1_188' title='bbox 357 3260 464 3312; x_wconf 85' lang='lat' dir='ltr'>quo</span> <span class='ocrx_word' id='word_1_189' title='bbox 511 3243 673 3312; x_wconf 85' lang='lat' dir='ltr'>jure,</span> <span class='ocrx_word' id='word_1_190' title='bbox 718 3260 826 3292; x_wconf 87' lang='lat' dir='ltr'>non</span> <span class='ocrx_word' id='word_1_191' title='bbox 861 3239 1106 3292; x_wconf 82' lang='lat' dir='ltr'>dixerim.</span> <span class='ocrx_word' id='word_1_192' title='bbox 1131 3270 1200 3280; x_wconf 90' lang='lat'>—-</span> 
     </span>
     <span class='ocr_line' id='line_1_35' title="bbox 192 3318 1209 3390; baseline -0.005 -18"><span class='ocrx_word' id='word_1_193' title='bbox 192 3318 329 3385; x_wconf 69' lang='lat' dir='ltr'>Quod</span> <span class='ocrx_word' id='word_1_194' title='bbox 367 3326 490 3373; x_wconf 78' lang='lat' dir='ltr'>enim</span> <span class='ocrx_word' id='word_1_195' title='bbox 543 3339 702 3390; x_wconf 76' lang='lat' dir='ltr'>genus</span> <span class='ocrx_word' id='word_1_196' title='bbox 730 3319 916 3389; x_wconf 78' lang='lat' dir='ltr'>figura·</span> <span class='ocrx_word' id='word_1_197' title='bbox 945 3331 1016 3370; x_wconf 80' lang='lat' dir='ltr'>est</span> <span class='ocrx_word' id='word_1_198' title='bbox 1034 3326 1063 3369; x_wconf 68' lang='grc' dir='ltr'><em>Ρ</em></span> <span class='ocrx_word' id='word_1_199' title='bbox 1094 3318 1209 3368; x_wconf 73' lang='lat' dir='ltr'>milei</span> 
     </span>
     <span class='ocr_line' id='line_1_36' title="bbox 189 3400 1206 3468; baseline -0.002 -18"><span class='ocrx_word' id='word_1_200' title='bbox 189 3418 273 3468; x_wconf 77' lang='lat' dir='ltr'>quo</span> <span class='ocrx_word' id='word_1_201' title='bbox 295 3403 440 3468; x_wconf 80' lang='lat' dir='ltr'>vigor</span> <span class='ocrx_word' id='word_1_202' title='bbox 459 3401 588 3452; x_wconf 71' lang='lat' dir='ltr'>abiit</span> <span class='ocrx_word' id='word_1_203' title='bbox 603 3408 632 3450; x_wconf 68' lang='grc' dir='ltr'><strong><em>Ρ</em></strong></span> <span class='ocrx_word' id='word_1_204' title='bbox 656 3400 847 3451; x_wconf 87' lang='lat' dir='ltr'>Muret.</span> <span class='ocrx_word' id='word_1_205' title='bbox 868 3431 949 3441; x_wconf 92' lang='lat'>—-</span> <span class='ocrx_word' id='word_1_206' title='bbox 967 3400 1083 3466; x_wconf 79' lang='lat' dir='ltr'>Ego</span> <span class='ocrx_word' id='word_1_207' title='bbox 1112 3417 1206 3449; x_wconf 81' lang='lat' dir='ltr'>non</span> 
     </span>
     <span class='ocr_line' id='line_1_37' title="bbox 189 3478 1213 3548; baseline -0.003 -18"><span class='ocrx_word' id='word_1_208' title='bbox 189 3480 308 3546; x_wconf 76' lang='lat' dir='ltr'>quod</span> <span class='ocrx_word' id='word_1_209' title='bbox 336 3481 539 3533; x_wconf 74' lang='lat' dir='ltr'>adierim</span> <span class='ocrx_word' id='word_1_210' title='bbox 556 3487 590 3530; x_wconf 73' lang='grc' dir='ltr'>ι)</span> <span class='ocrx_word' id='word_1_211' title='bbox 622 3480 774 3532; x_wconf 85' lang='lat' dir='ltr'><strong>Voss.</strong></span> <span class='ocrx_word' id='word_1_212' title='bbox 818 3509 894 3519; x_wconf 89' lang='lat'>-</span> <span class='ocrx_word' id='word_1_213' title='bbox 925 3480 1043 3548; x_wconf 75' lang='lat' dir='ltr'>Ego</span> <span class='ocrx_word' id='word_1_214' title='bbox 1082 3478 1213 3547; x_wconf 82' lang='lat' dir='ltr'>quod</span> 
     </span>
     <span class='ocr_line' id='line_1_38' title="bbox 188 3557 1209 3612; baseline -0.001 -2"><span class='ocrx_word' id='word_1_215' title='bbox 188 3576 272 3610; x_wconf 72' lang='lat' dir='ltr'>uon</span> <span class='ocrx_word' id='word_1_216' title='bbox 297 3560 540 3612; x_wconf 69' lang='lat' dir='ltr'>bahem-im</span> <span class='ocrx_word' id='word_1_217' title='bbox 576 3558 629 3611; x_wconf 86' lang='lat' dir='ltr'>in</span> <span class='ocrx_word' id='word_1_218' title='bbox 656 3557 784 3611; x_wconf 88' lang='lat' dir='ltr'>edit.</span> <span class='ocrx_word' id='word_1_219' title='bbox 816 3557 990 3610; x_wconf 65' lang='grc' dir='ltr'><strong>(ἔκ-ων.</strong></span> <span class='ocrx_word' id='word_1_220' title='bbox 1028 3570 1209 3610; x_wconf 77' lang='lat' dir='ltr'>contra</span> 
     </span>
     <span class='ocr_line' id='line_1_39' title="bbox 187 3635 1206 3706; baseline -0.002 -18"><span class='ocrx_word' id='word_1_221' title='bbox 187 3652 402 3692; x_wconf 79' lang='lat' dir='ltr'>mettum</span> <span class='ocrx_word' id='word_1_222' title='bbox 426 3640 442 3691; x_wconf 72' lang='lat' dir='ltr'>l</span> <span class='ocrx_word' id='word_1_223' title='bbox 470 3670 555 3681; x_wconf 93' lang='lat'>--</span> <span class='ocrx_word' id='word_1_224' title='bbox 590 3640 814 3706; x_wconf 79' lang='lat' dir='ltr'>Quonam</span> <span class='ocrx_word' id='word_1_225' title='bbox 846 3639 960 3689; x_wconf 70' lang='lat' dir='ltr'>mihi</span> <span class='ocrx_word' id='word_1_226' title='bbox 982 3650 1120 3688; x_wconf 80' lang='lat' dir='ltr'>vetus</span> <span class='ocrx_word' id='word_1_227' title='bbox 1132 3635 1206 3704; x_wconf 87' lang='lat' dir='ltr'>fi-</span> 
     </span>
     <span class='ocr_line' id='line_1_40' title="bbox 183 3714 1207 3791; baseline -0.003 -22"><span class='ocrx_word' id='word_1_228' title='bbox 183 3734 298 3782; x_wconf 72' lang='lat' dir='ltr'>gun</span> <span class='ocrx_word' id='word_1_229' title='bbox 316 3758 332 3778; x_wconf 83' lang='lat'><strong>.</strong></span> <span class='ocrx_word' id='word_1_230' title='bbox 364 3740 460 3791; x_wconf 75' lang='lat' dir='ltr'>qno</span> <span class='ocrx_word' id='word_1_231' title='bbox 489 3722 645 3787; x_wconf 66' lang='lat' dir='ltr'>vigor</span> <span class='ocrx_word' id='word_1_232' title='bbox 676 3719 892 3770; x_wconf 73' lang='lat' dir='ltr'>abierit?</span> <span class='ocrx_word' id='word_1_233' title='bbox 932 3735 994 3769; x_wconf 83' lang='lat' dir='ltr'>ex</span> <span class='ocrx_word' id='word_1_234' title='bbox 1025 3714 1207 3770; x_wconf 83' lang='lat' dir='ltr'>codice</span> 
     </span>
     <span class='ocr_line' id='line_1_41' title="bbox 186 3795 1209 3868; baseline -0.004 -20"><span class='ocrx_word' id='word_1_235' title='bbox 186 3796 404 3865; x_wconf 70' lang='lat' dir='ltr'>quodam</span> <span class='ocrx_word' id='word_1_236' title='bbox 477 3799 688 3868; x_wconf 83' lang='lat' dir='ltr'>profert</span> <span class='ocrx_word' id='word_1_237' title='bbox 738 3799 839 3849; x_wconf 87' lang='lat' dir='ltr'>Vir</span> <span class='ocrx_word' id='word_1_238' title='bbox 910 3798 1105 3849; x_wconf 82' lang='lat' dir='ltr'><strong>Doctus</strong></span> <span class='ocrx_word' id='word_1_239' title='bbox 1153 3795 1209 3845; x_wconf 90' lang='lat' dir='ltr'>in</span> 
     </span>
     <span class='ocr_line' id='line_1_42' title="bbox 185 3875 1209 3948; baseline -0.001 -22"><span class='ocrx_word' id='word_1_240' title='bbox 185 3876 395 3930; x_wconf 69' lang='lat' dir='ltr'>ObserV.</span> <span class='ocrx_word' id='word_1_241' title='bbox 423 3878 654 3930; x_wconf 75' lang='lat' dir='ltr'>Miscell.</span> <span class='ocrx_word' id='word_1_242' title='bbox 672 3889 724 3928; x_wconf 89' lang='lat' dir='ltr'>et</span> <span class='ocrx_word' id='word_1_243' title='bbox 736 3895 904 3948; x_wconf 88' lang='lat' dir='ltr'>quum</span> <span class='ocrx_word' id='word_1_244' title='bbox 921 3877 973 3927; x_wconf 91' lang='lat' dir='ltr'>in</span> <span class='ocrx_word' id='word_1_245' title='bbox 1000 3875 1103 3926; x_wconf 80' lang='lat' dir='ltr'>alio</span> <span class='ocrx_word' id='word_1_246' title='bbox 1126 3893 1209 3927; x_wconf 84' lang='lat' dir='ltr'>co·</span> 
     </span>
     <span class='ocr_line' id='line_1_43' title="bbox 185 3952 1208 4020; baseline -0.001 -15"><span class='ocrx_word' id='word_1_247' title='bbox 185 3954 294 4008; x_wconf 85' lang='lat' dir='ltr'>dice</span> <span class='ocrx_word' id='word_1_248' title='bbox 320 3955 562 4010; x_wconf 83' lang='lat' dir='ltr'>secundo</span> <span class='ocrx_word' id='word_1_249' title='bbox 591 3956 738 4020; x_wconf 85' lang='lat' dir='ltr'>loco,</span> <span class='ocrx_word' id='word_1_250' title='bbox 767 3969 824 4007; x_wconf 90' lang='lat' dir='ltr'>ut</span> <span class='ocrx_word' id='word_1_251' title='bbox 858 3967 1087 4016; x_wconf 83' lang='lat' dir='ltr'>testatur,</span> <span class='ocrx_word' id='word_1_252' title='bbox 1114 3952 1208 4005; x_wconf 87' lang='lat' dir='ltr'>de·</span> 
     </span>
     <span class='ocr_line' id='line_1_44' title="bbox 182 4034 1213 4109; baseline -0.002 -22"><span class='ocrx_word' id='word_1_253' title='bbox 182 4049 304 4088; x_wconf 74' lang='lat' dir='ltr'>esset</span> <span class='ocrx_word' id='word_1_254' title='bbox 328 4058 450 4109; x_wconf 81' lang='lat' dir='ltr'>quo,</span> <span class='ocrx_word' id='word_1_255' title='bbox 481 4036 626 4088; x_wconf 80' lang='lat' dir='ltr'>forte</span> <span class='ocrx_word' id='word_1_256' title='bbox 646 4034 930 4105; x_wconf 77' lang='lat' dir='ltr'>legendum</span> <span class='ocrx_word' id='word_1_257' title='bbox 955 4034 1213 4086; x_wconf 79' lang='lat' dir='ltr'>existimat</span> 
     </span>
     <span class='ocr_line' id='line_1_45' title="bbox 188 4114 1215 4185; baseline -0.003 -19"><span class='ocrx_word' id='word_1_258' title='bbox 188 4116 291 4181; x_wconf 79' lang='lat' dir='ltr'>Quo</span> <span class='ocrx_word' id='word_1_259' title='bbox 331 4122 401 4169; x_wconf 75' lang='lat' dir='ltr'>mi</span> <span class='ocrx_word' id='word_1_260' title='bbox 445 4127 592 4167; x_wconf 70' lang='lat' dir='ltr'>vetus</span> <span class='ocrx_word' id='word_1_261' title='bbox 616 4114 789 4185; x_wconf 66' lang='lat' dir='ltr'>figura</span> <span class='ocrx_word' id='word_1_262' title='bbox 833 4116 921 4165; x_wconf 76' lang='lat' dir='ltr'>heu</span> <span class='ocrx_word' id='word_1_263' title='bbox 952 4114 1040 4165; x_wconf 72' lang='lat' dir='ltr'>lieu</span> <span class='ocrx_word' id='word_1_264' title='bbox 1061 4152 1077 4173; x_wconf 89' lang='lat'>‚</span> <span class='ocrx_word' id='word_1_265' title='bbox 1121 4132 1215 4183; x_wconf 79' lang='lat' dir='ltr'>quo</span> 
     </span>
    </p>
   </div>
   <div class='ocr_carea' id='block_1_6' title="bbox 1286 1330 2324 4191">
    <p class='ocr_par' dir='ltr' id='par_1_8' title="bbox 1291 1330 2321 2198">
     <span class='ocr_line' id='line_1_46' title="bbox 1292 1330 2316 1409; baseline 0.011 -29"><span class='ocrx_word' id='word_1_266' title='bbox 1292 1335 1440 1401; x_wconf 71' lang='lat' dir='ltr'>vigor</span> <span class='ocrx_word' id='word_1_267' title='bbox 1460 1330 1621 1383; x_wconf 67' lang='lat' dir='ltr'>abiit?</span> <span class='ocrx_word' id='word_1_268' title='bbox 1636 1364 1714 1375; x_wconf 90' lang='lat'>-—</span> <span class='ocrx_word' id='word_1_269' title='bbox 1740 1333 1893 1401; x_wconf 82' lang='lat' dir='ltr'>Quod</span> <span class='ocrx_word' id='word_1_270' title='bbox 1911 1337 2032 1387; x_wconf 78' lang='lat' dir='ltr'>enim</span> <span class='ocrx_word' id='word_1_271' title='bbox 2052 1356 2201 1405; x_wconf 69' lang='lat' dir='ltr'>genus</span> <span class='ocrx_word' id='word_1_272' title='bbox 2211 1337 2316 1409; x_wconf 94' lang='grc' dir='ltr'>βξ.</span> 
     </span>
     <span class='ocr_line' id='line_1_47' title="bbox 1293 1413 2317 1483; baseline 0.011 -23"><span class='ocrx_word' id='word_1_273' title='bbox 1293 1423 1364 1461; x_wconf 80' lang='lat' dir='ltr'>ese</span> <span class='ocrx_word' id='word_1_274' title='bbox 1381 1450 1396 1473; x_wconf 93' lang='lat'><em>,</em></span> <span class='ocrx_word' id='word_1_275' title='bbox 1438 1429 1528 1480; x_wconf 78' lang='lat' dir='ltr'>ego</span> <span class='ocrx_word' id='word_1_276' title='bbox 1565 1432 1658 1463; x_wconf 82' lang='lat' dir='ltr'>uon</span> <span class='ocrx_word' id='word_1_277' title='bbox 1678 1452 1693 1475; x_wconf 93' lang='lat'><em>,</em></span> <span class='ocrx_word' id='word_1_278' title='bbox 1740 1424 1839 1464; x_wconf 83' lang='lat' dir='ltr'>etc.</span> <span class='ocrx_word' id='word_1_279' title='bbox 1883 1413 2075 1468; x_wconf 81' lang='lat' dir='ltr'><strong>Sensus</strong></span> <span class='ocrx_word' id='word_1_280' title='bbox 2115 1434 2129 1467; x_wconf 91' lang='lat'>:</span> <span class='ocrx_word' id='word_1_281' title='bbox 2173 1418 2317 1483; x_wconf 85' lang='lat' dir='ltr'>Quid</span> 
     </span>
     <span class='ocr_line' id='line_1_48' title="bbox 1294 1489 2321 1567; baseline 0.009 -26"><span class='ocrx_word' id='word_1_282' title='bbox 1294 1489 1435 1541; x_wconf 88' lang='lat' dir='ltr'>enim</span> <span class='ocrx_word' id='word_1_283' title='bbox 1462 1509 1527 1541; x_wconf 87' lang='lat' dir='ltr'>ex</span> <span class='ocrx_word' id='word_1_284' title='bbox 1551 1490 1797 1543; x_wconf 83' lang='lat' dir='ltr'>omnihus</span> <span class='ocrx_word' id='word_1_285' title='bbox 1814 1529 1830 1556; x_wconf 90' lang='lat'>‚</span> <span class='ocrx_word' id='word_1_286' title='bbox 1854 1512 2179 1565; x_wconf 61' lang='lat' dir='ltr'>quaecunque</span> <span class='ocrx_word' id='word_1_287' title='bbox 2203 1499 2321 1567; x_wconf 79' lang='lat' dir='ltr'>pul-</span> 
     </span>
     <span class='ocr_line' id='line_1_49' title="bbox 1295 1569 2318 1635; baseline 0.011 -15"><span class='ocrx_word' id='word_1_288' title='bbox 1295 1569 1422 1621; x_wconf 87' lang='lat' dir='ltr'>chra</span> <span class='ocrx_word' id='word_1_289' title='bbox 1438 1608 1452 1633; x_wconf 92' lang='lat'>,</span> <span class='ocrx_word' id='word_1_290' title='bbox 1480 1582 1695 1622; x_wconf 84' lang='lat' dir='ltr'>venusta</span> <span class='ocrx_word' id='word_1_291' title='bbox 1711 1609 1726 1635; x_wconf 89' lang='lat'>,</span> <span class='ocrx_word' id='word_1_292' title='bbox 1748 1584 1800 1622; x_wconf 91' lang='lat' dir='ltr'>et</span> <span class='ocrx_word' id='word_1_293' title='bbox 1825 1572 2088 1626; x_wconf 83' lang='lat' dir='ltr'>fortunata</span> <span class='ocrx_word' id='word_1_294' title='bbox 2119 1576 2318 1630; x_wconf 86' lang='lat' dir='ltr'>haben-</span> 
     </span>
     <span class='ocr_line' id='line_1_50' title="bbox 1294 1649 2316 1727; baseline 0.011 -28"><span class='ocrx_word' id='word_1_295' title='bbox 1294 1661 1398 1712; x_wconf 88' lang='lat' dir='ltr'>tur,</span> <span class='ocrx_word' id='word_1_296' title='bbox 1418 1661 1470 1701; x_wconf 85' lang='lat' dir='ltr'>et</span> <span class='ocrx_word' id='word_1_297' title='bbox 1495 1668 1525 1702; x_wconf 84' lang='lat' dir='ltr'>a</span> <span class='ocrx_word' id='word_1_298' title='bbox 1554 1649 1726 1720; x_wconf 87' lang='lat' dir='ltr'>prima</span> <span class='ocrx_word' id='word_1_299' title='bbox 1753 1662 1900 1703; x_wconf 81' lang='lat' dir='ltr'>aetate</span> <span class='ocrx_word' id='word_1_300' title='bbox 1927 1653 2150 1706; x_wconf 87' lang='lat' dir='ltr'>invicem</span> <span class='ocrx_word' id='word_1_301' title='bbox 2175 1656 2316 1727; x_wconf 87' lang='lat' dir='ltr'>apud</span> 
     </span>
     <span class='ocr_line' id='line_1_51' title="bbox 1293 1727 2317 1800; baseline 0.011 -22"><span class='ocrx_word' id='word_1_302' title='bbox 1293 1727 1539 1780; x_wconf 89' lang='lat' dir='ltr'>homines</span> <span class='ocrx_word' id='word_1_303' title='bbox 1558 1747 1613 1781; x_wconf 88' lang='lat' dir='ltr'>se</span> <span class='ocrx_word' id='word_1_304' title='bbox 1633 1730 1902 1800; x_wconf 88' lang='lat' dir='ltr'>excipiunt</span> <span class='ocrx_word' id='word_1_305' title='bbox 1917 1771 1932 1796; x_wconf 87' lang='lat'><strong>,</strong></span> <span class='ocrx_word' id='word_1_306' title='bbox 1954 1734 2083 1785; x_wconf 82' lang='lat' dir='ltr'>mihi</span> <span class='ocrx_word' id='word_1_307' title='bbox 2110 1732 2317 1789; x_wconf 82' lang='lat' dir='ltr'>defuit?</span> 
     </span>
     <span class='ocr_line' id='line_1_52' title="bbox 1297 1806 2317 1887; baseline 0.012 -30"><span class='ocrx_word' id='word_1_308' title='bbox 1297 1806 1483 1876; x_wconf 75' lang='lat' dir='ltr'>Figura</span> <span class='ocrx_word' id='word_1_309' title='bbox 1500 1807 1567 1860; x_wconf 91' lang='lat' dir='ltr'>de</span> <span class='ocrx_word' id='word_1_310' title='bbox 1584 1808 1981 1878; x_wconf 80' lang='lat' dir='ltr'>pulchritudine</span> <span class='ocrx_word' id='word_1_311' title='bbox 1999 1814 2317 1887; x_wconf 84' lang='lat' dir='ltr'>passim‚jam</span> 
     </span>
     <span class='ocr_line' id='line_1_53' title="bbox 1294 1885 2317 1957; baseline 0.013 -21"><span class='ocrx_word' id='word_1_312' title='bbox 1294 1904 1421 1937; x_wconf 83' lang='lat' dir='ltr'>vero</span> <span class='ocrx_word' id='word_1_313' title='bbox 1447 1885 1517 1939; x_wconf 88' lang='lat' dir='ltr'>de</span> <span class='ocrx_word' id='word_1_314' title='bbox 1544 1906 1603 1938; x_wconf 88' lang='lat' dir='ltr'>ea</span> <span class='ocrx_word' id='word_1_315' title='bbox 1629 1889 2046 1957; x_wconf 86' lang='lat' dir='ltr'>pulchritudinis</span> <span class='ocrx_word' id='word_1_316' title='bbox 2071 1893 2242 1948; x_wconf 83' lang='lat' dir='ltr'>forma</span> <span class='ocrx_word' id='word_1_317' title='bbox 2265 1911 2317 1949; x_wconf 91' lang='lat' dir='ltr'>et</span> 
     </span>
     <span class='ocr_line' id='line_1_54' title="bbox 1291 1963 2320 2045; baseline 0.013 -30"><span class='ocrx_word' id='word_1_318' title='bbox 1291 1963 1613 2017; x_wconf 84' lang='lat' dir='ltr'>conditionis</span> <span class='ocrx_word' id='word_1_319' title='bbox 1640 1967 1914 2033; x_wconf 80' lang='lat' dir='ltr'>felicitate,</span> <span class='ocrx_word' id='word_1_320' title='bbox 1938 1989 2058 2041; x_wconf 79' lang='lat' dir='ltr'>quae</span> <span class='ocrx_word' id='word_1_321' title='bbox 2084 1991 2115 2024; x_wconf 88' lang='lat' dir='ltr'>a</span> <span class='ocrx_word' id='word_1_322' title='bbox 2141 1976 2320 2045; x_wconf 87' lang='lat' dir='ltr'>pueri·</span> 
     </span>
     <span class='ocr_line' id='line_1_55' title="bbox 1292 2045 2319 2115; baseline 0.012 -21"><span class='ocrx_word' id='word_1_323' title='bbox 1292 2045 1431 2095; x_wconf 90' lang='lat' dir='ltr'>libus</span> <span class='ocrx_word' id='word_1_324' title='bbox 1452 2046 1606 2096; x_wconf 83' lang='lat' dir='ltr'>annis</span> <span class='ocrx_word' id='word_1_325' title='bbox 1634 2047 1871 2115; x_wconf 87' lang='lat' dir='ltr'>quolibet</span> <span class='ocrx_word' id='word_1_326' title='bbox 1900 2068 2041 2102; x_wconf 88' lang='lat' dir='ltr'>anno</span> <span class='ocrx_word' id='word_1_327' title='bbox 2069 2051 2178 2103; x_wconf 86' lang='lat' dir='ltr'>sere</span> <span class='ocrx_word' id='word_1_328' title='bbox 2201 2073 2319 2106; x_wconf 87' lang='lat' dir='ltr'>mu-</span> 
     </span>
     <span class='ocr_line' id='line_1_56' title="bbox 1294 2124 2316 2198; baseline 0.009 -22"><span class='ocrx_word' id='word_1_329' title='bbox 1294 2137 1452 2187; x_wconf 83' lang='lat' dir='ltr'>tatur,</span> <span class='ocrx_word' id='word_1_330' title='bbox 1473 2136 1525 2176; x_wconf 89' lang='lat' dir='ltr'>et</span> <span class='ocrx_word' id='word_1_331' title='bbox 1545 2124 1697 2175; x_wconf 83' lang='lat' dir='ltr'>aliam</span> <span class='ocrx_word' id='word_1_332' title='bbox 1717 2127 1863 2195; x_wconf 81' lang='lat' dir='ltr'>quasi</span> <span class='ocrx_word' id='word_1_333' title='bbox 1882 2128 2102 2198; x_wconf 84' lang='lat' dir='ltr'>figuram</span> <span class='ocrx_word' id='word_1_334' title='bbox 2124 2130 2316 2187; x_wconf 85' lang='lat' dir='ltr'>induit.</span> 
     </span>
    </p>

    <p class='ocr_par' dir='ltr' id='par_1_9' title="bbox 1286 2204 2323 3141">
     <span class='ocr_line' id='line_1_57' title="bbox 1375 2204 2321 2272; baseline 0.011 -16"><span class='ocrx_word' id='word_1_335' title='bbox 1375 2205 1466 2256; x_wconf 81' lang='lat'><strong>63.</strong></span> <span class='ocrx_word' id='word_1_336' title='bbox 1498 2204 1614 2272; x_wconf 71' lang='lat' dir='ltr'>Ego</span> <span class='ocrx_word' id='word_1_337' title='bbox 1646 2206 1814 2256; x_wconf 79' lang='lat' dir='ltr'>mulier</span> <span class='ocrx_word' id='word_1_338' title='bbox 1842 2207 1896 2257; x_wconf 85' lang='lat' dir='ltr'>in</span> <span class='ocrx_word' id='word_1_339' title='bbox 1925 2209 1986 2259; x_wconf 94' lang='lat' dir='ltr'>L.</span> <span class='ocrx_word' id='word_1_340' title='bbox 2021 2209 2231 2265; x_wconf 89' lang='lat' dir='ltr'><strong>MSCC.</strong></span> <span class='ocrx_word' id='word_1_341' title='bbox 2268 2226 2321 2266; x_wconf 87' lang='lat' dir='ltr'>et</span> 
     </span>
     <span class='ocr_line' id='line_1_58' title="bbox 1291 2281 2316 2354; baseline 0.013 -22"><span class='ocrx_word' id='word_1_342' title='bbox 1291 2281 1560 2354; x_wconf 85' lang='lat' dir='ltr'>plerisque</span> <span class='ocrx_word' id='word_1_343' title='bbox 1574 2281 1724 2335; x_wconf 83' lang='lat' dir='ltr'>editt.</span> <span class='ocrx_word' id='word_1_344' title='bbox 1751 2298 1873 2338; x_wconf 84' lang='lat' dir='ltr'>vett.</span> <span class='ocrx_word' id='word_1_345' title='bbox 1895 2300 2080 2340; x_wconf 85' lang='lat' dir='ltr'>contra</span> <span class='ocrx_word' id='word_1_346' title='bbox 2103 2308 2316 2345; x_wconf 85' lang='lat' dir='ltr'>omnem</span> 
     </span>
     <span class='ocr_line' id='line_1_59' title="bbox 1293 2362 2319 2438; baseline 0.011 -25"><span class='ocrx_word' id='word_1_347' title='bbox 1293 2362 1546 2414; x_wconf 84' lang='lat' dir='ltr'>orationis</span> <span class='ocrx_word' id='word_1_348' title='bbox 1562 2381 1753 2414; x_wconf 86' lang='lat' dir='ltr'>nexum</span> <span class='ocrx_word' id='word_1_349' title='bbox 1772 2403 1787 2428; x_wconf 93' lang='lat'><strong><em>‚</em></strong></span> <span class='ocrx_word' id='word_1_350' title='bbox 1814 2365 1955 2418; x_wconf 89' lang='lat' dir='ltr'>unde</span> <span class='ocrx_word' id='word_1_351' title='bbox 1971 2370 2177 2438; x_wconf 82' lang='lat' dir='ltr'>egregie</span> <span class='ocrx_word' id='word_1_352' title='bbox 2197 2371 2319 2424; x_wconf 84' lang='lat' dir='ltr'>Sca·</span> 
     </span>
     <span class='ocr_line' id='line_1_60' title="bbox 1291 2442 2318 2524; baseline 0.009 -30"><span class='ocrx_word' id='word_1_353' title='bbox 1291 2442 1425 2513; x_wconf 86' lang='lat' dir='ltr'>liger</span> <span class='ocrx_word' id='word_1_354' title='bbox 1455 2443 1572 2510; x_wconf 72' lang='lat' dir='ltr'>Ego</span> <span class='ocrx_word' id='word_1_355' title='bbox 1592 2443 1761 2513; x_wconf 82' lang='lat' dir='ltr'>puber.</span> <span class='ocrx_word' id='word_1_356' title='bbox 1783 2477 1862 2486; x_wconf 90' lang='lat'>—-</span> <span class='ocrx_word' id='word_1_357' title='bbox 1887 2447 2002 2516; x_wconf 77' lang='lat' dir='ltr'>Ego</span> <span class='ocrx_word' id='word_1_358' title='bbox 2023 2449 2191 2501; x_wconf 82' lang='lat' dir='ltr'>inuber</span> <span class='ocrx_word' id='word_1_359' title='bbox 2216 2451 2318 2524; x_wconf 84' lang='lat' dir='ltr'>legi</span> 
     </span>
     <span class='ocr_line' id='line_1_61' title="bbox 1289 2524 2318 2603; baseline 0.013 -30"><span class='ocrx_word' id='word_1_360' title='bbox 1289 2524 1440 2593; x_wconf 83' lang='lat' dir='ltr'>jubet</span> <span class='ocrx_word' id='word_1_361' title='bbox 1468 2524 1772 2591; x_wconf 75' lang='lat' dir='ltr'>Dempseerus</span> <span class='ocrx_word' id='word_1_362' title='bbox 1797 2525 2112 2598; x_wconf 75' lang='lat' dir='ltr'>paralipom.</span> <span class='ocrx_word' id='word_1_363' title='bbox 2139 2533 2318 2603; x_wconf 80' lang='lat' dir='ltr'>Antiq.</span> 
     </span>
     <span class='ocr_line' id='line_1_62' title="bbox 1294 2602 2320 2682; baseline 0.011 -29"><span class='ocrx_word' id='word_1_364' title='bbox 1294 2603 1448 2655; x_wconf 83' lang='lat' dir='ltr'>Rom.</span> <span class='ocrx_word' id='word_1_365' title='bbox 1485 2602 1669 2655; x_wconf 84' lang='lat' dir='ltr'>Rosin.</span> <span class='ocrx_word' id='word_1_366' title='bbox 1702 2604 1797 2656; x_wconf 85' lang='lat' dir='ltr'>lib.</span> <span class='ocrx_word' id='word_1_367' title='bbox 1834 2606 1921 2670; x_wconf 87' lang='lat'>11,</span> <span class='ocrx_word' id='word_1_368' title='bbox 1949 2626 1994 2659; x_wconf 91' lang='lat' dir='ltr'>c.</span> <span class='ocrx_word' id='word_1_369' title='bbox 2034 2626 2079 2660; x_wconf 85' lang='lat'><strong>1.</strong></span> <span class='ocrx_word' id='word_1_370' title='bbox 2100 2642 2182 2653; x_wconf 93' lang='lat'>—</span> <span class='ocrx_word' id='word_1_371' title='bbox 2207 2613 2320 2682; x_wconf 78' lang='lat' dir='ltr'>Ego</span> 
     </span>
     <span class='ocr_line' id='line_1_63' title="bbox 1286 2683 2320 2753; baseline 0.012 -20"><span class='ocrx_word' id='word_1_372' title='bbox 1286 2683 1453 2751; x_wconf 80' lang='lat' dir='ltr'>puber,</span> <span class='ocrx_word' id='word_1_373' title='bbox 1497 2694 1602 2736; x_wconf 90' lang='lat' dir='ltr'>etc.</span> <span class='ocrx_word' id='word_1_374' title='bbox 1627 2683 1782 2752; x_wconf 81' lang='lat' dir='ltr'>puber</span> <span class='ocrx_word' id='word_1_375' title='bbox 1805 2686 1938 2738; x_wconf 83' lang='lat' dir='ltr'>nibil</span> <span class='ocrx_word' id='word_1_376' title='bbox 1957 2726 1972 2753; x_wconf 85' lang='lat'>,</span> <span class='ocrx_word' id='word_1_377' title='bbox 2003 2700 2060 2739; x_wconf 84' lang='lat' dir='ltr'>ut</span> <span class='ocrx_word' id='word_1_378' title='bbox 2089 2690 2162 2742; x_wconf 90' lang='lat' dir='ltr'>ait</span> <span class='ocrx_word' id='word_1_379' title='bbox 2185 2691 2320 2744; x_wconf 88' lang='lat' dir='ltr'>Vul-</span> 
     </span>
     <span class='ocr_line' id='line_1_64' title="bbox 1292 2762 2323 2841; baseline 0.012 -30"><span class='ocrx_word' id='word_1_380' title='bbox 1292 2763 1441 2831; x_wconf 88' lang='lat' dir='ltr'>pius,</span> <span class='ocrx_word' id='word_1_381' title='bbox 1465 2763 1532 2813; x_wconf 82' lang='lat' dir='ltr'>ab</span> <span class='ocrx_word' id='word_1_382' title='bbox 1562 2762 1736 2832; x_wconf 80' lang='lat' dir='ltr'>ephebo</span> <span class='ocrx_word' id='word_1_383' title='bbox 1766 2763 1979 2828; x_wconf 75' lang='lat' dir='ltr'>differt3</span> <span class='ocrx_word' id='word_1_384' title='bbox 2012 2780 2066 2819; x_wconf 89' lang='lat' dir='ltr'>at</span> <span class='ocrx_word' id='word_1_385' title='bbox 2092 2789 2161 2820; x_wconf 88' lang='lat' dir='ltr'>ne</span> <span class='ocrx_word' id='word_1_386' title='bbox 2188 2790 2323 2841; x_wconf 75' lang='lat' dir='ltr'>opus</span> 
     </span>
     <span class='ocr_line' id='line_1_65' title="bbox 1293 2836 2319 2917; baseline 0.011 -26"><span class='ocrx_word' id='word_1_387' title='bbox 1293 2836 1511 2911; x_wconf 87' lang='lat' dir='ltr'>quidem</span> <span class='ocrx_word' id='word_1_388' title='bbox 1559 2854 1609 2893; x_wconf 84' lang='lat' dir='ltr'>et</span> <span class='ocrx_word' id='word_1_389' title='bbox 1653 2841 2003 2897; x_wconf 79' lang='lat' dir='ltr'>differentiam</span> <span class='ocrx_word' id='word_1_390' title='bbox 2052 2866 2319 2917; x_wconf 74' lang='lat' dir='ltr'>quaerere,</span> 
     </span>
     <span class='ocr_line' id='line_1_66' title="bbox 1293 2919 2321 2998; baseline 0.013 -29"><span class='ocrx_word' id='word_1_391' title='bbox 1293 2939 1458 2991; x_wconf 88' lang='lat' dir='ltr'>quum</span> <span class='ocrx_word' id='word_1_392' title='bbox 1510 2919 1745 2990; x_wconf 82' lang='lat' dir='ltr'>ejusdem</span> <span class='ocrx_word' id='word_1_393' title='bbox 1794 2925 2025 2977; x_wconf 83' lang='lat' dir='ltr'>notionis</span> <span class='ocrx_word' id='word_1_394' title='bbox 2071 2930 2321 2998; x_wconf 80' lang='lat' dir='ltr'>repetitio</span> 
     </span>
     <span class='ocr_line' id='line_1_67' title="bbox 1296 3001 2318 3070; baseline 0.011 -19"><span class='ocrx_word' id='word_1_395' title='bbox 1296 3001 1560 3069; x_wconf 84' lang='lat' dir='ltr'>eleganter</span> <span class='ocrx_word' id='word_1_396' title='bbox 1582 3001 1763 3070; x_wconf 80' lang='lat' dir='ltr'>pingat</span> <span class='ocrx_word' id='word_1_397' title='bbox 1785 3003 2185 3057; x_wconf 82' lang='lat' dir='ltr'>concitatiorem</span> <span class='ocrx_word' id='word_1_398' title='bbox 2206 3010 2318 3062; x_wconf 75' lang='lat' dir='ltr'>ani-</span> 
     </span>
     <span class='ocr_line' id='line_1_68' title="bbox 1293 3081 1838 3141; baseline 0.007 -11"><span class='ocrx_word' id='word_1_399' title='bbox 1293 3097 1472 3141; x_wconf 85' lang='lat' dir='ltr'>mum,</span> <span class='ocrx_word' id='word_1_400' title='bbox 1506 3090 1564 3129; x_wconf 88' lang='lat' dir='ltr'>ut</span> <span class='ocrx_word' id='word_1_401' title='bbox 1598 3098 1727 3132; x_wconf 83' lang='lat' dir='ltr'>vers.</span> <span class='ocrx_word' id='word_1_402' title='bbox 1751 3081 1838 3134; x_wconf 83' lang='lat'><strong>50.</strong></span> 
     </span>
    </p>

    <p class='ocr_par' dir='ltr' id='par_1_10' title="bbox 1291 3157 2322 3942">
     <span class='ocr_line' id='line_1_69' title="bbox 1376 3157 2322 3232; baseline 0.013 -23"><span class='ocrx_word' id='word_1_403' title='bbox 1376 3163 1467 3220; x_wconf 72' lang='lat'><strong>64.</strong></span> <span class='ocrx_word' id='word_1_404' title='bbox 1522 3157 1758 3231; x_wconf 76' lang='lat' dir='ltr'>Gynmasa&#39;</span> <span class='ocrx_word' id='word_1_405' title='bbox 1821 3161 2050 3232; x_wconf 84' lang='lat' dir='ltr'>requirit</span> <span class='ocrx_word' id='word_1_406' title='bbox 2101 3182 2322 3231; x_wconf 80' lang='lat' dir='ltr'>versus,</span> 
     </span>
     <span class='ocr_line' id='line_1_70' title="bbox 1293 3238 2319 3309; baseline 0.012 -21"><span class='ocrx_word' id='word_1_407' title='bbox 1293 3239 1603 3290; x_wconf 84' lang='lat' dir='ltr'>observante</span> <span class='ocrx_word' id='word_1_408' title='bbox 1630 3238 2131 3296; x_wconf 67' lang='lat' dir='ltr'>Statim—Frustra</span> <span class='ocrx_word' id='word_1_409' title='bbox 2147 3283 2163 3309; x_wconf 89' lang='lat'>‚</span> <span class='ocrx_word' id='word_1_410' title='bbox 2196 3266 2319 3300; x_wconf 86' lang='lat' dir='ltr'>nam</span> 
     </span>
     <span class='ocr_line' id='line_1_71' title="bbox 1294 3319 2320 3394; baseline 0.013 -28"><span class='ocrx_word' id='word_1_411' title='bbox 1294 3336 1472 3369; x_wconf 80' lang='lat' dir='ltr'>versus</span> <span class='ocrx_word' id='word_1_412' title='bbox 1498 3336 1525 3369; x_wconf 87' lang='lat' dir='ltr'>a</span> <span class='ocrx_word' id='word_1_413' title='bbox 1555 3319 2024 3387; x_wconf 78' lang='lat' dir='ltr'>proceleusmatico</span> <span class='ocrx_word' id='word_1_414' title='bbox 2047 3337 2220 3394; x_wconf 83' lang='lat' dir='ltr'>potest</span> <span class='ocrx_word' id='word_1_415' title='bbox 2238 3328 2320 3379; x_wconf 88' lang='lat' dir='ltr'>in·</span> 
     </span>
     <span class='ocr_line' id='line_1_72' title="bbox 1294 3397 2318 3471; baseline 0.013 -25"><span class='ocrx_word' id='word_1_416' title='bbox 1294 3397 1485 3466; x_wconf 88' lang='lat' dir='ltr'>cipere.</span> <span class='ocrx_word' id='word_1_417' title='bbox 1512 3398 1579 3449; x_wconf 91' lang='lat' dir='ltr'><strong>N.</strong></span> <span class='ocrx_word' id='word_1_418' title='bbox 1596 3429 1676 3440; x_wconf 90' lang='lat'><strong>—</strong></span> <span class='ocrx_word' id='word_1_419' title='bbox 1701 3399 2011 3471; x_wconf 81' lang='lat' dir='ltr'>Grmn.flos,</span> <span class='ocrx_word' id='word_1_420' title='bbox 2038 3423 2318 3458; x_wconf 86' lang='lat' dir='ltr'>ornamen-</span> 
     </span>
     <span class='ocr_line' id='line_1_73' title="bbox 1296 3477 2321 3557; baseline 0.011 -30"><span class='ocrx_word' id='word_1_421' title='bbox 1296 3488 1429 3528; x_wconf 86' lang='lat' dir='ltr'>tum.</span> <span class='ocrx_word' id='word_1_422' title='bbox 1461 3477 1544 3529; x_wconf 88' lang='lat' dir='ltr'><strong>Cf.</strong></span> <span class='ocrx_word' id='word_1_423' title='bbox 1570 3478 1664 3530; x_wconf 82' lang='lat' dir='ltr'>inf.</span> <span class='ocrx_word' id='word_1_424' title='bbox 1693 3480 1868 3532; x_wconf 87' lang='lat' dir='ltr'>Carm.</span> <span class='ocrx_word' id='word_1_425' title='bbox 1893 3482 1965 3547; x_wconf 85' lang='lat' dir='ltr'>C,</span> <span class='ocrx_word' id='word_1_426' title='bbox 1991 3503 2049 3545; x_wconf 78' lang='lat'>2,</span> <span class='ocrx_word' id='word_1_427' title='bbox 2084 3498 2135 3536; x_wconf 88' lang='lat' dir='ltr'>et</span> <span class='ocrx_word' id='word_1_428' title='bbox 2165 3505 2321 3557; x_wconf 85' lang='lat' dir='ltr'>supra</span> 
     </span>
     <span class='ocr_line' id='line_1_74' title="bbox 1295 3555 2316 3629; baseline 0.009 -23"><span class='ocrx_word' id='word_1_429' title='bbox 1295 3555 1471 3608; x_wconf 76' lang='lat' dir='ltr'>Carm.</span> <span class='ocrx_word' id='word_1_430' title='bbox 1521 3558 1725 3621; x_wconf 79' lang='lat' dir='ltr'>XXIV,</span> <span class='ocrx_word' id='word_1_431' title='bbox 1783 3582 1823 3611; x_wconf 89' lang='grc' dir='ltr'>ι.</span> <span class='ocrx_word' id='word_1_432' title='bbox 1869 3590 1950 3603; x_wconf 91' lang='lat'>—-</span> <span class='ocrx_word' id='word_1_433' title='bbox 1996 3564 2157 3615; x_wconf 76' lang='lat' dir='ltr'>Decus</span> <span class='ocrx_word' id='word_1_434' title='bbox 2196 3567 2316 3629; x_wconf 80' lang='lat' dir='ltr'>olei,</span> 
     </span>
     <span class='ocr_line' id='line_1_75' title="bbox 1295 3635 2320 3710; baseline 0.014 -25"><span class='ocrx_word' id='word_1_435' title='bbox 1295 3635 1469 3687; x_wconf 89' lang='lat' dir='ltr'>oleum</span> <span class='ocrx_word' id='word_1_436' title='bbox 1486 3674 1500 3699; x_wconf 88' lang='lat'>,</span> <span class='ocrx_word' id='word_1_437' title='bbox 1515 3655 1622 3705; x_wconf 85' lang='lat' dir='ltr'>quo</span> <span class='ocrx_word' id='word_1_438' title='bbox 1637 3672 1655 3699; x_wconf 88' lang='lat'>‚</span> <span class='ocrx_word' id='word_1_439' title='bbox 1684 3639 1991 3710; x_wconf 73' lang='lat' dir='ltr'>priusquam</span> <span class='ocrx_word' id='word_1_440' title='bbox 2015 3644 2069 3695; x_wconf 88' lang='lat' dir='ltr'>in</span> <span class='ocrx_word' id='word_1_441' title='bbox 2109 3662 2320 3699; x_wconf 86' lang='lat' dir='ltr'>arenam</span> 
     </span>
     <span class='ocr_line' id='line_1_76' title="bbox 1294 3712 2320 3788; baseline 0.013 -23"><span class='ocrx_word' id='word_1_442' title='bbox 1294 3712 1674 3768; x_wconf 86' lang='lat' dir='ltr'>descenderent</span> <span class='ocrx_word' id='word_1_443' title='bbox 1692 3756 1707 3779; x_wconf 92' lang='lat'>,</span> <span class='ocrx_word' id='word_1_444' title='bbox 1734 3718 2122 3788; x_wconf 81' lang='lat' dir='ltr'>inungebantur</span> <span class='ocrx_word' id='word_1_445' title='bbox 2156 3725 2320 3777; x_wconf 82' lang='lat' dir='ltr'>lucta·</span> 
     </span>
     <span class='ocr_line' id='line_1_77' title="bbox 1295 3796 2319 3876; baseline 0.014 -32"><span class='ocrx_word' id='word_1_446' title='bbox 1295 3805 1436 3846; x_wconf 86' lang='lat' dir='ltr'>tores</span> <span class='ocrx_word' id='word_1_447' title='bbox 1455 3832 1470 3859; x_wconf 86' lang='lat'>,</span> <span class='ocrx_word' id='word_1_448' title='bbox 1499 3796 1675 3864; x_wconf 81' lang='lat' dir='ltr'>paullo</span> <span class='ocrx_word' id='word_1_449' title='bbox 1703 3796 1953 3852; x_wconf 75' lang='lat' dir='ltr'>audacius</span> <span class='ocrx_word' id='word_1_450' title='bbox 1977 3804 2084 3870; x_wconf 86' lang='lat' dir='ltr'>jam</span> <span class='ocrx_word' id='word_1_451' title='bbox 2117 3802 2187 3857; x_wconf 86' lang='lat' dir='ltr'>de</span> <span class='ocrx_word' id='word_1_452' title='bbox 2208 3804 2319 3876; x_wconf 82' lang='lat' dir='ltr'>ipsa</span> 
     </span>
     <span class='ocr_line' id='line_1_78' title="bbox 1291 3873 1882 3942; baseline 0.015 -20"><span class='ocrx_word' id='word_1_453' title='bbox 1291 3873 1527 3942; x_wconf 73' lang='lat' dir='ltr'>palte-stra</span> <span class='ocrx_word' id='word_1_454' title='bbox 1550 3873 1754 3928; x_wconf 74' lang='lat' dir='ltr'>dictum</span> <span class='ocrx_word' id='word_1_455' title='bbox 1785 3892 1882 3931; x_wconf 78' lang='lat' dir='ltr'>est.</span> 
     </span>
    </p>

    <p class='ocr_par' dir='ltr' id='par_1_11' title="bbox 1302 3954 2324 4191">
     <span class='ocr_line' id='line_1_79' title="bbox 1383 3954 2324 4025; baseline 0.011 -18"><span class='ocrx_word' id='word_1_456' title='bbox 1383 3959 1414 4007; x_wconf 87' lang='lat'><strong>6</strong></span> <span class='ocrx_word' id='word_1_457' title='bbox 1424 3954 1453 4006; x_wconf 85' lang='lat'>5</span> <span class='ocrx_word' id='word_1_458' title='bbox 1463 3995 1474 4006; x_wconf 94' lang='lat'><strong>.</strong></span> <span class='ocrx_word' id='word_1_459' title='bbox 1493 3955 1964 4025; x_wconf 75' lang='lat' dir='ltr'>Junuoefiequentes,</span> <span class='ocrx_word' id='word_1_460' title='bbox 1987 3960 2168 4014; x_wconf 73' lang='lat' dir='ltr'>inultis</span> <span class='ocrx_word' id='word_1_461' title='bbox 2182 3981 2324 4017; x_wconf 78' lang='lat' dir='ltr'>ama·</span> 
     </span>
     <span class='ocr_line' id='line_1_80' title="bbox 1302 4034 2318 4112; baseline 0.01 -28"><span class='ocrx_word' id='word_1_462' title='bbox 1302 4034 1506 4086; x_wconf 76' lang='lat' dir='ltr'>toribus</span> <span class='ocrx_word' id='word_1_463' title='bbox 1520 4034 2121 4105; x_wconf 54' lang='lat' dir='ltr'>frequentata-Limina</span> <span class='ocrx_word' id='word_1_464' title='bbox 2138 4043 2318 4112; x_wconf 74' lang='lat' dir='ltr'>tepida,</span> 
     </span>
     <span class='ocr_line' id='line_1_81' title="bbox 1306 4112 2320 4191; baseline 0.013 -28"><span class='ocrx_word' id='word_1_465' title='bbox 1306 4112 1581 4166; x_wconf 84' lang='lat' dir='ltr'>tundendo</span> <span class='ocrx_word' id='word_1_466' title='bbox 1614 4126 1667 4166; x_wconf 84' lang='lat' dir='ltr'>et</span> <span class='ocrx_word' id='word_1_467' title='bbox 1715 4117 2017 4171; x_wconf 71' lang='lat' dir='ltr'>incubando</span> <span class='ocrx_word' id='word_1_468' title='bbox 2050 4122 2320 4191; x_wconf 72' lang='lat' dir='ltr'>tepefacta.</span> 
     </span>
    </p>
   </div>
  </div>
 </body>
</html>
