2986 4935
694 471 845 547 336

1209 474 1284 540 C.
1327 473 1767 541 VALERII
1827 467 2299 542 CATULLI

795 614 1122 703 Tempore
1166 632 1302 701 quo
1341 621 1523 675 certa
1564 605 1974 700 Stymphalia
2016 623 2313 677 monstra
2358 606 2591 702 sagitta

902 712 1220 800 Perculit,
1268 715 1548 807 imperio
1594 712 1937 781 deterioris
1981 714 2164 799 heri3

797 822 1100 892 Pluribus
1134 834 1210 888 ut
1245 818 1384 888 caeli
1421 834 1747 889 tereretur
1776 821 1982 914 janua
2012 822 2235 906 Divis,
2744 849 2811 889 „s

904 931 1092 999 Hebe
1136 952 1258 996 nee
1295 924 1496 1020 longa
1531 927 1906 1020 virginitate
1946 925 2140 995 foret.
2256 940 2259 942 ’

797 1038 927 1105 Sed
972 1052 1124 1104 tuus
1164 1031 1333 1101 altus
1371 1057 1561 1101 arnor
1603 1033 1918 1100 barathro
1967 1033 2087 1101 fuit
2130 1031 2328 1101 altior
2339 1009 2505 1116 illo,

901 1145 1036 1231 Qui
1070 1157 1227 1210 tunc
1266 1139 1651 1208 indomitam
1694 1138 1911 1207 ferre
1888 1164 2128 1233 jugum
2161 1137 2406 1209 docuit.

690 1355 854 1408 dione
883 1363 1119 1410 teneret,
1150 1341 1339 1402 fossam
1373 1347 1582 1399 duxisse
1609 1361 1711 1400 sta·

692 1435 905 1488 diorum
921 1432 1019 1483 LX
1039 1431 1136 1482 sub
1153 1429 1359 1481 vicinos
1385 1439 1596 1478 montes
1626 1446 1714 1478 ex·

686 1526 1022 1575 currentem,
1061 1511 1114 1562 in
1157 1527 1315 1580 quam
1356 1506 1580 1577 paludes
1618 1505 1712 1558 de-

690 1596 929 1648 fluerent.
961 1618 980 1636 n
1017 1590 1267 1660 Vulpius.

769 1692 786 1724 1
801 1693 822 1725 1
836 1675 888 1725 3.
901 1671 1203 1741 Stymphalia
1222 1679 1447 1719 monstra.
1464 1669 1544 1717 De
1564 1683 1713 1716 mon-

688 1753 808 1807 stris
853 1753 952 1804 illis
991 1750 1326 1809 volucribus»,
1371 1748 1437 1799 ab
1482 1746 1712 1797 Hercule

687 1837 741 1886 in
776 1830 1002 1884 Arcadia
1040 1830 1251 1892 occisis,
1286 1828 1432 1878 locus
1468 1825 1711 1877 classicus

686 1928 760 1966 est
799 1912 939 1983 apud
988 1909 1297 1963 Pausaniam
1343 1907 1399 1958 in
1446 1904 1712 1958 Arcadicis

687 1996 781 2047 lib.
813 1993 979 2057 VIII,
1030 2011 1135 2050 22,
1187 2010 1215 2040 e
1260 2007 1399 2058 quc,
1441 2005 1559 2056 quae
1607 1986 1712 2037 buc

686 2073 953 2145 praecipue
1013 2081 1254 2140 spectant
1285 2105 1302 2129 ,
1367 2065 1708 2118 adscribam:

682 2145 777 2207 ἐπὶ
816 2149 874 2204 δὲ
924 2159 992 2220 τῷ
1020 2146 1172 2202 ὕδατι
1223 2151 1266 2200 ἐν
1307 2147 1582 2217 Στυμφάλῳ
1622 2166 1711 2196 κοι-

684 2239 815 2301 τέχει
845 2234 982 2302 λόγος
1010 2232 1192 2299 ὄρνιθάς
1218 2247 1313 2279 ποτ
1321 2248 1337 2277 ε
1379 2226 1709 2295 ἀνδροφάγους

683 2321 762 2366 ἐπ’
797 2315 887 2365 αὐτ
894 2320 931 2362 ὢ
963 2316 1232 2379 τραφῆναι.
1269 2308 1456 2367 ταυτας
1491 2326 1587 2357 κατ
1593 2325 1710 2357 οιτο-

684 2397 728 2456 ξε
734 2402 847 2447 ὗσαι
878 2392 968 2450 τὰς
1003 2392 1184 2459 ὄρνιθας
1220 2393 1444 2454 Ηρουιλῆς
1478 2388 1709 2455 >ἐγετοιι,

688 2488 787 2526 etc.
809 2474 876 2525 cf.
899 2472 1111 2522 Santen.
1126 2499 1201 2508 —-
1224 2466 1403 2529 Certa,
1432 2486 1539 2517 nou
1564 2467 1711 2517 aber-

683 2566 831 2605 rante
866 2572 894 2603 a
931 2568 1112 2617 scopo.
1133 2547 1219 2598 Sic
1244 2546 1434 2615 passim
1458 2558 1611 2595 certus
1642 2544 1708 2595 de

683 2653 797 2684 arcu
821 2672 835 2693 ‚
858 2651 996 2682 nervo
1017 2669 1033 2689 ,
1052 2633 1148 2678 ictu
1164 2667 1175 2686 ,
1197 2626 1335 2676 hasta
1350 2666 1365 2688 ‚
1387 2625 1581 2685 dextra,
1601 2638 1706 2676 etc.

772 2730 793 2762 1
813 2718 891 2774 14.
926 2707 1137 2760 Pertulit
1166 2707 1222 2757 in
1254 2705 1499 2776 plurimis
1533 2703 1704 2758 Codd.

684 2824 762 2833 —-
782 2791 868 2845 Sic
896 2788 1039 2860 apud
1069 2785 1279 2838 Livium
1305 2784 1491 2854 perculi
1522 2798 1572 2837 et
1594 2805 1706 2853 per-

686 2872 777 2923 tuli
839 2880 1237 2924 commutarunt
1301 2865 1526 2916 librarii.
1578 2863 1705 2916 vid.

689 2950 1070 3003 Drackenborch.
1106 2945 1172 2998 ad
1199 2945 1315 2996 Liv.
1359 2957 1486 2997 tom.
1526 2945 1624 3006 IV,
1653 2964 1703 3014 p.

684 3039 816 3100 949.
837 3065 918 3073 --
941 3029 1204 3080 Deterior-is
1232 3027 1332 3076 heri
1346 3064 1359 3084 ,
1399 3024 1707 3093 Eurysthei,

683 3113 774 3182 qui
817 3113 880 3163 ab
923 3111 1037 3180 ipso
1076 3106 1302 3157 Hercule
1342 3102 1483 3174 apud
1519 3104 1709 3154 Home·

685 3212 808 3244 rum
824 3191 1013 3258 Odys..
1032 3188 1142 3248 XI,
1170 3190 1299 3246 620,
1318 3184 1707 3254 diciturzeipmv

687 3294 804 3340 φως.
828 3272 1010 3320 ——De
1059 3266 1202 3317 fatali
1252 3264 1591 3326 necessitate,
1645 3282 1708 3314 ex

685 3370 789 3423 qua
838 3348 1089 3400 Hercules
1137 3344 1425 3413 Eur3sthei
1481 3343 1707 3411 imperio

688 3431 954 3499 subjectus
980 3425 1125 3488 fuit,
1160 3425 1272 3492 lege
1300 3425 1518 3473 Homer.
1549 3420 1702 3473 Iliad.

681 3511 840 3572 XIX,
870 3510 941 3577 98
973 3524 1087 3574 sqq.

769 3610 789 3642 1
808 3590 894 3642 15.
925 3583 1154 3636 Pluribus
1186 3595 1236 3633 ut
1258 3582 1391 3643 caeli,
1423 3592 1523 3632 etc.
1552 3592 1610 3629 nt
1632 3581 1702 3631 ob

683 3673 815 3723 facta
837 3663 1114 3741 praeclara
1101 3683 1157 3713 in
1171 3678 1448 3713 numerum
1465 3661 1702 3711 Deorum

680 3752 1023 3819 zeciperetur,
1049 3756 1106 3795 ut
1131 3747 1370 3793 interesset
1400 3735 1565 3798 (Hor.
1591 3739 1699 3790 Od.

680 3832 779 3894 IV,
808 3833 874 3892 8,
906 3828 1008 3889 3ο,
1027 3822 1251 3893 )optatis
1277 3820 1598 3889 loe-isepulis
1622 3849 1703 3859 -—

682 3912 843 3961 Janua
882 3907 990 3958 coelc'
1029 3917 1090 3956 ut
1129 3905 1267 3954 limen
1304 3901 1384 3952 vel
1417 3899 1549 3950 limes
1580 3899 1703 3949 caeli.

685 3989 770 4041 Cf.
803 4005 961 4057 supra
985 3983 1054 4035 ad
1080 3984 1259 4036 Carm.
1290 3980 1499 4034 LXVI,
1533 3976 1706 4047 59.—

693 4095 712 4111 «
739 4069 895 4119 Porta
918 4076 1064 4118 tonat
1097 4063 1226 4114 caeli.
1244 4087 1265 4106 n
1288 4059 1479 4129 Vin-gil.
1512 4058 1708 4126 Geor-g.

686 4149 766 4200 111
787 4187 801 4205 ,
838 4150 964 4196 261.
986 4143 1051 4193 N.

1890 1350 2013 1398 116.
2039 1346 2179 1397 Hebe
2212 1361 2296 1398 nec
2331 1347 2481 1416 longa
2506 1350 2810 1416 diffisum,

1802 1438 1854 1477 et
1872 1445 1993 1478 cum
2016 1425 2188 1491 Hebe,
2206 1444 2275 1478 ne
2291 1423 2470 1478 vetula
2487 1427 2639 1498 virgo
2658 1427 2816 1492 fleret,

1801 1505 1960 1557 iniret
1982 1506 2288 1575 conjugium
2305 1525 2322 1570 ς
2341 1523 2452 1576 quo
2471 1505 2692 1577 quidem
2712 1509 2817 1580 ipso

1800 1585 1998 1656 recepti
2024 1585 2162 1637 inter
2186 1587 2326 1636 Deos
2349 1585 2529 1638 herois
2552 1587 2664 1640 vita
2690 1586 2819 1641 desi·

1799 1665 1948 1734 gnari
1978 1665 2122 1716 solet.
2156 1666 2238 1718 Cf.
2271 1664 2464 1736 Vix-gil.
2493 1667 2612 1720 Ecl.
2644 1668 2745 1732 IV,
2766 1688 2815 1722 v.

1801 1745 1898 1796 ult.
1927 1744 2143 1796 Homer.
2168 1743 2359 1815 Odyss.
2378 1745 2818 1812 X1‚601‚602.·

1799 1856 1877 1865 --
1894 1825 2039 1883 ἀυτὸς
2063 1820 2381 1886 (Hercules)
2413 1820 2477 1878 δὲ
2506 1835 2625 1896 μετ
2654 1829 2823 1880 ἀθανά-

1800 1924 1926 1955 τοισι
1975 1907 2120 1956 θεοῖσι
2148 1906 2395 1976 Τέρπιται
2434 1907 2484 1957 ἄν
2522 1908 2693 1976 θαλίῃς
2671 1945 2718 1972 ,
2742 1909 2818 1961 ui

1798 1984 1897 2052 ἔχει
1927 1985 2237 2054 καλλίσφυρον
2269 1973 2430 2048 ῙΪΙβην.

1886 2081 2021 2133 ¹¹7·
1999 2069 2160 2117 -.118
2197 2065 2431 2128 Mirum,
2466 2079 2732 2136 qnantum
2767 2069 2822 2120 li·

1798 2142 1880 2193 bri
1926 2157 2129 2195 veteres
2171 2144 2228 2195 in
2265 2144 2368 2197 hoc
2405 2163 2566 2198 versu
2604 2149 2820 2201 variant.

1802 2224 1905 2288 Qui
1932 2223 2090 2274 divum
2116 2224 2391 2275 domitum
2375 2243 2432 2276 m
2464 2226 2719 2295 plurimis
2741 2247 2823 2280 00·

1800 2300 2007 2354 dicibns
2050 2302 2193 2373 apud
2241 2303 2578 2359 Santenium.
2615 2340 2698 2349 —
2731 2309 2825 2378 Qu·

1798 2382 1953 2433 davum
1995 2384 2199 2434 domina·
2243 2384 2300 2434 in
2342 2383 2594 2439 Vatican.
2619 2420 2704 2430 —
2731 2389 2824 2456 Ου’

1800 2476 1927 2514 tuum
1942 2463 2198 2515 domitum
2184 2478 2239 2515 in
2257 2463 2640 2534 septemdecim
2653 2467 2821 2522 Codd.

1798 2543 2033 2594 Santenii
2070 2557 2122 2596 et
2152 2541 2388 2595 editione
2421 2546 2593 2618 Rheg.
2618 2577 2704 2591 --
2731 2550 2825 2617 Qui

1796 2624 1955 2673 divum
1995 2623 2232 2675 dominum
2259 2624 2314 2675 in
2340 2623 2547 2679 Codice
2586 2627 2751 2680 Corv.
2778 2640 2826 2678 et

1795 2702 2043 2754 Lambin.
2090 2715 2143 2755 et
2179 2701 2329 2755 editt.
2355 2704 2572 2759 Vioent.
2610 2720 2665 2759 et
2687 2708 2823 2760 Brix-

1801 2814 1870 2824 --
1899 2782 2002 2849 Qui
2028 2795 2123 2833 tum
2147 2782 2204 2834 in
2232 2781 2530 2838 Bodleiano
2557 2799 2616 2839 et
2639 2787 2824 2840 Ilumb-

1800 2862 2025 2933 Quinque
2048 2862 2204 2913 divum
2236 2862 2293 2913 in
2320 2864 2754 2919 Commelinimo
2778 2880 2828 2919 et

1795 2942 1978 2993 Balnz.
1998 2970 2077 2981 --
2105 2943 2296 3012 Quique
2328 2956 2460 2994 tutem
2492 2946 2742 2999 domimus
2776 2948 2824 2998 in

1797 3022 1956 3073 altera
2005 3020 2149 3074 Sane.
2178 3051 2259 3061 —
2285 3025 2419 3090 Quin
2462 3025 2522 3077 in
2573 3026 2730 3079 Leid.
2770 3056 2819 3069 «-

1801 3101 1948 3167 Quod
1972 3102 2129 3152 divum
2155 3101 2399 3154 dominum
2428 3105 2557 3158 Ald.
2582 3138 2669 3148 --
2690 3105 2831 3176 Qud

1796 3181 1952 3231 divum
1972 3182 2198 3232 domitum
2211 3182 2401 3253 scalig.
2421 3190 2483 3237 et'
2503 3186 2829 3258 Raphelmg.

1796 3293 1875 3301 —
1898 3261 2179 3331 Explicant
2221 3262 2481 3315 nimirum
2513 3267 2834 3337 interpretes

1797 3341 1953 3390 divum
1977 3340 2044 3392 de
2064 3341 2320 3405 Hercule,
2353 3343 2478 3413 qui,
2510 3359 2574 3398 ut
2603 3347 2834 3417 Vulpius

1796 3438 1859 3471 ex
1881 3420 2135 3472 Athenaeo
2160 3421 2199 3470 l.
2220 3423 2359 3474 XIII
2375 3443 2457 3495 ,p-
2487 3426 2631 3489 603,
2650 3424 2835 3489 dooet,

1790 3498 2076 3572 Eurysthei
2106 3517 2287 3553 amore
2313 3502 2549 3556 irretitus
2575 3518 2745 3577 atque
2769 3507 2837 3557 ita

1791 3578 2028 3630 domitus
2055 3580 2137 3631 sit.
2169 3581 2273 3649 Qui
2300 3594 2344 3632 te
2363 3602 2461 3633 non
2489 3584 2736 3636 denuita-
2758 3604 2840 3636 ex·

1790 3658 1979 3711 hibent
1994 3658 2262 3712 Guarinus
2281 3674 2332 3713 et
2347 3662 2622 3735 Excerpta
2649 3658 2840 3717 Ruhn-

1791 3738 1953 3791 kenii.
1987 3769 2067 3780 —
2094 3740 2245 3807 Quod
2268 3741 2452 3793 domini
2490 3742 2760 3796 dominun*
2785 3744 2835 3793 in

1796 3818 2142 3870 Variantibus
2169 3820 2344 3872 Latini
2376 3821 2601 3875 Latinii.
2631 3855 2717 3866 —
2739 3823 2840 3891 Qui

1797 3910 1908 3948 tunc
1942 3910 1986 3948 te
2021 3898 2300 3951 indomitum
2326 3899 2382 3952 in
2415 3904 2666 3972 margine
2697 3898 2840 3955 cod.

1796 3979 1913 4028 Dat.
1944 3978 2071 4031 Haec
2112 3978 2274 4051 igitur
2313 3980 2563 4034 lectionis
2607 3981 2839 4033 varietas

1796 4057 2038 4110 incitavit
2117 4057 2437 4114 emendandi
2530 4059 2784 4114 studium
2817 4075 2835 4121 ;

1796 4136 1981 4189 Franc.
2037 4138 2289 4201 Paccius,
2315 4139 2533 4211 quidem
2585 4140 2838 4192 tennbtt
