2986 4935
1056 530 1110 591 T
1123 531 1174 596 A
1190 531 1315 597 BU
1330 533 1386 598 L
1401 536 1447 600 A
1462 584 1475 598 .
2138 546 2232 617 62
2248 548 2289 617 3

356 658 499 725 LV.
564 655 663 723 Ad
706 657 1085 725 Camerium
1127 658 1528 757 (objurgatio
1559 665 1640 733 de
1666 668 1879 737 celato
1907 696 2080 742 amo-

585 764 674 831 ris
718 758 965 852 fructu)
993 812 1909 842 ..................
1928 781 2085 875 Pag.
2155 785 2293 859 158

310 870 497 935 LVI.
556 869 661 936 Ad
697 872 1019 939 Catonem
1053 864 1499 959 (cachinnatio
1535 878 1618 947 de
1655 883 1914 975 pueruli
1944 912 2091 980 pro-

579 989 769 1043 tervo
807 972 1149 1065 tirocinio)
1161 1028 2064 1057 ..................
2149 1000 2289 1085 164

260 1082 492 1148 LVII.
550 1081 654 1148 Ad
683 1084 1094 1154 Mamurram
1138 1102 1205 1153 et
1234 1089 1561 1157 Caesarem
1592 1084 1984 1183 (ludificatio
2020 1099 2083 1168 il-

580 1186 795 1257 lorum
830 1182 1318 1285 unanimitatis)
1357 1244 2064 1271 ..............
2149 1209 2287 1280 165

217 1295 488 1360 LVIII.
540 1293 643 1361 Ad
690 1293 963 1363 Caelium
1009 1298 1091 1365 de
1134 1300 1371 1369 Lesbia
1412 1292 1907 1397 (procacissima
1950 1309 2083 1380 libi-

579 1400 747 1469 dinis
780 1395 1059 1490 notatio)
1097 1452 2065 1483 ...................
2148 1445 2170 1489 1
2191 1420 2285 1518 67

300 1509 479 1573 LIX.
538 1508 644 1575 De
677 1507 852 1575 Rufa
898 1524 967 1577 et
1005 1510 1253 1579 Rufulo
1290 1503 1749 1605 (sordidissimi
1791 1524 2077 1618 conjugii

580 1604 1584 1705 insectatio)............
1622 1673 2060 1696 .........
2146 1634 2284 1706 168

329 1721 473 1786 LX.
532 1722 1002 1812 Fragmentum
1049 1724 1537 1815 imprecationis
1565 1777 2058 1801 ..........
2144 1765 2284 1836 170

296 1827 480 1891 LXI.
542 1828 619 1892 In
652 1830 916 1919 nuptias
943 1825 1130 1895 Juliae
1164 1844 1227 1896 et
1257 1830 1486 1899 Manlii
1520 1824 2075 1933 (epithalamium)
2145 1872 2269 1942 ¹7¹

250 1933 484 1998 LXII.
547 1934 834 2000 Carmen
891 1933 1184 2027 nuptiale
1229 1938 1595 2006 amoebeum
1638 1956 1703 2009 et
1735 1943 2073 2038 dactylicis

577 2039 876 2107 versibus
907 2042 1172 2109 senariis
1202 2047 1648 2139 conscriptum
1671 2096 2057 2118 ........
2146 2081 2278 2153 ¹97

222 2136 484 2211 LXIII.
545 2147 648 2212 De
692 2147 819 2238 Aty
866 2142 1157 2229 (carmen
1198 2145 1739 2246 Galliambicum)
1777 2204 2058 2225 ......
2134 2189 2278 2260 207

865 2269 2058 2346 argumentum...........*...
2135 2295 2279 2367 207

863 2358 1144 2427 diatribe
1175 2362 1257 2429 de
1291 2378 1504 2431 metro
1533 2365 1968 2438 Galliambico
1988 2421 2003 2435 .
2040 2421 2056 2437 .
2134 2379 2282 2448 208

862 2490 1127 2534 carmen
1146 2515 2056 2544 ..................
2136 2509 2174 2550 2
2198 2508 2221 2551 1
2242 2512 2279 2554 2

210 2568 472 2635 LXIV.
531 2569 1051 2662 Epithalamium
1089 2573 1261 2643 Pelei
1302 2590 1368 2644 et
1404 2577 1724 2647 Thetidos
1730 2630 2058 2650 .......
2135 2591 2280 2663 225

536 2677 1019 2767 Argumentum
1039 2726 2060 2757 ....................
2136 2721 2173 2763 2
2190 2723 2226 2764 2
2244 2697 2281 2768 5

538 2784 824 2851 Carmen
834 2831 2058 2863 ........................
2134 2800 2229 2871 23
2251 2829 2272 2871 1

137 2884 219 2952 C.
266 2884 519 2954 Valerii
569 2888 813 2956 Catulli
860 2892 1190 2959 Carmina.
1240 2896 1398 2962 Pars
1447 2895 1689 2983 altera,
1738 2924 1882 2993 quae

138 2989 461 3084 Elegiaca
500 2996 795 3062 continet
829 3043 2058 3074 ........................
2135 3015 2279 3110 287

138 3098 460 3167 Praefatio
504 3101 845 3194 Docringii
879 3150 2059 3180 .......................
2135 3122 2285 3215 289

139 3205 328 3272 Novi
367 3205 635 3273 editoris
673 3210 1011 3277 annotatio
1051 3211 1119 3276 in
1147 3235 1374 3279 versus
1419 3214 1662 3282 Catulli
1700 3217 2058 3311 elegiacos.
2134 3251 2269 3321 291

253 3313 471 3378 LXV.
520 3312 619 3378 Ad
647 3312 995 3381 Hortalum
1031 3304 1410 3407 (obtestatio
1438 3322 1739 3390 amicitiae
1768 3324 1926 3392 dum
1960 3325 2102 3395 ele-·

531 3419 705 3511 giam
746 3418 1132 3489 Callimachi
1163 3421 1362 3491 latine
1400 3425 1719 3494 redditam
1753 3431 1974 3516 mittit,
2013 3450 2079 3502 et

464 3599 478 3615 ·
532 3521 747 3593 luctus
808 3527 872 3592 in
921 3542 1135 3595 morte
1180 3522 1439 3621 fratris)
1461 3579 2061 3604 ............
2140 3544 2287 3638 293

258 3631 512 3696 LXVI.
571 3632 676 3697 De
715 3656 904 3698 coma
944 3635 1288 3703 Berenices
1310 3684 2064 3710 ...............
2141 3674 2283 3745 297

226 3737 515 3803 LXVII.
575 3734 675 3802 Ad
701 3737 968 3829 januam
1005 3741 1280 3809 moechae
1309 3743 1649 3835 cujusdam
1687 3736 1958 3838 (narrat
1983 3756 2082 3820 Ja-

534 3866 666 3909 nua
725 3868 1134 3938 quaecunque
1190 3848 1366 3915 furta
1417 3851 1484 3917 in
1539 3876 1764 3922 amore
1818 3855 2083 3927 domina

584 3947 846 4033 fecerit)
886 3998 2067 4030 .......................
2144 3967 2290 4038 313

195 4054 518 4120 LXVIII.
582 4053 683 4121 Ad
713 4056 1034 4124 Manlium
1070 4053 1447 4140 (obtestatio
1479 4066 1781 4135 amicitiae
1815 4084 1881 4135 et
1918 4075 2086 4164 grati

587 4161 825 4245 animi,
853 4163 1300 4234 intercedente
1337 4167 1536 4263 longo
1561 4173 1934 4244 Laodamiae
1962 4181 2088 4272 epi-
