2986 4935
803 469 1245 537 CARMEN
1302 469 1554 535 CVII.

2088 422 2232 563 387

214 612 438 696 Quare
482 604 611 671 hoc
656 617 755 669 est
797 617 1057 695 gratum
1083 655 1101 685 ‚
1140 600 1328 668 nobis
1364 625 1629 694 quoque
1670 602 1884 670 carius
1919 625 2116 691 aur0,

320 709 521 800 Quod
564 724 628 777 te
667 710 985 792 restitui5‚
1025 707 1300 792 Lesbia,
1344 708 1434 773 mi
1480 708 1741 801 cupido.

215 818 529 887 Restitnis
557 815 798 909 cupido
817 869 835 900 ,
867 829 1065 908 atque
1095 814 1451 907 insperanti
1483 816 1619 906 ipsa
1653 814 1855 882 refers
1885 828 1949 880 te

322 925 550 994 Nobis.
591 926 653 990 O
690 920 902 990 lucem
940 919 1318 989 candidiore
1352 916 1542 987 nota!

217 1033 383 1120 Quis
427 1055 535 1099 me
581 1053 716 1096 uno
760 1029 927 1095 vivit
960 1025 1247 1112 felicior,
1288 1041 1402 1093 aut
1446 1026 1656 1119 magis
1691 1027 1816 1094 hac
1860 1026 2018 1120 quid

196 1267 314 1329 3-4.
348 1265 547 1317 Durius
567 1301 582 1326 ,
613 1263 785 1332 inquit
817 1261 1046 1325 Statius»,
1073 1264 1129 1313 τὸ

118 1346 247 1398 nobis
286 1364 469 1417 quoque
504 1360 663 1413 quam
689 1340 998 1393 Catullianae
1025 1340 1130 1392 ele-

119 1425 299 1497 gantiae
312 1423 560 1478 convenit
575 1441 590 1487 ;
604 1419 832 1492 proinde
847 1418 1129 1490 legendum

121 1508 250 1558 forte
274 1515 426 1575 putat
449 1502 673 1573 nobisque
698 1501 785 1550 hoc
808 1504 965 1550 carius
991 1519 1130 1551 auro.

120 1585 307 1635 —Vel
339 1583 516 1652 aliqua
547 1581 681 1632 inter
719 1578 821 1632 hoc
865 1577 1130 1630 distichon

121 1678 170 1717 et
200 1661 253 1715 id
270 1702 285 1728 ‚
311 1660 458 1733 quod
482 1659 773 1731 praecessit.
805 1656 1130 1721 desiderari,

120 1743 197 1795 vel
222 1760 331 1795 esse
355 1743 688 1802 ἀνακόλουθον,
716 1756 994 1808 perperam
1027 1750 1129 1789 sta-

122 1822 218 1875 tuit
260 1822 529 1891 Vulpius;
576 1830 653 1870 est
692 1817 834 1869 enim
878 1817 1131 1868 orationis

121 1920 278 1953 nexus
302 1900 413 1952 fere
435 1899 523 1953 bic
544 1916 556 1950 ε
588 1924 609 1943 ι
628 1897 684 1948 Si
707 1897 790 1949 cui
809 1935 824 1958 ,
851 1895 1000 1967 quod
1025 1915 1130 1947 ma·

122 1980 253 2032 xime
303 1991 574 2051 optaverat
597 2016 611 2040 ‚
666 1989 859 2048 praeter
914 1993 1128 2027 omnem

122 2078 260 2130 spem
282 2069 337 2112 et
359 2058 665 2129 opinionem
689 2056 904 2126 obtigit,
926 2054 983 2106 id
1005 2073 1129 2108 sane

121 2140 227 2209 ejus
251 2138 434 2191 animo
456 2138 611 2206 longe
642 2148 720 2187 est
748 2134 1128 2205 gratissimum;

122 2236 282 2287 quare
311 2217 448 2269 mihi
480 2233 695 2287 quoque
717 2214 773 2267 id
804 2232 946 2267 nunc
974 2214 1129 2283 longe

122 2309 194 2349 est
216 2296 585 2367 gratissimum,
604 2293 751 2365 quod
773 2294 961 2345 Lesbia
984 2311 1100 2346 mea
1115 2331 1130 2357 ‚

121 2394 275 2447 quam
297 2389 447 2428 tanto
467 2372 657 2427 ardore
685 2372 1127 2433 desideraveram,

121 2469 303 2526 praeter
333 2474 548 2508 omnem
574 2473 719 2525 spem
752 2466 803 2505 et
823 2452 1130 2523 opinionem

122 2549 302 2606 sponte
330 2553 540 2586 mecum
566 2532 724 2586 rediit
753 2533 809 2584 in
831 2533 1069 2602 gratiam.
1100 2559 1121 2576 ι-

122 2613 321 2667 -Sed
357 2613 415 2667 id
447 2615 503 2666 in
542 2614 645 2666 boc
684 2631 840 2665 versu
876 2630 962 2663 me
996 2612 1131 2664 male

122 2694 306 2759 habet,
349 2693 498 2764 quod
535 2693 678 2746 nulla
718 2692 911 2763 copula
950 2689 1129 2755 adest,

122 2792 220 2845 qua
250 2787 449 2845 gratum
478 2786 530 2826 et
564 2777 721 2825 carius
756 2791 875 2823 aur-0
905 2771 1043 2823 inter
1079 2791 1131 2823 se

122 2864 439 2906 nectuntur:
474 2865 606 2924 puto
647 2853 807 2922 igitur
846 2848 1126 2920 legendum

121 2932 259 2986 hunc
288 2952 499 2986 versum
522 2952 629 2985 esse
657 2932 738 2983 vel
758 2970 773 2994 ,
795 2932 1003 2995 «Quare
1025 2930 1128 2982 hoc

124 3026 194 3065 est
244 3024 460 3084 gratum
512 3012 665 3064 nobis
691 3049 707 3076 ‚
770 3010 899 3082 quin
960 3010 1130 3061 carius

122 3109 281 3144 auro:
308 3119 333 3139 n
372 3092 488 3155 vel,
520 3118 543 3138 ι
563 3091 740 3156 Quare
775 3090 881 3142 hoc
906 3101 977 3141 est
1012 3108 1129 3159 gra-

121 3184 234 3224 tum
261 3171 421 3224 nobis
440 3189 651 3242 quoque
670 3210 686 3235 ‚
713 3171 883 3223 carior
907 3186 1036 3220 auro
1056 3206 1071 3232 ,
1098 3194 1122 3214 ι

125 3263 180 3303 ut
196 3255 359 3304 carior
369 3248 703 3303 referaturad
719 3250 888 3301 Lesbia
907 3248 961 3299 in
977 3267 1125 3299 versu

126 3332 337 3384 minori.
381 3330 467 3382 Sic
504 3330 747 3382 Tibullus
791 3330 845 3393 1,
904 3331 975 3391 8,
1015 3327 1081 3378 31
1114 3344 1126 3377 :

131 3435 151 3455 ι
173 3412 366 3464 Carior
383 3423 460 3462 est
478 3429 608 3462 auro
621 3409 853 3480 juveniS,
874 3407 958 3459 cui
981 3406 1128 3458 lavia

124 3489 323 3561 fulgent
354 3489 494 3554 Ora,
523 3508 622 3542 nec
649 3489 927 3559 amplexus
949 3505 1128 3557 aspera

123 3569 283 3624 barba
332 3571 473 3621 terit.
500 3595 522 3615 ι
550 3601 629 3610 ——-
650 3569 805 3619 Hunc
836 3585 1043 3619 versum
1095 3568 1125 3617 3

126 3649 440 3720 Doeringius
474 3661 719 3719 torquere
750 3647 1027 3699 infeliciter
1053 3646 1126 3698 la-

124 3727 292 3783 borat.
333 3725 483 3794 Quid
510 3739 586 3779 est
623 3746 718 3780 cur
742 3724 1004 3778 desideret
1036 3744 1128 3777 co·

123 3810 301 3877 pulam
320 3849 337 3877 ,
364 3825 531 3878 quum
564 3809 618 3858 τὸ
654 3826 836 3878 quoque
860 3805 1022 3869 adsit,
1055 3805 1131 3856 ibi

126 3905 219 3956 pu·
269 3897 345 3957 τῷ
396 3891 538 3939 etiam
566 3908 584 3947 ;
639 3900 695 3937 ut
737 3885 906 3938 oratio
948 3902 1133 3954 proce·

125 3965 210 4020 dat
242 3969 317 4021 sic
352 3985 366 4018 :
401 3993 421 4014 ι
450 3966 565 4017 Hoc
600 3977 676 4016 est
718 3966 850 4018 mihi
892 3977 1096 4036 gratum
1120 4003 1134 4026 ,

127 4051 215 4099 imo
240 4052 390 4100 etiam
416 4045 587 4098 carius
606 4064 794 4097 auron.
815 4044 1001 4097 Horat.
1027 4045 1132 4096 Sat.

128 4126 182 4188 Ι,
213 4131 247 4176 6
270 4167 285 4190 ,
314 4130 426 4188 84τ
459 4151 482 4171 ι
505 4125 622 4175 Νοη
649 4126 819 4176 solum
846 4126 1018 4188 sacto,
1048 4143 1135 4173 ve-

1220 1279 1340 1312 rum
1368 1261 1662 1331 opprobrio
1688 1280 1901 1332 quoque
1919 1252 2107 1329 (etiam)
2129 1275 2239 1314 tur-

1221 1340 1293 1409 pi.
1325 1366 1346 1387 ι
1384 1340 1526 1393 Gell.
1558 1341 1711 1393 Noct.
1748 1343 1854 1393 Att.
1898 1342 2092 1403 XVII,
2134 1360 2197 1393 υ
2225 1360 2238 1393 :

1222 1441 1241 1460 ··
1262 1419 1384 1471 Non
1412 1418 1655 1490 sophistas
1697 1420 1897 1484 solum,
1936 1419 2028 1473 sed
2063 1421 2241 1492 philo-

1220 1499 1374 1569 sophi
1406 1518 1591 1571 quoque
1613 1524 1659 1550 ι.
1693 1501 1762 1551 Ν.

1303 1578 1356 1631 5.
1395 1579 1541 1649 Ipsa,
1577 1592 1779 1649 sponte.
1811 1578 1894 1631 Cf.
1928 1597 2042 1650 sup.
2073 1578 2139 1631 ad
2176 1583 2237 1633 C.

1218 1657 1428 1719 LXIII,
1464 1658 1560 1711 56.
1594 1659 1760 1724 Refer-s
1797 1671 1868 1722 te,
1895 1658 2058 1710 offers
2089 1673 2139 1712 te
2167 1680 2247 1712 re·

1219 1737 1577 1801 conciliatam,
1597 1736 1754 1789 redis.
1774 1739 1938 1807 Prop.
1966 1740 1990 1789 1
2004 1776 2018 1802 ,
2037 1756 2058 1789 1
2073 1741 2129 1801 8,
2155 1757 2176 1789 ι
2196 1758 2241 1792 1:

1227 1840 1248 1861 ιι
1275 1815 1361 1867 Sic
1386 1816 1516 1867 mihi
1544 1829 1593 1868 te
1622 1818 1818 1868 referas
1841 1817 1998 1883 levis,
2022 1831 2119 1869 etc.
2151 1845 2171 1864 ι

1300 1898 1355 1948 6.
1403 1896 1451 1947 O
1487 1897 1603 1947 milei
1635 1916 1749 1946 cara
1788 1900 1942 1964 magis
1971 1898 2245 1950 candidiore

1217 1986 1331 2024 nota
1359 1975 1413 2025 in
1446 1972 1572 2027 edit.
1612 1975 1860 2027 Parthen.
1897 1988 1950 2027 et
1982 1976 2096 2028 ali1s
2125 1980 2244 2048 qui-

1216 2052 1438 2106 busdam
1462 2068 1584 2107 vett.
1609 2086 1686 2096 —
1704 2053 1807 2107 Sed
1834 2056 1889 2106 in
1912 2054 2067 2108 MSS.
2095 2056 2248 2109 Statii

1216 2145 1292 2185 est
1328 2134 1480 2185 Nobis
1512 2155 1541 2183 ο
1573 2135 1674 2184 luce
1710 2147 1760 2185 et
1797 2136 1961 2188 lucem.
1997 2135 2246 2203 Ejusdem

1217 2213 1457 2265 lectionis
1486 2226 1790 2265 vetustatem
1827 2212 1966 2266 dicat
1999 2214 2243 2286 Scaliger.

1218 2325 1297 2334 -
1338 2294 1491 2344 Nobis
1524 2296 1686 2363 junge
1728 2311 1848 2345 cum
1893 2297 2151 2363 imperanti
2190 2297 2244 2348 in

1218 2391 1372 2424 versu
1400 2375 1613 2443 majori,
1633 2392 1694 2425 ex
1713 2373 2006 2426 archaismo
2029 2376 2243 2444 optimis

1216 2452 1563 2524 scriptoribus
1581 2454 1923 2524 frequentato.
1945 2454 2031 2507 Sic
2049 2455 2245 2507 Teren·

1216 2532 1320 2584 tius
1361 2533 1605 2586 Eunuch.
1637 2535 1742 2596 IV,
1769 2534 1831 2598 3,
1867 2553 1897 2603 7
1934 2552 1947 2585 :
1989 2561 2009 2579 ι
2031 2536 2243 2587 absente

1217 2611 1387 2663 nobis.
1407 2638 1428 2656 ι·
1462 2647 1546 2655 —
1571 2613 1740 2665 Plaut.
1768 2613 2039 2683 Amphitr.
2069 2614 2120 2664 11
2137 2653 2152 2679 ,
2183 2634 2209 2666 2
2232 2656 2247 2680 ,

1226 2697 1332 2756 194
1370 2708 1382 2741 ι
1428 2718 1449 2737 e
1472 2693 1626 2745 nobis
1658 2706 1925 2762 praesente.
1950 2720 1971 2739 ι
2006 2726 2084 2736 -
2114 2694 2239 2748 Vid.

1220 2772 1365 2822 Voss.
1397 2768 1465 2822 de
1500 2773 1723 2838 Analog.
1755 2773 1855 2835 IV,
1896 2791 2009 2842 cap.
2050 2773 2117 2825 23
2138 2813 2153 2838 ,
2193 2788 2245 2827 et

1218 2851 1516 2902 Brouckhus.
1545 2849 1610 2903 ad
1635 2851 1833 2903 Tibull.
1859 2853 1968 2908 III.
1998 2856 2030 2905 6
2051 2894 2063 2915 ,
2092 2853 2187 2907 55.

1299 2949 1354 2999 7,
1388 2934 1439 2984 8.
1482 2932 1617 2983 Tam
1653 2931 1795 2982 varie
1831 2931 1934 2983 hoc
1977 2929 2239 2985 distichon

1214 3010 1404 3079 legitur
1419 3049 1434 3073 ,
1452 3023 1512 3062 ut
1532 3029 1707 3062 veram
1730 3030 1759 3062 a
1777 3009 1897 3062 ficta
1917 3012 2139 3063 lectione
2155 3014 2242 3065 vix

1214 3090 1549 3141 internoscas.
1616 3089 1927 3141 Parthenius
1987 3091 2198 3144 exhibet
2228 3113 2241 3144 :

1225 3195 1244 3216 ι
1269 3168 1404 3232 Quis
1438 3187 1524 3220 me
1561 3189 1668 3221 uno
1706 3169 1833 3220 vivit
1875 3169 2109 3236 felicior,
2147 3188 2241 3225 aut

1217 3248 1380 3317 magis
1400 3260 1475 3300 est
1501 3267 1586 3300 me
1607 3246 1885 3320 Optandus
1905 3249 2036 3308 vita,
2063 3248 2239 3303 dicere

1214 3328 1332 3397 quis
1376 3328 1604 3397 poterit?
1623 3354 1644 3373 ι
1699 3347 1798 3379 nec
1843 3327 2118 3399 repudiata
2165 3346 2241 3384 est

1214 3407 1327 3459 baec
1356 3406 1513 3458 lectio
1552 3427 1580 3458 a
1610 3407 1781 3460 Graev.
1799 3408 2013 3473 vossio,
2035 3410 2237 3482 Vulpio

1217 3500 1268 3538 et
1294 3487 1425 3538 aliis.
1460 3484 1568 3538 Sed
1596 3486 1812 3557 indigna
1842 3487 1996 3557 plane
2030 3490 2238 3543 Catullo

1217 3565 1426 3618 videtur
1452 3566 1587 3619 mihi
1612 3567 1722 3620 haec
1746 3567 1986 3619 latinitas.
2006 3602 2087 3610 ——
2109 3571 2244 3622 Sen-

1216 3664 1333 3696 sum
1353 3657 1492 3697 certe
1511 3645 1852 3698 commodum
1875 3646 2051 3698 fundit
2071 3663 2244 3701 nostra

1218 3725 1372 3777 lectio
1413 3744 1474 3775 ex
1521 3725 1669 3778 editt.
1709 3727 1918 3796 Gryph.
1958 3739 2010 3777 et
2045 3728 2246 3782 Mutet.

1220 3803 1544 3873 transcripta.
1586 3805 1698 3858 Nec
1751 3806 1886 3857 male
1933 3805 2244 3860 emendabat

1223 3885 1397 3935 Dousa
1421 3883 1478 3935 P.
1513 3912 1533 3930 α
1555 3897 1645 3936 aut
1686 3885 1775 3936 ista
1811 3884 1909 3936 hac
1940 3884 2241 3954 Optandam

1223 3964 1381 4015 vitam
1421 3960 1596 4016 dicere
1637 3963 1754 4033 quis
1781 3963 2055 4034 poteritx'-
2101 3961 2248 4018 Bene

1226 4062 1439 4113 quoque
1470 4042 1540 4094 ad
1575 4061 1779 4094 sensum
1816 4043 1972 4095 lectio
2004 4042 2249 4098 editionis

1227 4122 1695 4190 Cantabrigiensis,
1735 4149 1754 4166 κ
1778 4136 1867 4173 aut
1901 4141 2047 4191 mage
2073 4139 2248 4177 nostra

1803 4226 1941 4297 25²
