2986 4935
865 486 1308 556 CARMEN
1362 489 1762 554 XXVIII.

2236 486 2374 557 103

550 622 718 688 Tota
763 621 886 686 ista
927 619 1111 687 trabe
1145 617 1359 687 lentus
1397 622 1764 688 inrumasti.
2329 664 2377 689 ι.

555 724 682 793 Sed
707 778 725 811 ‚
761 740 1080 818 quantum
1119 725 1343 810 vide0‚
1379 727 1520 819 pari
1557 725 1766 793 fuistis

557 834 732 899 Casu
770 858 789 916 ;
827 856 979 898 nam
1018 830 1221 898 nihilo
1262 833 1515 898 minore
1557 856 1755 924 verpa

560 938 730 1004 Farti
775 938 945 1005 estis.
996 939 1152 1005 Pete
1190 936 1439 1004 nobiles
1484 939 1749 1004 amicos.

561 1046 646 1111 At
681 1043 869 1110 nobis
913 1042 1081 1110 mala
1120 1041 1327 1110 multa
1365 1045 1473 1111 Dii
1512 1046 1797 1135 Deaeque

553 1151 774 1232 Dent,
819 1149 1180 1243 opprobria
1218 1148 1483 1217 Romuli
1527 1151 1863 1241 Remique.
2333 1181 2381 1216 ιε

230 1341 623 1412 proprietatem
662 1354 893 1412 spectem,
936 1345 1130 1410 supinus
1173 1338 1268 1392 ad·

232 1420 452 1471 umbrat
495 1423 671 1487 σχῆμα
717 1419 948 1471 hominis
993 1420 1270 1472 muliebria

235 1499 501 1568 patientis.
559 1499 712 1550 'Pr-abs
750 1512 826 1550 ωε
863 1502 918 1551 τὸ
960 1494 1146 1566 ἀνδρῶν
1193 1500 1269 1551 αἱ·

237 1574 394 1630 δαῖον.
425 1578 511 1630 Cf.
546 1579 720 1630 Barth.
750 1575 968 1629 Ad'vers.
999 1578 1137 1637 LXI,
1181 1596 1267 1633 ια.

239 1655 710 1720 Quemadmodum
731 1658 948 1708 columna
966 1654 1105 1726 apud
1125 1656 1270 1707 Mar·

239 1736 442 1800 dalem,
461 1737 544 1788 xl
561 1775 576 1799 ,
609 1737 638 1789 5
653 1755 699 1788 1·
725 1738 902 1787 Lentus
915 1736 1157 1800 ,Veneris
1175 1754 1268 1786 usu

241 1816 433 1878 lanus,
468 1814 780 1885 languidus,
820 1816 1104 1867 confectus.
1140 1814 1270 1865 Pro-

243 1907 386 1965 pert.
405 1895 490 1958 11,
521 1896 588 1948 15
607 1935 622 1959 ‚
649 1897 702 1948 8.
727 1927 805 1936 —
837 1897 900 1947 In
923 1894 1050 1946 edit.
1074 1894 1268 1946 Mur-et.

242 1988 296 2026 et
328 1974 446 2025 aliis
477 1973 564 2026 hic
591 1993 788 2026 novum
820 1993 1029 2025 carmen
1063 1971 1271 2025 exordi-

245 2065 359 2112 tur,
383 2051 476 2105 sed
498 2066 683 2106 contra
703 2053 863 2105 fidem
887 2052 1035 2104 MSS.
1065 2065 1118 2104 et
1138 2055 1273 2104 anti·

243 2132 621 2204 quissimarum
647 2132 940 2184 editionum
961 2171 975 2192 ,
1002 2144 1061 2183 ut
1084 2143 1271 2184 testan-

246 2224 340 2263 tur
360 2212 607 2275 Vossius,
635 2213 829 2264 Statius
853 2224 904 2263 et
933 2210 1108 2263 editor
1136 2210 1271 2261 Can-

247 2291 596 2360 tabrigiensis.
623 2292 797 2354 Certe,
821 2309 936 2359 quae
957 2302 1271 2360 sequuntur,

247 2371 455 2440 optime
483 2369 802 2441 respondent
827 2368 1272 2421 antecedentibus.

247 2449 359 2514 Qui
400 2448 504 2501 hoc
544 2469 754 2502 carmen
798 2447 1089 2511 divellunt,
1128 2449 1281 2513 fuisti

251 2530 531 2598 profuistis
552 2529 607 2580 in
631 2548 680 2579 v.
713 2548 734 2579 1
754 2548 803 2593 1,
831 2542 883 2581 et
899 2530 970 2579 Es
987 2530 1150 2595 sareas
1179 2546 1276 2598 pro

247 2610 402 2660 Fam·
423 2612 534 2659 estis
557 2609 609 2659 in
631 2627 683 2659 v.
714 2608 989 2669 13,invitis
1006 2606 1280 2659 codicibus

240 2686 454 2758 legunt.
485 2687 663 2739 Heius.
696 2687 752 2739 in
786 2700 899 2738 not.
927 2686 993 2738 ad
1032 2687 1145 2738 Cat.
1180 2686 1278 2735 mi-

249 2785 370 2818 sere
418 2767 476 2818 in
520 2767 623 2818 hoc
669 2767 903 2818 carmine
948 2763 1279 2817 emendando

248 2845 494 2898 fluctuat.
516 2844 682 2897 Modo
704 2864 804 2916 pro
823 2846 896 2897 Es
913 2846 1076 2911 sortus
1100 2845 1212 2895 vult
1230 2846 1280 2894 Is

240 2928 447 2993 sertus,
484 2923 645 2977 modo
669 2926 888 2994 probat,
921 2923 1066 2994 quod
1089 2922 1277 2974 Achill.

250 3006 387 3057 Stat.
431 3004 611 3073 scripti
653 3002 865 3055 codices
898 3004 1091 3054 habent
1111 3039 1128 3064 ‚
1167 3007 1284 3071 pari

240 3088 415 3151 fuistis
427 3085 556 3137 Casu
569 3097 623 3136 et
644 3084 791 3135 Far-ti
809 3088 939 3144 estis,
959 3082 1120 3133 modo
1139 3094 1280 3133 recte

250 3162 491 3216 codicem
528 3163 883 3216 oxoniensem
925 3180 987 3212 ex
1023 3180 1129 3212 uno
1170 3160 1277 3212 duo

250 3245 632 3314 epigrammata
655 3243 827 3294 facere
843 3239 1059 3312 judicat.
1079 3270 1156 3282 -—
1175 3240 1278 3291 Pro

252 3326 425 3387 lentus,
441 3324 647 3375 Vossius
667 3341 736 3374 ex
755 3320 1018 3374 veteribus
1038 3319 1188 3372 libris
1202 3338 1282 3372 re·

1357 1341 1536 1410 posuit
1565 1353 1735 1391 ternus.
1762 1375 1823 1383 -
1859 1343 1998 1412 Ergo
2030 1344 2244 1396 Vossius
2271 1348 2377 1399 vim

1356 1419 1497 1470 illius
1522 1421 1666 1471 vocis
1698 1422 1750 1471 in
1779 1422 1880 1472 huc
1905 1422 2022 1472 loco
2049 1442 2152 1473 non
2184 1424 2376 1476 intelli-

1355 1499 1506 1567 gebat
1522 1538 1537 1562 ,
1557 1518 1715 1568 quam
1735 1499 1887 1551 valde
1916 1498 2254 1563 ἐπιδεικτικῶς
2277 1507 2372 1557 Ca-

1355 1577 1515 1628 tullus
1537 1577 1776 1630 adhibuit
1795 1615 1810 1631 .
1836 1593 1893 1630 ut
1919 1595 2183 1633 enarraret
2217 1601 2375 1652 quam

1357 1655 1507 1708 facile
1538 1671 1588 1708 et
1617 1676 1795 1710 secure
1822 1655 2050 1718 (Gallice
2076 1680 2186 1711 sans
2217 1682 2266 1713 se
2289 1674 2378 1732 ge'·

1356 1732 1458 1798 ner)
1476 1737 1759 1788 Memmius
1781 1739 1977 1790 amicos
1999 1737 2375 1794 ludificaretur.

1356 1813 1526 1867 Habet
1565 1815 1764 1892 aliquid
1813 1817 1982 1869 simile
2027 1819 2294 1873 Voltarius
2325 1823 2375 1873 in

1356 1893 1608 1947 Hem-iad.
1647 1896 1734 1947 lib.
1780 1915 1847 1948 10
1881 1897 2166 1967 :llsatigue
2186 1902 2218 1949 ὰ
2239 1901 2376 1952 loise'e-

1356 1993 1441 2024 son
1468 1975 1654 2026 terrible
1678 1976 1959 2028 adver-taire.
1979 1978 2045 2029 N.

1443 2071 1464 2102 1
1482 2072 1531 2104 2.
1560 2054 1688 2105 Nam
1717 2056 1866 2105 nihilo
1895 2060 2070 2107 minore
2091 2061 2378 2124 ‘ver-pasarti

1357 2135 1482 2183 estis.
1519 2135 1600 2184 Ab
1633 2152 1778 2203 aeque
1812 2135 1955 2204 turpi
1986 2135 2203 2187 homine
2246 2141 2380 2191 male

1359 2211 1597 2264 mulctati
1624 2214 1744 2264 estis
1760 2250 1775 2276 ‚
1805 2231 1950 2283 oeque
1976 2213 2175 2266 sordidi
2201 2229 2252 2268 et
2278 2218 2379 2269 im·

1358 2291 1475 2360 puri
1495 2292 2001 2345 hominisavaritiam
2019 2296 2217 2365 experti
2240 2298 2380 2351 estis,

1451 2388 1469 2420 1
1484 2370 1534 2421 3.
1558 2372 1677 2421 Pete
1689 2372 1867 2422 nobiles
1883 2377 2057 2423 amIcos
2073 2393 2092 2425 .·
2107 2393 2228 2426 cum
2243 2375 2379 2428 indi-

1358 2450 1606 2519 gnatione
1636 2451 1923 2521 quemlibet
1949 2453 2015 2505 ab
2041 2452 2191 2506 aditu
2208 2453 2276 2507 ad
2300 2455 2379 2508 vi·

1362 2548 1448 2580 ros
1463 2531 1663 2581 nobiles
1678 2544 1886 2584 revocat
1900 2552 1914 2594 ;
1934 2535 1957 2583 1
1970 2552 2133 2593 nunc,
2148 2535 2383 2604 quisquis

1366 2626 1439 2671 es,
1457 2609 1649 2677 inquit,
1667 2622 1718 2660 et
1740 2630 1768 2661 a
1788 2612 2107 2663 nobiliorum
2130 2627 2381 2683 patrono-

1366 2706 1485 2738 rum
1504 2688 1815 2740 liberalitate
1828 2705 2063 2759 exspecta
2082 2691 2387 2745 commoda:

1367 2767 1468 2818 hoc
1501 2779 1574 2818 est
1598 2780 1773 2837 petere
1809 2781 1861 2820 et
1892 2768 2039 2821 adire
2065 2771 2261 2823 amicos
2283 2791 2379 2842 po·

1371 2858 1534 2897 tentes
1555 2848 1567 2898 !
1592 2860 1729 2898 tanta
1753 2849 1820 2899 ab
1843 2849 1905 2899 iis
1932 2848 2228 2901 redundare
2251 2852 2382 2905 solet

1368 2925 1582 2979 utilitas».
1593 2926 1871 2978 —lssadem
1892 2942 2064 2979 mente
2088 2930 2237 2999 Virg.
2261 2933 2380 2982 AEn.

1369 3005 1476 3055 VII
1495 3043 1509 3067 ‚
1538 3012 1603 3067 42
1634 3025 1645 3056 :
1686 3032 1706 3052 ι
1747 3007 1772 3054 Ι
1801 3024 1973 3070 nunc,
2005 3008 2218 3076 ingratis
2246 3009 2383 3060 offer

1368 3096 1446 3146 te,
1475 3085 1623 3136 irrise
1646 3122 1659 3147 ‚
1688 3085 1893 3155 periclis
1925 3110 1946 3128 ι
1977 3123 1991 3148 ,
2018 3098 2115 3137 etc.
2142 3088 2207 3137 N.

1455 3181 1472 3213 ι
1490 3166 1543 3216 5.
1580 3164 1851 3233 opprobria
1874 3166 2011 3216 Rom.
2039 3167 2170 3216 Rem.
2201 3167 2389 3217 Roma-

1371 3263 1448 3294 nae
1464 3245 1633 3310 gentis
1651 3242 1933 3307 dedecora,
1963 3245 2162 3313 ἐλέγχεα
2181 3283 2195 3308 ,
2216 3242 2393 3309 mem,

1373 3322 1442 3375 cf.
1464 3324 1730 3375 Bentleius
1749 3323 1813 3375 ad
1837 3324 1967 3375 Hor.
1989 3323 2097 3376 Od.
2127 3343 2144 3375 ι
2159 3362 2174 3388 ,
2192 3324 2281 3393 37.
2301 3344 2356 3392 9.
