2986 4935
838 477 1285 546 CARMEN
1344 481 1723 549 LXVIII.

2199 481 2346 556 333

414 608 656 679 Attulit
685 610 832 679 :hei
872 611 1111 678 misero
1158 610 1361 680 frater
1406 613 1715 709 adempte
1754 612 1951 684 mihi!

304 722 432 786 Hei
470 720 712 786 misero
756 717 941 785 fratri
975 717 1602 811 jucundum-lumen
1639 721 2057 817 ademptum!

412 828 663 893 Tecum
693 849 826 892 una
859 838 998 893 tota
1035 840 1133 893 est
1170 841 1398 894 nostra
1436 826 1696 921 sepulta
1731 828 2000 916 domus3

301 934 550 999 Omnia
595 947 814 1001 tecum
862 955 992 998 una
1037 934 1377 1025 perierunt
1417 933 1658 1027 gaudia
1706 950 1962 1021 nostra,
2291 972 2342 1019 9³

416 1040 583 1126 Quae
626 1053 776 1106 tuus
812 1039 878 1105 in
916 1039 1049 1106 vita
1087 1037 1297 1106 dulcis
1338 1039 1555 1109 alebat
1587 1065 1796 1109 amor.

300 1147 524 1232 Quem
558 1169 735 1212 nunc
771 1163 909 1211 tam
944 1142 1137 1238 longe
1176 1170 1311 1213 non
1343 1149 1513 1213 inter
1545 1162 1701 1215 nota
1733 1147 2061 1241 sepulcra,

412 1251 553 1320 Nec
588 1276 797 1344 prope
825 1265 1144 1343 cognatos
1178 1253 1620 1345 compositum
1654 1256 1907 1322 cineres
1930 1310 1947 1337 ‚

301 1358 431 1426 Sed
464 1357 663 1449 Troja
694 1357 1227 1448 obscena‚Troja
1264 1357 1523 1425 infelice
1560 1358 1890 1452 sepultum

190 1595 329 1664 gula:
381 1613 477 1646 nec
520 1596 730 1667 appingi
778 1597 887 1647 sine
934 1596 1203 1658 molestia,

193 1694 291 1726 nec
341 1675 550 1727 lustrari
604 1676 716 1727 sine
757 1675 912 1727 taedio
953 1689 1206 1743 possunt3

192 1772 259 1805 en
307 1754 500 1805 harum
553 1756 787 1824 potiores
829 1774 841 1807 :
893 1755 1019 1822 Ouoe
1062 1776 1211 1826 nuper

192 1847 359 1884 nostro
405 1835 771 1899 Passeratius;
822 1835 948 1902 Quae
991 1854 1113 1885 nuuc
1162 1848 1209 1884 et

192 1926 356 1964 nostro
413 1914 717 1978 Marciliu33
775 1915 900 1984 Quae
922 1954 935 1975 ,
984 1934 1046 1965 ve
1069 1954 1082 1975 ,
1140 1927 1211 1966 tet·

190 2007 358 2045 nostro
371 1992 595 2063 Scaliger
608 1995 661 2045 in
681 1994 857 2064 priore
878 1994 1206 2058 recensione;

196 2074 324 2141 (Μαι
354 2075 442 2129 (ve
467 2077 570 2134 te),
602 2087 763 2124 nostro
792 2075 845 2125 iu
876 2077 1203 2145 posteriore3

194 2154 325 2221 Quoe
346 2194 359 2215 ,
413 2172 520 2213 vce,
552 2174 664 2215 vce,
696 2167 744 2204 et
778 2167 939 2205 nostro
970 2173 1205 2205 commo·

188 2231 405 2284 dissime
445 2234 866 2304 Raphelengius;
909 2235 1127 2301 Quoemet
1159 2248 1205 2283 et

189 2313 425 2364 idnostro
440 2314 660 2365 vosqius
677 2351 692 2378 ,
713 2314 798 2366 cui
826 2313 1060 2366 adhaeret
1077 2315 1204 2365 Vul-

183 2394 342 2463 pius;
372 2394 427 2443 V
423 2415 464 2444 ce
493 2395 634 2455 milei,
675 2413 780 2464 quae
802 2407 876 2449 et,
912 2394 990 2444 vel
1022 2395 1204 2460 Quaene

186 2478 334 2525 etiam
366 2475 423 2526 id
455 2474 733 2538 Heinsius,
772 2477 920 2543 cujus
950 2476 1205 2543 posterio-

184 2574 303 2606 rem
337 2553 758 2607 emendationem
796 2554 993 2624 recepit
1020 2556 1202 2605 Sante·

182 2634 327 2687 nius.
349 2634 540 2685 Varios
580 2633 922 2685 librariorum
966 2653 1201 2697 errores,

183 2734 214 2765 e
254 2712 452 2783 quibus
482 2716 568 2766 vix
616 2712 731 2765 elici
764 2726 937 2782 potest
976 2733 1094 2764 sana
1125 2714 1200 2764 le-

174 2795 329 2858 ctio,
364 2793 487 2845 vide
536 2792 678 2865 apud
722 2793 1048 2845 Santenium.
1089 2794 1200 2863 Ego

176 2872 315 2927 dedi
342 2875 606 2944 vulgatam
640 2873 919 2925 lectionem
947 2873 1002 2923 in
1030 2873 1200 2941 pluri·

177 2954 289 3006 mis
323 2951 468 3005 editt.
503 2965 621 3024 post
651 2952 849 3005 Aldum
886 2953 1158 3021 repetitam
1185 2994 1198 3015 ‚

175 3046 235 3086 et
258 3032 504 3085 facilitate
523 3051 612 3084 sua
642 3052 693 3083 se
715 3029 1192 3084 commendantem.

174 3145 263 3155 -—
296 3113 559 3164 Fraternae
595 3113 779 3165 mortis
802 3109 1198 3174 recordatione,

170 3212 347 3263 quam
393 3192 674 3243 refricabat
706 3193 881 3261 Trojae
919 3190 1161 3258 cogitatio
1185 3232 1199 3253 ,

173 3274 380 3325 iterum
415 3273 574 3322 Poeta
606 3271 885 3340 abripitur.
916 3272 1002 3323 Cf.
1038 3289 1196 3340 supra

171 3351 244 3404 ad
278 3355 459 3405 Carm.
494 3351 610 3412 LV,
644 3351 673 3403 5
707 3369 817 3421 sqq.

260 3431 358 3500 93.
383 3431 647 3501 Dilogiam
663 3431 716 3481 in
739 3431 841 3481 hoc
862 3447 1014 3480 versu
1032 3432 1199 3482 anim-

170 3511 416 3563 advertit
445 3504 794 3575 Passeiatius,
834 3528 997 3580 quum
1024 3513 1199 3578 jucun-

169 3593 294 3645 dum
329 3593 484 3642 lumen
508 3592 775 3660 ademptum
806 3602 912 3640 tam
946 3587 1015 3639 ad
1050 3609 1193 3641 mor·

170 3684 332 3723 tuum
353 3689 510 3741 quam
536 3669 600 3721 ad
621 3670 949 3741 superstitem
974 3670 1190 3721 fratrem

169 3752 369 3803 referri
390 3751 560 3802 liceat.
580 3750 746 3801 Nimis
765 3762 918 3801 acute
936 3746 1190 3801 l—Cave

168 3843 374 3883 statuas
399 3830 449 3881 in
475 3829 933 3881 vehementissimo
960 3829 1070 3880 veri
1093 3828 1190 3879 do-

164 3910 301 3962 loris
334 3910 538 3978 impetu
566 3907 631 3963 ad
663 3927 829 3960 meras
856 3906 1064 3977 dilogiae
1091 3927 1189 3959 nu-

164 3992 321 4056 gulas
352 3989 589 4040 animum
620 3988 811 4040 Catulli
850 3987 1187 4038 allucinatum

167 4070 346 4121 fuisse.
391 4068 594 4137 Nempe
620 4088 668 4120 v.
710 4086 773 4135 9¹
796 4107 812 4132 ‚
853 4087 907 4119 se
934 4068 1185 4117 miserum

165 4148 361 4200 clamat
407 4146 553 4217 quod
595 4148 805 4199 fratrem
842 4147 1098 4207 amiserit,
1138 4160 1182 4196 et

1316 1615 1366 1646 v.
1397 1616 1465 1664 92
1489 1636 1504 1659 ,
1534 1598 1708 1649 fratris
1741 1599 2048 1662 miseretur,
2072 1600 2163 1669 qui
2197 1599 2332 1652 obiit

1311 1689 1431 1727 ante
1457 1676 1628 1735 diem.
1652 1690 1703 1729 et
1732 1695 1962 1748 quocum
1997 1691 2106 1731 tota
2138 1678 2329 1732 domus

1316 1756 1534 1825 sepulta.
1561 1757 1628 1809 N.

1393 1842 1481 1902 94.
1528 1837 1698 1886 Tecum
1729 1856 1822 1886 una
1846 1849 2009 1889 nostra
2036 1852 2110 1889 est
2135 1852 2238 1890 tota
2273 1841 2324 1890 in

1311 1934 1417 1966 uno
1457 1914 1596 1966 libro
1634 1915 1752 1967 MS.
1777 1917 1981 1980 vossii,
2023 1919 2164 1971 unde
2199 1920 2322 1972 ille:

1319 1996 1490 2045 Tecum
1527 2013 1631 2044 cum
1673 2007 1836 2045 nostra
1885 2011 1956 2046 ese
2001 2010 2102 2048 tota
2141 2002 2324 2069 sepulta

1310 2074 1493 2126 domus.

1392 2174 1484 2222 97.
1501 2153 1605 2204 Pro
1624 2155 1775 2220 Quem
1790 2155 1842 2205 in
1863 2155 2128 2226 plerisque
2146 2156 2319 2209 Codd.

1313 2235 1447 2301 Que,
1486 2231 1627 2284 unde
1653 2234 1706 2284 iu
1737 2236 2009 2286 nonnullis
2034 2236 2228 2288 factum
2250 2251 2325 2289 est

1313 2315 1454 2381 (ἧκε.
1486 2313 1616 2366 Nota
1641 2315 1886 2383 sepulcra,
1917 2316 2120 2384 patria,
2152 2317 2319 2378 avita,

1306 2400 1520 2463 πατρῷα
1553 2393 1806 2462 μνήματα.
1833 2394 1959 2447 Vid.
1991 2394 2199 2449 Samen.

1388 2478 1476 2539 98.
1504 2475 1616 2525 Non
1638 2476 1691 2525 in
1719 2494 1825 2526 uno
1853 2476 2003 2527 Voss.
2025 2509 2102 2517 —
2120 2476 2322 2546 Compo-

1305 2557 1476 2612 situm,·
1505 2555 1754 2624 componi
1783 2549 2182 2624 (συστέλλεσθαι)
2204 2576 2323 2627 pro·

1302 2634 1421 2703 prie
1458 2632 1712 2685 dicuntur
1751 2634 1949 2686 cineres
1977 2650 2131 2706 atque
2172 2656 2316 2701 ossa,

1305 2732 1470 2782 quum
1488 2713 1739 2776 ‚vasculis
1754 2716 1857 2764 suis
1883 2715 2078 2767 inclusa
2098 2756 2113 2779 ,
2127 2718 2181 2768 in
2204 2737 2318 2770 mo·

1303 2804 1623 2843 numentum
1674 2791 2078 2858 condebantur3
2123 2795 2320 2850 deinde

1302 2870 1370 2921 de
1400 2884 1511 2922 toto
1539 2872 1748 2923 funebri
1790 2887 2042 2941 apparatu
2081 2875 2320 2945 singulis·

1303 2970 1405 3020 que
1421 2954 1533 3020 ejus
1555 2951 1788 3020 partibus
1807 2952 1908 3003 hoc
1922 2954 2144 3005 verbum
2168 2974 2319 3008 usur-

1303 3043 1475 3099 patur.
1498 3029 1623 3081 vid.
1656 3031 1826 3098 Herae
1867 3030 1932 3082 ad
1967 3032 2169 3085 Tibull.
2202 3037 2318 3096 111,

1308 3130 1334 3160 2
1355 3147 1369 3171 ,
1405 3113 1471 3159 26
1493 3149 1507 3172 ‚
1541 3123 1590 3160 et
1625 3110 1978 3161 Kirclamunuus
2011 3112 2069 3161 de
2113 3114 2319 3166 Funeri-

1303 3190 1386 3239 bus
1419 3190 1736 3239 Romanorum
1769 3190 1885 3252 III,
1910 3209 1956 3241 c.
1992 3192 2042 3243 8.

1387 3288 1476 3336 99.
1505 3270 1780 3338 Sepulcrum
1819 3272 1955 3322 male
2002 3272 2057 3321 in
2100 3272 2313 3342 quibus-

1302 3345 1423 3399 dam
1465 3348 1638 3401 Codd.
1684 3363 1736 3400 et
1778 3348 1923 3401 editt.
1949 3383 2025 3392 —-
2057 3353 2203 3419 Troja
2229 3356 2314 3405 oh·

1300 3448 1438 3478 scena
1463 3467 1476 3487 ,
1527 3428 1882 3481 abominanda
1909 3470 1923 3493 ,
1973 3429 2308 3486 detestabilis.

1302 3509 1389 3559 Sic
1417 3511 1574 3575 sumes
1605 3509 1803 3558 obscena
1843 3508 1987 3581 apud
2010 3511 2159 3580 Virg.
2195 3517 2311 3565 AEn.

1300 3589 1381 3639 III
1401 3622 1417 3648 ‚
1449 3591 1579 3658 367.
1608 3592 1788 3641 Omnia
1812 3589 2008 3641 obscena
2035 3590 2174 3660 apud
2201 3595 2310 3646 Cic,

1301 3668 1406 3720 Pro
1449 3671 1624 3720 Domo
1660 3688 1707 3720 e.
1747 3670 1837 3721 55.
1874 3672 2124 3721 Ostentum
2153 3673 2310 3723 obsce·

1300 3768 1409 3798 num
1440 3749 1660 3799 Sueton.
1697 3749 1865 3801 Galba
1899 3768 1946 3800 c.
1991 3757 2042 3811 4.
2082 3749 2312 3803 Obscena·

1284 3830 1504 3895 flammoe
1544 3826 1701 3879 Ovid.
1742 3829 1869 3880 Met.
1913 3829 2030 3890 IX,
2078 3830 2205 3882 508.
2235 3846 2326 3874 —'

1299 3906 1567 3957 Nimirum
1622 3926 1704 3958 res
1757 3906 2010 3957 dicuntur
2065 3909 2276 3961 obsccnae
2298 3954 2311 3971 ,

1298 4004 1427 4056 quas
1449 4005 1557 4037 non
1584 3988 1691 4036 sine
1715 3987 1937 4036 horrore
1962 3986 2194 4055 quodam
2221 4010 2312 4041 co-

1298 4066 1462 4134 gitare
1502 4084 1796 4135 possumus.
1839 4066 1948 4129 Qui
1999 4068 2193 4137 Trojam
2230 4073 2310 4121 ob·

1296 4165 1478 4195 scenam
1556 4144 1621 4194 ‹l‹·
1696 4144 2022 4213 inauspicato
2098 4149 2306 4203 condita
