2986 4935
593 413 875 478 Fam.
910 370 1215 479 'coln
1282 409 1890 479 DoEmNGu.
2280 410 2323 482 3

161 571 601 639 adverterem.
645 567 852 658 Quod
895 570 1095 663 igitur
1139 568 1223 637 ad
1273 571 1560 663 primum
1607 571 1882 654 attinet,
1935 595 2073 638 non
2114 596 2318 641 unam

166 703 521 771 alteramve
570 700 930 771 editionem
955 754 973 788 ‚
1020 700 1102 769 ad
1150 725 1350 794 quam
1388 715 1640 768 textum
1686 701 1921 771 excudi
1969 728 2271 773 curarem
2299 761 2319 793 ,

166 850 481 931 sequutus
514 859 669 903 sum
698 829 1018 920 (animum
1050 835 1224 902 enim
1244 888 1262 920 ,
1294 858 1375 902 ex
1404 859 1537 927 quo
1570 847 1823 902 textum
1852 835 1935 904 ad
1963 836 2316 907 editionem

166 970 594 1063 Bipontinam
626 966 1164 1035 conformaturus
1194 990 1407 1051 eram,
1440 981 1507 1034 et
1544 966 1681 1034 fere
1718 967 1801 1034 ab
1834 969 2020 1036 initio
2049 971 2317 1040 confor-

171 1103 371 1183 mavi,
404 1102 654 1194 ineptis
683 1100 927 1193 passim
965 1112 1031 1166 et
1070 1123 1303 1192 parum
1345 1097 1795 1193 probabilibus
1834 1102 1901 1167 in
1940 1100 2048 1169 illa
2086 1103 2319 1198 depre-

171 1233 386 1302 hensis
425 1231 823 1301 lectionibus
848 1283 868 1315 ,
916 1232 1166 1299 mutavi
1200 1225 1479 1319 deinde)
1527 1231 1641 1300 sed
1673 1258 1752 1300 ex
1782 1235 2065 1327 antiquis
2103 1251 2169 1304 et
2203 1264 2322 1333 po-

171 1347 450 1434 tioribus
480 1364 879 1433 editionibus
911 1366 977 1432 in
1002 1365 1249 1432 Variet.
1284 1367 1466 1432 Lect.
1498 1364 1831 1450 indicatiS,
1868 1392 1978 1436 eas
2015 1368 2225 1463 delegi
2256 1386 2324 1440 et

171 1499 233 1565 in
278 1512 539 1566 textum
578 1498 798 1590 recepi
837 1495 1188 1582 lectiones,
1232 1521 1378 1589 quae
1417 1494 1521 1563 vel
1569 1500 1865 1590 proxime
1906 1500 1987 1568 ad
2031 1505 2319 1597 antiquae

172 1629 469 1699 lectionis
504 1629 788 1697 formam
818 1629 1133 1697 accedere
1155 1682 1172 1713 ‚
1210 1627 1314 1696 vel
1350 1630 1441 1695 rei
1477 1632 1825 1724 sensuique
1856 1635 2319 1703 accommoda-

174 1764 439 1830 tissimae
489 1785 633 1828 esse
675 1760 1075 1828 viderentur.
1130 1760 1264 1827 Ubi
1316 1761 1382 1826 in
1429 1758 1610 1829 locos
1654 1763 1891 1850 incidi,
1943 1790 1979 1832 e
2032 1767 2270 1860 quibus
2301 1820 2319 1853 ,

177 1896 459 1964 excussis
502 1908 571 1961 et
621 1890 957 1987 in‘partes
1001 1895 1251 1962 vocatis
1303 1892 1690 1963 lectionibus
1740 1898 2047 1967 omnibus
2073 1954 2092 1981 ,
2140 1901 2324 1970 nullo

178 2028 373 2096 modo
411 2025 561 2095 elici
601 2040 668 2093 et
696 2027 1072 2119 extorqueri
1116 2040 1334 2118 posset
1364 2051 1592 2094 sensus
1632 2030 2058 2118 commoduS,
2097 2032 2185 2100 ibi
2218 2035 2328 2102 vel

184 2165 246 2230 in
292 2163 500 2247 notis,
547 2158 652 2227 vel
696 2162 762 2227 in
800 2162 959 2227 Var.
1024 2163 1205 2228 Lect.
1236 2213 1255 2240 ,
1319 2159 1497 2252 quod
1545 2160 1628 2227 ad
1679 2159 1898 2228 locum
1954 2166 2322 2236 sanandum

187 2293 647 2388 suppeditabat
682 2292 1019 2385 ingenium
1044 2345 1063 2376 ‚
1099 2290 1394 2360 modeste
1445 2293 1798 2386 proposui,
1831 2293 2206 2389 longissime
2239 2301 2325 2369 ab

186 2428 302 2497 hac
354 2427 727 2496 temeritate
795 2439 1086 2494 remotus
1122 2478 1140 2509 ,
1196 2439 1270 2493 ut
1325 2425 1824 2518 conjecturam,
1880 2429 1981 2498 vel
2041 2433 2322 2504 maxime

186 2558 643 2655 probabilitate
676 2584 744 2626 se
788 2557 1403 2643 commendantem,
1454 2559 1521 2625 in
1570 2573 1819 2628 textum
1874 2563 2319 2656 importarem.

185 2697 404 2786 Neque
466 2718 594 2786 ego
651 2705 873 2758 tamen
904 2744 921 2776 ‚
975 2710 1373 2783 quamquam
1427 2692 1493 2756 in
1551 2689 1730 2784 larga
1787 2694 2321 2787 conjecturarum

180 2840 393 2920 segete
437 2824 723 2918 spectari
764 2822 961 2915 vulgo
997 2820 1163 2890 solet
1205 2822 1447 2915 ingenii
1487 2822 1752 2891 ubertas
1794 2840 1857 2891 et
1900 2825 2234 2919 fertilitas,
2281 2860 2323 2903 a

180 2975 446 3054 recepto
494 2959 657 3026 mihi
707 2973 961 3025 veteres
1008 2956 1483 3049 interpretandi
1539 2983 1721 3025 inore
1775 2963 2042 3044 recessi,
2102 2981 2215 3034 aut
2252 2971 2318 3035 in

177 3108 519 3186 posterum
555 3090 855 3158 recedam
886 3144 904 3173 ,
946 3089 1026 3157 ad
1073 3113 1267 3181 quem
1298 3142 1316 3173 ,
1365 3090 1416 3156 si
1453 3087 1584 3156 ulla
1628 3091 1878 3159 ratione
1915 3096 2205 3189 expediri
2256 3116 2322 3169 et

174 3225 722 3318 interpretatione
742 3222 961 3314 juvari
991 3235 1206 3316 potest
1243 3219 1423 3289 locus
1460 3220 1791 3289 difficilior
1827 3239 1891 3292 et
1934 3227 2154 3320 paullo
2189 3230 2320 3299 im-

166 3357 463 3450 peditior
486 3409 508 3443 ,
548 3354 729 3423 haud
768 3368 1012 3421 temere
1051 3350 1232 3418 illum
1282 3376 1456 3419 nova
1498 3352 1712 3420 forma
1757 3354 2027 3425 induere
2063 3363 2276 3433 audeo
2300 3421 2318 3454 ,

163 3489 498 3584 quidquid
526 3488 634 3557 alii
663 3487 747 3556 de
779 3487 1017 3580 ingenii
1049 3486 1176 3552 mci
1209 3484 1517 3552 tarditate
1544 3486 1853 3578 judicent.
1880 3490 2310 3583 Speraveram

154 3623 439 3717 quidem
470 3677 492 3711 ,
529 3646 737 3716 quum
778 3619 861 3688 ad
912 3619 1392 3688 enarrationem
1447 3616 1690 3686 Catulli
1731 3621 2150 3716 accingerer,
2208 3655 2313 3698 me

152 3757 374 3845 forte,
408 3780 735 3826 concesso
766 3754 926 3820 mihi
954 3776 1074 3820 usu
1104 3751 1370 3821 Codicis
1402 3749 1794 3839 Catulliani,
1827 3757 1937 3847 qui
1972 3758 2041 3823 in
2072 3760 2315 3831 Biblio-

146 3891 358 3959 theca
401 3887 933 3979 Guelferbytana
976 3896 1276 3954 servatur
1303 3937 1321 3968 ,
1373 3883 1457 3951 ad
1504 3898 1754 3952 textum
1801 3890 2315 3963 emendatiorem

141 4025 581 4093 reddendum
620 4018 872 4112 aliquid
908 4016 1208 4086 conferre
1247 4041 1476 4110 posse3
1519 4017 1631 4086 sed
1664 4043 1868 4111 quum
1901 4020 2000 4089 (31.
2043 4028 2314 4094 lVems-

1824 4175 1894 4243 12
