<?xml version="1.0" encoding="UTF-8"?>
<!DOCTYPE html PUBLIC "-//W3C//DTD XHTML 1.0 Transitional//EN"
    "http://www.w3.org/TR/xhtml1/DTD/xhtml1-transitional.dtd">
<html xmlns="http://www.w3.org/1999/xhtml" xml:lang="en" lang="en">
 <head>
  <title>
</title>
<meta http-equiv="Content-Type" content="text/html;charset=utf-8" />
  <meta name='ocr-system' content='tesseract 3.04.00' />
  <meta name='ocr-capabilities' content='ocr_page ocr_carea ocr_par ocr_line ocrx_word'/>
</head>
<body>
  <div class='ocr_page' id='page_1' title='image "./cvaleriuscatull00naudgoog_0300.png"; bbox 0 0 2986 4935; ppageno 0'>
   <div class='ocr_carea' id='block_1_1' title="bbox 669 497 816 580">
    <p class='ocr_par' dir='ltr' id='par_1_1' title="bbox 669 497 816 580">
     <span class='ocr_line' id='line_1_1' title="bbox 669 497 816 580; baseline 0.014 -15"><span class='ocrx_word' id='word_1_1' title='bbox 669 497 816 580; x_wconf 74' lang='lat'>284</span> 
     </span>
    </p>
   </div>
   <div class='ocr_carea' id='block_1_2' title="bbox 1188 497 2266 566">
    <p class='ocr_par' dir='ltr' id='par_1_2' title="bbox 1188 449 2266 566">
     <span class='ocr_line' id='line_1_2' title="bbox 1188 497 2266 566; baseline -0.003 -2"><span class='ocrx_word' id='word_1_2' title='bbox 1188 498 1737 564; x_wconf 81' lang='lat' dir='ltr'>C.VALER11</span> <span class='ocrx_word' id='word_1_3' title='bbox 1799 497 2266 566; x_wconf 78' lang='lat' dir='ltr'>CATULLI</span> 
     </span>
    </p>
   </div>
   <div class='ocr_carea' id='block_1_3' title="bbox 769 628 2535 1253">
    <p class='ocr_par' dir='ltr' id='par_1_3' title="bbox 769 628 2535 1253">
     <span class='ocr_line' id='line_1_3' title="bbox 769 628 2305 698; baseline -0.004 0"><span class='ocrx_word' id='word_1_4' title='bbox 769 630 1084 698; x_wconf 86' lang='lat' dir='ltr'>Carmina</span> <span class='ocrx_word' id='word_1_5' title='bbox 1112 628 1339 696; x_wconf 86' lang='lat' dir='ltr'>divino</span> <span class='ocrx_word' id='word_1_6' title='bbox 1383 629 1765 697; x_wconf 89' lang='lat' dir='ltr'>cecinerunt</span> <span class='ocrx_word' id='word_1_7' title='bbox 1807 630 2026 696; x_wconf 90' lang='lat' dir='ltr'>omine</span> <span class='ocrx_word' id='word_1_8' title='bbox 2063 631 2305 695; x_wconf 81' lang='lat' dir='ltr'>Parcae.</span> 
     </span>
     <span class='ocr_line' id='line_1_4' title="bbox 770 721 2508 828; baseline -0.003 -25"><span class='ocrx_word' id='word_1_9' title='bbox 770 739 1131 803; x_wconf 84' lang='lat' dir='ltr'>Praesentes</span> <span class='ocrx_word' id='word_1_10' title='bbox 1165 759 1449 828; x_wconf 87' lang='lat' dir='ltr'>namque</span> <span class='ocrx_word' id='word_1_11' title='bbox 1487 750 1642 803; x_wconf 86' lang='lat' dir='ltr'>ante</span> <span class='ocrx_word' id='word_1_12' title='bbox 1676 721 1909 803; x_wconf 85' lang='lat' dir='ltr'>domos</span> <span class='ocrx_word' id='word_1_13' title='bbox 1945 736 2226 802; x_wconf 87' lang='lat' dir='ltr'>invisere</span> <span class='ocrx_word' id='word_1_14' title='bbox 2261 745 2508 814; x_wconf 63' lang='lat' dir='ltr'>castam,</span> 
     </span>
     <span class='ocr_line' id='line_1_5' title="bbox 769 840 2178 935; baseline -0.003 -25"><span class='ocrx_word' id='word_1_15' title='bbox 769 845 1018 935; x_wconf 86' lang='lat' dir='ltr'>Saepius</span> <span class='ocrx_word' id='word_1_16' title='bbox 1054 857 1120 909; x_wconf 88' lang='lat' dir='ltr'>et</span> <span class='ocrx_word' id='word_1_17' title='bbox 1158 866 1296 909; x_wconf 90' lang='lat' dir='ltr'>sese</span> <span class='ocrx_word' id='word_1_18' title='bbox 1330 840 1595 909; x_wconf 84' lang='lat' dir='ltr'>mortali</span> <span class='ocrx_word' id='word_1_19' title='bbox 1627 841 1974 909; x_wconf 85' lang='lat' dir='ltr'>ostendere</span> <span class='ocrx_word' id='word_1_20' title='bbox 2005 854 2178 908; x_wconf 85' lang='lat' dir='ltr'>coetu</span> 
     </span>
     <span class='ocr_line' id='line_1_6' title="bbox 770 944 2415 1041; baseline -0.004 -24"><span class='ocrx_word' id='word_1_21' title='bbox 770 946 1126 1032; x_wconf 75' lang='lat' dir='ltr'>Caelicolae,</span> <span class='ocrx_word' id='word_1_22' title='bbox 1169 947 1466 1015; x_wconf 89' lang='lat' dir='ltr'>nondum</span> <span class='ocrx_word' id='word_1_23' title='bbox 1513 963 1732 1041; x_wconf 87' lang='lat' dir='ltr'>spreta</span> <span class='ocrx_word' id='word_1_24' title='bbox 1774 950 2049 1041; x_wconf 86' lang='lat' dir='ltr'>pietate,</span> <span class='ocrx_word' id='word_1_25' title='bbox 2094 944 2415 1014; x_wconf 84' lang='lat' dir='ltr'>solebant.</span> 
     </span>
     <span class='ocr_line' id='line_1_7' title="bbox 772 1052 2535 1148; baseline -0.002 -25"><span class='ocrx_word' id='word_1_26' title='bbox 772 1058 958 1148; x_wconf 84' lang='lat' dir='ltr'>Saepe</span> <span class='ocrx_word' id='word_1_27' title='bbox 1001 1068 1188 1148; x_wconf 82' lang='lat' dir='ltr'>pater</span> <span class='ocrx_word' id='word_1_28' title='bbox 1224 1055 1471 1121; x_wconf 86' lang='lat' dir='ltr'>Divum</span> <span class='ocrx_word' id='word_1_29' title='bbox 1513 1053 1762 1148; x_wconf 88' lang='lat' dir='ltr'>templo</span> <span class='ocrx_word' id='word_1_30' title='bbox 1803 1056 1869 1122; x_wconf 93' lang='lat' dir='ltr'>in</span> <span class='ocrx_word' id='word_1_31' title='bbox 1913 1052 2205 1146; x_wconf 85' lang='lat' dir='ltr'>fulgente</span> <span class='ocrx_word' id='word_1_32' title='bbox 2242 1052 2535 1120; x_wconf 87' lang='lat' dir='ltr'>revisens</span> 
     </span>
     <span class='ocr_line' id='line_1_8' title="bbox 772 1157 2373 1253; baseline -0.002 -25"><span class='ocrx_word' id='word_1_33' title='bbox 772 1165 1009 1228; x_wconf 84' lang='lat' dir='ltr'>Annua</span> <span class='ocrx_word' id='word_1_34' title='bbox 1046 1184 1251 1253; x_wconf 88' lang='lat' dir='ltr'>quum</span> <span class='ocrx_word' id='word_1_35' title='bbox 1294 1159 1470 1229; x_wconf 88' lang='lat' dir='ltr'>festis</span> <span class='ocrx_word' id='word_1_36' title='bbox 1511 1162 1842 1228; x_wconf 78' lang='lat' dir='ltr'>venissent</span> <span class='ocrx_word' id='word_1_37' title='bbox 1885 1185 2071 1228; x_wconf 86' lang='lat' dir='ltr'>sacra</span> <span class='ocrx_word' id='word_1_38' title='bbox 2113 1157 2373 1244; x_wconf 81' lang='lat' dir='ltr'>diebuS‚</span> 
     </span>
    </p>
   </div>
   <div class='ocr_carea' id='block_1_4' title="bbox 661 1373 1693 4225">
    <p class='ocr_par' dir='ltr' id='par_1_4' title="bbox 661 1373 1688 2398">
     <span class='ocr_line' id='line_1_9' title="bbox 668 1373 1685 1444; baseline -0.001 -18"><span class='ocrx_word' id='word_1_39' title='bbox 668 1376 771 1426; x_wconf 87' lang='lat' dir='ltr'>Pro</span> <span class='ocrx_word' id='word_1_40' title='bbox 797 1376 1057 1443; x_wconf 79' lang='lat' dir='ltr'>praesantes</span> <span class='ocrx_word' id='word_1_41' title='bbox 1074 1411 1092 1438; x_wconf 85' lang='lat'><strong>‚</strong></span> <span class='ocrx_word' id='word_1_42' title='bbox 1114 1373 1258 1444; x_wconf 88' lang='lat' dir='ltr'>quod</span> <span class='ocrx_word' id='word_1_43' title='bbox 1282 1375 1465 1425; x_wconf 83' lang='lat' dir='ltr'>vitiose</span> <span class='ocrx_word' id='word_1_44' title='bbox 1492 1375 1548 1425; x_wconf 85' lang='lat' dir='ltr'>iu</span> <span class='ocrx_word' id='word_1_45' title='bbox 1570 1394 1685 1425; x_wconf 89' lang='lat' dir='ltr'>om·</span> 
     </span>
     <span class='ocr_line' id='line_1_10' title="bbox 670 1452 1688 1524; baseline 0 -20"><span class='ocrx_word' id='word_1_46' title='bbox 670 1454 823 1504; x_wconf 87' lang='lat' dir='ltr'>nibus</span> <span class='ocrx_word' id='word_1_47' title='bbox 846 1452 993 1505; x_wconf 83' lang='lat' dir='ltr'>editt.</span> <span class='ocrx_word' id='word_1_48' title='bbox 1020 1453 1228 1523; x_wconf 85' lang='lat' dir='ltr'>legitur,</span> <span class='ocrx_word' id='word_1_49' title='bbox 1250 1454 1463 1523; x_wconf 88' lang='lat' dir='ltr'>reposui</span> <span class='ocrx_word' id='word_1_50' title='bbox 1486 1457 1688 1524; x_wconf 80' lang='lat' dir='ltr'>profan·</span> 
     </span>
     <span class='ocr_line' id='line_1_11' title="bbox 670 1535 1686 1602; baseline 0.004 -20"><span class='ocrx_word' id='word_1_51' title='bbox 670 1547 774 1594; x_wconf 57' lang='grc' dir='ltr'>(οη</span> <span class='ocrx_word' id='word_1_52' title='bbox 804 1552 926 1584; x_wconf 86' lang='lat' dir='ltr'>nam</span> <span class='ocrx_word' id='word_1_53' title='bbox 951 1535 1142 1602; x_wconf 82' lang='lat' dir='ltr'>profari</span> <span class='ocrx_word' id='word_1_54' title='bbox 1161 1575 1173 1595; x_wconf 93' lang='lat'><em>,</em></span> <span class='ocrx_word' id='word_1_55' title='bbox 1206 1553 1315 1584; x_wconf 84' lang='lat' dir='ltr'>non</span> <span class='ocrx_word' id='word_1_56' title='bbox 1338 1536 1545 1602; x_wconf 79' lang='lat' dir='ltr'>proesari</span> <span class='ocrx_word' id='word_1_57' title='bbox 1565 1574 1580 1595; x_wconf 90' lang='lat'><em>‚</em></span> <span class='ocrx_word' id='word_1_58' title='bbox 1611 1548 1686 1586; x_wconf 86' lang='lat' dir='ltr'>est</span> 
     </span>
     <span class='ocr_line' id='line_1_12' title="bbox 666 1611 1686 1683; baseline 0.001 -21"><span class='ocrx_word' id='word_1_59' title='bbox 666 1611 980 1682; x_wconf 70' lang='lat' dir='ltr'>praedicere,</span> <span class='ocrx_word' id='word_1_60' title='bbox 1020 1613 1291 1664; x_wconf 76' lang='lat' dir='ltr'>vaticinari</span> <span class='ocrx_word' id='word_1_61' title='bbox 1314 1653 1328 1675; x_wconf 94' lang='lat'>,</span> <span class='ocrx_word' id='word_1_62' title='bbox 1376 1626 1432 1664; x_wconf 90' lang='lat' dir='ltr'>ut</span> <span class='ocrx_word' id='word_1_63' title='bbox 1478 1613 1686 1683; x_wconf 82' lang='lat' dir='ltr'>egregie</span> 
     </span>
     <span class='ocr_line' id='line_1_13' title="bbox 668 1691 1685 1744; baseline -0.002 -1"><span class='ocrx_word' id='word_1_64' title='bbox 668 1691 965 1744; x_wconf 87' lang='lat' dir='ltr'>docuerunt</span> <span class='ocrx_word' id='word_1_65' title='bbox 999 1693 1050 1743; x_wconf 84' lang='lat' dir='ltr'>J.</span> <span class='ocrx_word' id='word_1_66' title='bbox 1087 1693 1150 1743; x_wconf 90' lang='lat' dir='ltr'>F.</span> <span class='ocrx_word' id='word_1_67' title='bbox 1197 1692 1409 1743; x_wconf 76' lang='lat' dir='ltr'>Gronov.</span> <span class='ocrx_word' id='word_1_68' title='bbox 1454 1706 1506 1743; x_wconf 88' lang='lat' dir='ltr'>et</span> <span class='ocrx_word' id='word_1_69' title='bbox 1548 1693 1685 1742; x_wconf 83' lang='lat' dir='ltr'>Dra-</span> 
     </span>
     <span class='ocr_line' id='line_1_14' title="bbox 670 1770 1686 1834; baseline 0.001 -13"><span class='ocrx_word' id='word_1_70' title='bbox 670 1771 831 1822; x_wconf 79' lang='lat' dir='ltr'>ckenb.</span> <span class='ocrx_word' id='word_1_71' title='bbox 855 1770 923 1822; x_wconf 87' lang='lat' dir='ltr'>ad</span> <span class='ocrx_word' id='word_1_72' title='bbox 949 1771 1062 1823; x_wconf 84' lang='lat' dir='ltr'>Liv.</span> <span class='ocrx_word' id='word_1_73' title='bbox 1088 1772 1247 1822; x_wconf 82' lang='lat' dir='ltr'>XXII</span> <span class='ocrx_word' id='word_1_74' title='bbox 1265 1811 1280 1834; x_wconf 91' lang='lat'>,</span> <span class='ocrx_word' id='word_1_75' title='bbox 1321 1788 1366 1831; x_wconf 84' lang='lat'>1,</span> <span class='ocrx_word' id='word_1_76' title='bbox 1393 1771 1550 1821; x_wconf 88' lang='lat' dir='ltr'>Tom.</span> <span class='ocrx_word' id='word_1_77' title='bbox 1577 1772 1686 1834; x_wconf 89' lang='lat' dir='ltr'>III,</span> 
     </span>
     <span class='ocr_line' id='line_1_15' title="bbox 671 1849 1685 1921; baseline 0.002 -21"><span class='ocrx_word' id='word_1_78' title='bbox 671 1872 719 1921; x_wconf 81' lang='lat' dir='ltr'>p.</span> <span class='ocrx_word' id='word_1_79' title='bbox 749 1854 888 1913; x_wconf 77' lang='lat'>520,</span> <span class='ocrx_word' id='word_1_80' title='bbox 911 1862 962 1901; x_wconf 89' lang='lat' dir='ltr'>et</span> <span class='ocrx_word' id='word_1_81' title='bbox 993 1852 1066 1901; x_wconf 85' lang='lat' dir='ltr'>sic</span> <span class='ocrx_word' id='word_1_82' title='bbox 1091 1850 1216 1919; x_wconf 89' lang='lat' dir='ltr'>legit</span> <span class='ocrx_word' id='word_1_83' title='bbox 1245 1852 1350 1918; x_wconf 87' lang='lat' dir='ltr'>jam</span> <span class='ocrx_word' id='word_1_84' title='bbox 1382 1849 1561 1901; x_wconf 78' lang='lat' dir='ltr'>locum</span> <span class='ocrx_word' id='word_1_85' title='bbox 1587 1871 1685 1902; x_wconf 90' lang='lat' dir='ltr'>no-</span> 
     </span>
     <span class='ocr_line' id='line_1_16' title="bbox 670 1929 1686 1982; baseline -0.002 0"><span class='ocrx_word' id='word_1_86' title='bbox 670 1945 835 1982; x_wconf 87' lang='lat' dir='ltr'>strum</span> <span class='ocrx_word' id='word_1_87' title='bbox 873 1930 1078 1981; x_wconf 87' lang='lat' dir='ltr'>Tollius</span> <span class='ocrx_word' id='word_1_88' title='bbox 1118 1943 1169 1981; x_wconf 89' lang='lat' dir='ltr'>et</span> <span class='ocrx_word' id='word_1_89' title='bbox 1200 1929 1532 1980; x_wconf 81' lang='lat' dir='ltr'>Passeratius,</span> <span class='ocrx_word' id='word_1_90' title='bbox 1569 1931 1686 1981; x_wconf 83' lang='lat' dir='ltr'>Prce</span> 
     </span>
     <span class='ocr_line' id='line_1_17' title="bbox 673 2008 1688 2079; baseline 0.001 -19"><span class='ocrx_word' id='word_1_91' title='bbox 673 2025 721 2061; x_wconf 91' lang='lat' dir='ltr'>et</span> <span class='ocrx_word' id='word_1_92' title='bbox 735 2029 827 2079; x_wconf 80' lang='lat' dir='ltr'>pro</span> <span class='ocrx_word' id='word_1_93' title='bbox 856 2010 1074 2061; x_wconf 81' lang='lat' dir='ltr'>infinitis</span> <span class='ocrx_word' id='word_1_94' title='bbox 1099 2012 1152 2061; x_wconf 90' lang='lat' dir='ltr'>in</span> <span class='ocrx_word' id='word_1_95' title='bbox 1176 2008 1306 2060; x_wconf 90' lang='lat' dir='ltr'>locis</span> <span class='ocrx_word' id='word_1_96' title='bbox 1330 2009 1536 2060; x_wconf 87' lang='lat' dir='ltr'>turbata</span> <span class='ocrx_word' id='word_1_97' title='bbox 1566 2023 1688 2061; x_wconf 89' lang='lat' dir='ltr'>sunt</span> 
     </span>
     <span class='ocr_line' id='line_1_18' title="bbox 671 2088 1686 2157; baseline -0.002 -16"><span class='ocrx_word' id='word_1_98' title='bbox 671 2110 701 2141; x_wconf 79' lang='lat' dir='ltr'>a</span> <span class='ocrx_word' id='word_1_99' title='bbox 742 2089 1000 2154; x_wconf 86' lang='lat' dir='ltr'>librariis,</span> <span class='ocrx_word' id='word_1_100' title='bbox 1034 2103 1095 2140; x_wconf 89' lang='lat' dir='ltr'>ut</span> <span class='ocrx_word' id='word_1_101' title='bbox 1125 2091 1179 2140; x_wconf 91' lang='lat' dir='ltr'>in</span> <span class='ocrx_word' id='word_1_102' title='bbox 1206 2108 1313 2157; x_wconf 78' lang='lat' dir='ltr'>prce</span> <span class='ocrx_word' id='word_1_103' title='bbox 1342 2088 1483 2155; x_wconf 81' lang='lat' dir='ltr'>gredi</span> <span class='ocrx_word' id='word_1_104' title='bbox 1518 2101 1568 2140; x_wconf 90' lang='lat' dir='ltr'>et</span> <span class='ocrx_word' id='word_1_105' title='bbox 1594 2109 1686 2156; x_wconf 81' lang='lat' dir='ltr'>pro</span> 
     </span>
     <span class='ocr_line' id='line_1_19' title="bbox 668 2167 1685 2237; baseline -0.001 -19"><span class='ocrx_word' id='word_1_106' title='bbox 668 2170 825 2237; x_wconf 62' lang='lat' dir='ltr'>gredi.</span> <span class='ocrx_word' id='word_1_107' title='bbox 856 2168 980 2220; x_wconf 86' lang='lat' dir='ltr'>Vid.</span> <span class='ocrx_word' id='word_1_108' title='bbox 1018 2168 1288 2220; x_wconf 80' lang='lat' dir='ltr'>Drackenb.</span> <span class='ocrx_word' id='word_1_109' title='bbox 1319 2167 1385 2218; x_wconf 84' lang='lat' dir='ltr'>ad</span> <span class='ocrx_word' id='word_1_110' title='bbox 1419 2169 1533 2218; x_wconf 73' lang='lat' dir='ltr'>Liv.</span> <span class='ocrx_word' id='word_1_111' title='bbox 1571 2168 1647 2217; x_wconf 83' lang='lat' dir='ltr'>IX</span> <span class='ocrx_word' id='word_1_112' title='bbox 1671 2207 1685 2230; x_wconf 88' lang='lat'>,</span> 
     </span>
     <span class='ocr_line' id='line_1_20' title="bbox 678 2247 1684 2316; baseline -0.003 -16"><span class='ocrx_word' id='word_1_113' title='bbox 678 2269 770 2311; x_wconf 79' lang='lat' dir='ltr'>to,</span> <span class='ocrx_word' id='word_1_114' title='bbox 797 2247 828 2311; x_wconf 78' lang='lat' dir='ltr'>S</span> <span class='ocrx_word' id='word_1_115' title='bbox 856 2253 922 2312; x_wconf 85' lang='lat'>6,</span> <span class='ocrx_word' id='word_1_116' title='bbox 945 2250 1100 2300; x_wconf 88' lang='lat' dir='ltr'>Tom.</span> <span class='ocrx_word' id='word_1_117' title='bbox 1136 2249 1217 2304; x_wconf 89' lang='lat'>11.</span> <span class='ocrx_word' id='word_1_118' title='bbox 1250 2266 1301 2316; x_wconf 84' lang='lat' dir='ltr'>p.</span> <span class='ocrx_word' id='word_1_119' title='bbox 1330 2251 1456 2316; x_wconf 85' lang='lat'>871.</span> <span class='ocrx_word' id='word_1_120' title='bbox 1480 2279 1559 2288; x_wconf 93' lang='lat'>—-</span> <span class='ocrx_word' id='word_1_121' title='bbox 1581 2248 1684 2298; x_wconf 88' lang='lat' dir='ltr'>Pro</span> 
     </span>
     <span class='ocr_line' id='line_1_21' title="bbox 661 2326 1461 2398; baseline -0.006 -18"><span class='ocrx_word' id='word_1_122' title='bbox 661 2331 829 2394; x_wconf 54' lang='lat' dir='ltr'>fidncia</span> <span class='ocrx_word' id='word_1_123' title='bbox 849 2329 904 2378; x_wconf 87' lang='lat' dir='ltr'>in</span> <span class='ocrx_word' id='word_1_124' title='bbox 928 2326 1243 2398; x_wconf 88' lang='lat' dir='ltr'>quibusdam</span> <span class='ocrx_word' id='word_1_125' title='bbox 1258 2327 1461 2391; x_wconf 76' lang='lat' dir='ltr'>satalia.</span> 
     </span>
    </p>

    <p class='ocr_par' dir='ltr' id='par_1_5' title="bbox 669 2403 1693 4147">
     <span class='ocr_line' id='line_1_22' title="bbox 755 2403 1684 2475; baseline -0.006 -14"><span class='ocrx_word' id='word_1_126' title='bbox 755 2410 887 2470; x_wconf 70' lang='lat'>384.</span> <span class='ocrx_word' id='word_1_127' title='bbox 921 2408 1203 2458; x_wconf 81' lang='lat' dir='ltr'>Cecinerunt</span> <span class='ocrx_word' id='word_1_128' title='bbox 1226 2419 1416 2475; x_wconf 81' lang='lat' dir='ltr'>pectore</span> <span class='ocrx_word' id='word_1_129' title='bbox 1451 2407 1504 2456; x_wconf 85' lang='lat' dir='ltr'>in</span> <span class='ocrx_word' id='word_1_130' title='bbox 1537 2403 1684 2455; x_wconf 83' lang='lat' dir='ltr'>editt.</span> 
     </span>
     <span class='ocr_line' id='line_1_23' title="bbox 672 2486 1682 2556; baseline -0.004 -17"><span class='ocrx_word' id='word_1_131' title='bbox 672 2488 921 2539; x_wconf 86' lang='lat' dir='ltr'>omnibus</span> <span class='ocrx_word' id='word_1_132' title='bbox 938 2506 1086 2556; x_wconf 82' lang='lat' dir='ltr'>paene</span> <span class='ocrx_word' id='word_1_133' title='bbox 1111 2498 1236 2537; x_wconf 83' lang='lat' dir='ltr'>vett.</span> <span class='ocrx_word' id='word_1_134' title='bbox 1260 2488 1449 2538; x_wconf 72' lang='lat' dir='ltr'>Venet.</span> <span class='ocrx_word' id='word_1_135' title='bbox 1472 2486 1682 2555; x_wconf 79' lang='lat' dir='ltr'>Gryph.</span> 
     </span>
     <span class='ocr_line' id='line_1_24' title="bbox 672 2564 1685 2633; baseline -0.003 -16"><span class='ocrx_word' id='word_1_136' title='bbox 672 2569 865 2618; x_wconf 87' lang='lat' dir='ltr'>Muret.</span> <span class='ocrx_word' id='word_1_137' title='bbox 896 2598 976 2607; x_wconf 90' lang='lat'>—</span> <span class='ocrx_word' id='word_1_138' title='bbox 1011 2564 1112 2616; x_wconf 85' lang='lat' dir='ltr'>Sed</span> <span class='ocrx_word' id='word_1_139' title='bbox 1145 2565 1375 2633; x_wconf 80' lang='lat' dir='ltr'>Scaliger</span> <span class='ocrx_word' id='word_1_140' title='bbox 1405 2584 1467 2617; x_wconf 91' lang='lat' dir='ltr'>ex</span> <span class='ocrx_word' id='word_1_141' title='bbox 1500 2583 1592 2615; x_wconf 86' lang='lat' dir='ltr'>suo</span> <span class='ocrx_word' id='word_1_142' title='bbox 1621 2565 1685 2614; x_wconf 92' lang='lat' dir='ltr'>li-</span> 
     </span>
     <span class='ocr_line' id='line_1_25' title="bbox 673 2644 1685 2710; baseline -0.005 -13"><span class='ocrx_word' id='word_1_143' title='bbox 673 2648 800 2710; x_wconf 88' lang='lat' dir='ltr'>bro,</span> <span class='ocrx_word' id='word_1_144' title='bbox 819 2659 876 2697; x_wconf 88' lang='lat' dir='ltr'>ut</span> <span class='ocrx_word' id='word_1_145' title='bbox 895 2646 966 2695; x_wconf 84' lang='lat' dir='ltr'>ait</span> <span class='ocrx_word' id='word_1_146' title='bbox 984 2682 998 2707; x_wconf 87' lang='lat'>‚</span> <span class='ocrx_word' id='word_1_147' title='bbox 1021 2644 1245 2696; x_wconf 85' lang='lat' dir='ltr'>correxit</span> <span class='ocrx_word' id='word_1_148' title='bbox 1270 2648 1437 2696; x_wconf 80' lang='lat' dir='ltr'>omine.</span> <span class='ocrx_word' id='word_1_149' title='bbox 1463 2645 1685 2695; x_wconf 84' lang='lat' dir='ltr'>Utrum-</span> 
     </span>
     <span class='ocr_line' id='line_1_26' title="bbox 671 2723 1686 2795; baseline -0.005 -19"><span class='ocrx_word' id='word_1_150' title='bbox 671 2743 775 2795; x_wconf 86' lang='lat' dir='ltr'>que</span> <span class='ocrx_word' id='word_1_151' title='bbox 807 2723 996 2776; x_wconf 88' lang='lat' dir='ltr'>eodem</span> <span class='ocrx_word' id='word_1_152' title='bbox 1024 2725 1140 2793; x_wconf 88' lang='lat' dir='ltr'>jure</span> <span class='ocrx_word' id='word_1_153' title='bbox 1172 2724 1349 2775; x_wconf 87' lang='lat' dir='ltr'>locum</span> <span class='ocrx_word' id='word_1_154' title='bbox 1382 2723 1575 2774; x_wconf 85' lang='lat' dir='ltr'>habere</span> <span class='ocrx_word' id='word_1_155' title='bbox 1596 2742 1686 2793; x_wconf 78' lang='lat' dir='ltr'>po-</span> 
     </span>
     <span class='ocr_line' id='line_1_27' title="bbox 674 2803 1686 2874; baseline -0.005 -18"><span class='ocrx_word' id='word_1_156' title='bbox 674 2818 787 2857; x_wconf 84' lang='lat' dir='ltr'>test.</span> <span class='ocrx_word' id='word_1_157' title='bbox 806 2804 1023 2855; x_wconf 87' lang='lat' dir='ltr'>Vossius</span> <span class='ocrx_word' id='word_1_158' title='bbox 1037 2842 1051 2865; x_wconf 88' lang='lat'>,</span> <span class='ocrx_word' id='word_1_159' title='bbox 1073 2821 1237 2874; x_wconf 87' lang='lat' dir='ltr'>quum</span> <span class='ocrx_word' id='word_1_160' title='bbox 1258 2804 1390 2854; x_wconf 87' lang='lat' dir='ltr'>liber</span> <span class='ocrx_word' id='word_1_161' title='bbox 1410 2805 1531 2853; x_wconf 85' lang='lat' dir='ltr'>Vat.</span> <span class='ocrx_word' id='word_1_162' title='bbox 1554 2803 1686 2852; x_wconf 85' lang='lat' dir='ltr'>osfe-</span> 
     </span>
     <span class='ocr_line' id='line_1_28' title="bbox 672 2882 1686 2953; baseline -0.004 -18"><span class='ocrx_word' id='word_1_163' title='bbox 672 2898 753 2935; x_wconf 86' lang='lat' dir='ltr'>rat</span> <span class='ocrx_word' id='word_1_164' title='bbox 771 2888 976 2951; x_wconf 74' lang='lat' dir='ltr'>pectine,</span> <span class='ocrx_word' id='word_1_165' title='bbox 1001 2895 1162 2934; x_wconf 87' lang='lat' dir='ltr'>tentat</span> <span class='ocrx_word' id='word_1_166' title='bbox 1185 2882 1333 2933; x_wconf 70' lang='lat' dir='ltr'>diuiso</span> <span class='ocrx_word' id='word_1_167' title='bbox 1354 2887 1554 2953; x_wconf 80' lang='lat' dir='ltr'>pectine.</span> <span class='ocrx_word' id='word_1_168' title='bbox 1580 2883 1686 2933; x_wconf 86' lang='lat' dir='ltr'>Eo-</span> 
     </span>
     <span class='ocr_line' id='line_1_29' title="bbox 669 2961 1685 3032; baseline -0.003 -18"><span class='ocrx_word' id='word_1_169' title='bbox 669 2962 793 3015; x_wconf 85' lang='lat' dir='ltr'>‹lem</span> <span class='ocrx_word' id='word_1_170' title='bbox 823 2961 985 3015; x_wconf 89' lang='lat' dir='ltr'>modo</span> <span class='ocrx_word' id='word_1_171' title='bbox 1012 2962 1237 3015; x_wconf 83' lang='lat' dir='ltr'>correxit</span> <span class='ocrx_word' id='word_1_172' title='bbox 1268 2981 1425 3032; x_wconf 79' lang='lat' dir='ltr'>supra</span> <span class='ocrx_word' id='word_1_173' title='bbox 1453 2982 1504 3014; x_wconf 69' lang='lat' dir='ltr'>v.</span> <span class='ocrx_word' id='word_1_174' title='bbox 1541 2961 1646 3012; x_wconf 77' lang='lat'>322</span> <span class='ocrx_word' id='word_1_175' title='bbox 1670 3000 1685 3024; x_wconf 91' lang='lat'>‚</span> 
     </span>
     <span class='ocr_line' id='line_1_30' title="bbox 670 3041 1684 3106; baseline -0.002 -11"><span class='ocrx_word' id='word_1_176' title='bbox 670 3045 820 3095; x_wconf 78' lang='lat' dir='ltr'>diviso</span> <span class='ocrx_word' id='word_1_177' title='bbox 853 3047 1078 3106; x_wconf 79' lang='lat' dir='ltr'>carmine,</span> <span class='ocrx_word' id='word_1_178' title='bbox 1114 3042 1205 3093; x_wconf 89' lang='lat' dir='ltr'>ubi</span> <span class='ocrx_word' id='word_1_179' title='bbox 1239 3041 1346 3093; x_wconf 76' lang='lat' dir='ltr'>vid.</span> <span class='ocrx_word' id='word_1_180' title='bbox 1377 3043 1507 3094; x_wconf 85' lang='lat' dir='ltr'>Var.</span> <span class='ocrx_word' id='word_1_181' title='bbox 1539 3042 1684 3093; x_wconf 82' lang='lat' dir='ltr'>Lect.</span> 
     </span>
     <span class='ocr_line' id='line_1_31' title="bbox 676 3122 1685 3177; baseline -0.008 0"><span class='ocrx_word' id='word_1_182' title='bbox 676 3125 898 3177; x_wconf 71' lang='lat' dir='ltr'>Carmine</span> <span class='ocrx_word' id='word_1_183' title='bbox 915 3124 1077 3175; x_wconf 78' lang='lat' dir='ltr'>divino</span> <span class='ocrx_word' id='word_1_184' title='bbox 1096 3126 1360 3173; x_wconf 78' lang='lat' dir='ltr'>cecinerunt</span> <span class='ocrx_word' id='word_1_185' title='bbox 1378 3126 1536 3172; x_wconf 80' lang='lat' dir='ltr'>omina</span> <span class='ocrx_word' id='word_1_186' title='bbox 1556 3122 1685 3171; x_wconf 82' lang='lat' dir='ltr'>Par·</span> 
     </span>
     <span class='ocr_line' id='line_1_32' title="bbox 670 3200 1688 3269; baseline -0.002 -16"><span class='ocrx_word' id='word_1_187' title='bbox 670 3224 740 3254; x_wconf 79' lang='lat' dir='ltr'>cce</span> <span class='ocrx_word' id='word_1_188' title='bbox 783 3205 896 3256; x_wconf 88' lang='lat' dir='ltr'>sine</span> <span class='ocrx_word' id='word_1_189' title='bbox 936 3202 1083 3253; x_wconf 89' lang='lat' dir='ltr'>omni</span> <span class='ocrx_word' id='word_1_190' title='bbox 1131 3203 1431 3253; x_wconf 71' lang='lat' dir='ltr'>necessitate</span> <span class='ocrx_word' id='word_1_191' title='bbox 1477 3200 1688 3269; x_wconf 83' lang='lat' dir='ltr'>refingit</span> 
     </span>
     <span class='ocr_line' id='line_1_33' title="bbox 671 3280 1688 3352; baseline -0.003 -18"><span class='ocrx_word' id='word_1_192' title='bbox 671 3284 905 3352; x_wconf 86' lang='lat' dir='ltr'>Lennep.</span> <span class='ocrx_word' id='word_1_193' title='bbox 939 3280 1045 3332; x_wconf 86' lang='lat' dir='ltr'>Sed</span> <span class='ocrx_word' id='word_1_194' title='bbox 1073 3282 1327 3341; x_wconf 88' lang='lat' dir='ltr'>Lenzius,</span> <span class='ocrx_word' id='word_1_195' title='bbox 1359 3298 1525 3350; x_wconf 87' lang='lat' dir='ltr'>quum</span> <span class='ocrx_word' id='word_1_196' title='bbox 1555 3280 1688 3331; x_wconf 89' lang='lat' dir='ltr'>nihil</span> 
     </span>
     <span class='ocr_line' id='line_1_34' title="bbox 669 3360 1688 3431; baseline -0.005 -17"><span class='ocrx_word' id='word_1_197' title='bbox 669 3360 738 3414; x_wconf 90' lang='lat' dir='ltr'>de</span> <span class='ocrx_word' id='word_1_198' title='bbox 752 3363 863 3414; x_wconf 89' lang='lat' dir='ltr'>Diis</span> <span class='ocrx_word' id='word_1_199' title='bbox 881 3361 1120 3431; x_wconf 83' lang='lat' dir='ltr'>proxime</span> <span class='ocrx_word' id='word_1_200' title='bbox 1133 3360 1469 3428; x_wconf 66' lang='lat' dir='ltr'>praecesserit,</span> <span class='ocrx_word' id='word_1_201' title='bbox 1486 3371 1538 3410; x_wconf 90' lang='lat' dir='ltr'>et</span> <span class='ocrx_word' id='word_1_202' title='bbox 1557 3378 1688 3428; x_wconf 90' lang='lat' dir='ltr'>quo-</span> 
     </span>
     <span class='ocr_line' id='line_1_35' title="bbox 674 3439 1690 3508; baseline -0.004 -15"><span class='ocrx_word' id='word_1_203' title='bbox 674 3440 836 3493; x_wconf 88' lang='lat' dir='ltr'>modo</span> <span class='ocrx_word' id='word_1_204' title='bbox 860 3440 973 3492; x_wconf 78' lang='lat' dir='ltr'>haec</span> <span class='ocrx_word' id='word_1_205' title='bbox 1001 3439 1358 3507; x_wconf 86' lang='lat' dir='ltr'>superioribus</span> <span class='ocrx_word' id='word_1_206' title='bbox 1379 3452 1498 3508; x_wconf 85' lang='lat' dir='ltr'>apta</span> <span class='ocrx_word' id='word_1_207' title='bbox 1522 3451 1571 3489; x_wconf 83' lang='lat' dir='ltr'>et</span> <span class='ocrx_word' id='word_1_208' title='bbox 1603 3457 1690 3489; x_wconf 88' lang='lat' dir='ltr'>ne·</span> 
     </span>
     <span class='ocr_line' id='line_1_36' title="bbox 673 3516 1691 3584; baseline -0.003 -13"><span class='ocrx_word' id='word_1_209' title='bbox 673 3540 737 3572; x_wconf 82' lang='lat' dir='ltr'>xa</span> <span class='ocrx_word' id='word_1_210' title='bbox 764 3522 891 3583; x_wconf 87' lang='lat' dir='ltr'>sint,</span> <span class='ocrx_word' id='word_1_211' title='bbox 924 3517 1143 3571; x_wconf 82' lang='lat' dir='ltr'>difficile</span> <span class='ocrx_word' id='word_1_212' title='bbox 1174 3516 1317 3571; x_wconf 86' lang='lat' dir='ltr'>dictu</span> <span class='ocrx_word' id='word_1_213' title='bbox 1348 3518 1439 3584; x_wconf 83' lang='lat' dir='ltr'>sit,</span> <span class='ocrx_word' id='word_1_214' title='bbox 1465 3518 1611 3569; x_wconf 86' lang='lat' dir='ltr'>hunc</span> <span class='ocrx_word' id='word_1_215' title='bbox 1641 3531 1691 3569; x_wconf 91' lang='lat' dir='ltr'>et</span> 
     </span>
     <span class='ocr_line' id='line_1_37' title="bbox 673 3595 1693 3653; baseline -0.003 -1"><span class='ocrx_word' id='word_1_216' title='bbox 673 3598 1073 3653; x_wconf 81' lang='lat' dir='ltr'>antecedentem</span> <span class='ocrx_word' id='word_1_217' title='bbox 1103 3616 1311 3650; x_wconf 82' lang='lat' dir='ltr'>versum</span> <span class='ocrx_word' id='word_1_218' title='bbox 1345 3600 1414 3650; x_wconf 90' lang='lat' dir='ltr'>sic</span> <span class='ocrx_word' id='word_1_219' title='bbox 1447 3595 1693 3649; x_wconf 87' lang='lat' dir='ltr'>emendat</span> 
     </span>
     <span class='ocr_line' id='line_1_38' title="bbox 675 3677 1691 3749; baseline -0.003 -19"><span class='ocrx_word' id='word_1_220' title='bbox 675 3680 730 3731; x_wconf 89' lang='lat' dir='ltr'>in</span> <span class='ocrx_word' id='word_1_221' title='bbox 754 3692 866 3733; x_wconf 89' lang='lat' dir='ltr'>not.</span> <span class='ocrx_word' id='word_1_222' title='bbox 879 3678 946 3731; x_wconf 90' lang='lat' dir='ltr'>ad</span> <span class='ocrx_word' id='word_1_223' title='bbox 968 3679 1022 3730; x_wconf 89' lang='lat' dir='ltr'>h.</span> <span class='ocrx_word' id='word_1_224' title='bbox 1039 3697 1084 3731; x_wconf 93' lang='lat' dir='ltr'>c.</span> <span class='ocrx_word' id='word_1_225' title='bbox 1109 3697 1161 3749; x_wconf 88' lang='lat' dir='ltr'>p.</span> <span class='ocrx_word' id='word_1_226' title='bbox 1189 3680 1292 3746; x_wconf 88' lang='lat'>187</span> <span class='ocrx_word' id='word_1_227' title='bbox 1321 3697 1333 3731; x_wconf 92' lang='lat'><strong>:</strong></span> <span class='ocrx_word' id='word_1_228' title='bbox 1362 3677 1542 3728; x_wconf 80' lang='lat' dir='ltr'>-Talia</span> <span class='ocrx_word' id='word_1_229' title='bbox 1558 3697 1691 3747; x_wconf 81' lang='lat' dir='ltr'>prae-</span> 
     </span>
     <span class='ocr_line' id='line_1_39' title="bbox 672 3756 1692 3830; baseline -0.002 -20"><span class='ocrx_word' id='word_1_230' title='bbox 672 3770 823 3811; x_wconf 73' lang='lat' dir='ltr'>sentes</span> <span class='ocrx_word' id='word_1_231' title='bbox 854 3757 1123 3830; x_wconf 85' lang='lat' dir='ltr'>quondam</span> <span class='ocrx_word' id='word_1_232' title='bbox 1163 3757 1337 3809; x_wconf 79' lang='lat' dir='ltr'>felicia</span> <span class='ocrx_word' id='word_1_233' title='bbox 1380 3756 1525 3809; x_wconf 87' lang='lat' dir='ltr'>Pelei</span> <span class='ocrx_word' id='word_1_234' title='bbox 1562 3757 1692 3810; x_wconf 91' lang='lat' dir='ltr'>Car·</span> 
     </span>
     <span class='ocr_line' id='line_1_40' title="bbox 673 3836 1689 3909; baseline -0.005 -18"><span class='ocrx_word' id='word_1_235' title='bbox 673 3841 813 3891; x_wconf 85' lang='lat' dir='ltr'>mine</span> <span class='ocrx_word' id='word_1_236' title='bbox 845 3839 978 3909; x_wconf 84' lang='lat' dir='ltr'>apud</span> <span class='ocrx_word' id='word_1_237' title='bbox 1002 3840 1153 3890; x_wconf 79' lang='lat' dir='ltr'>Divos</span> <span class='ocrx_word' id='word_1_238' title='bbox 1179 3838 1480 3889; x_wconf 87' lang='lat' dir='ltr'>cecinerunt</span> <span class='ocrx_word' id='word_1_239' title='bbox 1511 3836 1689 3887; x_wconf 87' lang='lat' dir='ltr'>omina</span> 
     </span>
     <span class='ocr_line' id='line_1_41' title="bbox 673 3919 1686 3987; baseline -0.008 -17"><span class='ocrx_word' id='word_1_240' title='bbox 673 3919 869 3972; x_wconf 82' lang='lat' dir='ltr'>Parcae.</span> <span class='ocrx_word' id='word_1_241' title='bbox 903 3920 1184 3971; x_wconf 76' lang='lat' dir='ltr'>Praesentes</span> <span class='ocrx_word' id='word_1_242' title='bbox 1221 3933 1448 3987; x_wconf 84' lang='lat' dir='ltr'>namque</span> <span class='ocrx_word' id='word_1_243' title='bbox 1477 3928 1598 3965; x_wconf 85' lang='lat' dir='ltr'>ante</span> <span class='ocrx_word' id='word_1_244' title='bbox 1624 3941 1643 3961; x_wconf 81' lang='lat'><em>-</em></span> <span class='ocrx_word' id='word_1_245' title='bbox 1672 3952 1686 3974; x_wconf 89' lang='lat'><em>,</em></span> 
     </span>
     <span class='ocr_line' id='line_1_42' title="bbox 673 3991 1691 4051; baseline -0.005 -1"><span class='ocrx_word' id='word_1_246' title='bbox 673 4012 767 4050; x_wconf 85' lang='lat' dir='ltr'>etc.</span> <span class='ocrx_word' id='word_1_247' title='bbox 783 4000 1044 4051; x_wconf 85' lang='lat' dir='ltr'>——Immo</span> <span class='ocrx_word' id='word_1_248' title='bbox 1061 3996 1171 4049; x_wconf 89' lang='lat' dir='ltr'>sine</span> <span class='ocrx_word' id='word_1_249' title='bbox 1192 3995 1291 4047; x_wconf 85' lang='lat' dir='ltr'>hac</span> <span class='ocrx_word' id='word_1_250' title='bbox 1323 3991 1691 4047; x_wconf 76' lang='lat' dir='ltr'>emendatione</span> 
     </span>
     <span class='ocr_line' id='line_1_43' title="bbox 674 4076 1395 4147; baseline -0.003 -20"><span class='ocrx_word' id='word_1_251' title='bbox 674 4078 878 4147; x_wconf 77' lang='lat' dir='ltr'>egregie</span> <span class='ocrx_word' id='word_1_252' title='bbox 910 4078 1085 4130; x_wconf 86' lang='lat' dir='ltr'>omnia</span> <span class='ocrx_word' id='word_1_253' title='bbox 1116 4076 1395 4129; x_wconf 66' lang='lat' dir='ltr'>cohaerent.</span> 
     </span>
    </p>

    <p class='ocr_par' dir='ltr' id='par_1_6' title="bbox 758 4155 1690 4225">
     <span class='ocr_line' id='line_1_44' title="bbox 758 4155 1690 4225; baseline -0.001 -19"><span class='ocrx_word' id='word_1_254' title='bbox 758 4155 885 4209; x_wconf 81' lang='lat'>385.</span> <span class='ocrx_word' id='word_1_255' title='bbox 907 4159 1171 4209; x_wconf 66' lang='lat' dir='ltr'>Pru-sentes</span> <span class='ocrx_word' id='word_1_256' title='bbox 1184 4176 1205 4219; x_wconf 83' lang='grc'>,-</span> <span class='ocrx_word' id='word_1_257' title='bbox 1225 4156 1401 4208; x_wconf 67' lang='lat' dir='ltr'>Parcae</span> <span class='ocrx_word' id='word_1_258' title='bbox 1420 4193 1435 4221; x_wconf 95' lang='lat'>,</span> <span class='ocrx_word' id='word_1_259' title='bbox 1460 4173 1577 4225; x_wconf 79' lang='lat' dir='ltr'>quae</span> <span class='ocrx_word' id='word_1_260' title='bbox 1601 4173 1690 4206; x_wconf 89' lang='lat' dir='ltr'>co·</span> 
     </span>
    </p>
   </div>
   <div class='ocr_carea' id='block_1_5' title="bbox 1777 1370 2816 4227">
    <p class='ocr_par' dir='ltr' id='par_1_7' title="bbox 1777 1370 2798 1982">
     <span class='ocr_line' id='line_1_45' title="bbox 1778 1370 2796 1444; baseline -0.005 -17"><span class='ocrx_word' id='word_1_261' title='bbox 1778 1393 1892 1427; x_wconf 82' lang='lat' dir='ltr'>ram</span> <span class='ocrx_word' id='word_1_262' title='bbox 1922 1375 1978 1426; x_wconf 90' lang='lat' dir='ltr'>in</span> <span class='ocrx_word' id='word_1_263' title='bbox 2001 1375 2082 1426; x_wconf 87' lang='lat' dir='ltr'>his</span> <span class='ocrx_word' id='word_1_264' title='bbox 2106 1373 2306 1444; x_wconf 84' lang='lat' dir='ltr'>nuptiis</span> <span class='ocrx_word' id='word_1_265' title='bbox 2332 1371 2515 1424; x_wconf 77' lang='lat' dir='ltr'>futura</span> <span class='ocrx_word' id='word_1_266' title='bbox 2541 1370 2647 1423; x_wconf 71' lang='lat' dir='ltr'>fata</span> <span class='ocrx_word' id='word_1_267' title='bbox 2672 1373 2796 1423; x_wconf 81' lang='lat' dir='ltr'>ceci·</span> 
     </span>
     <span class='ocr_line' id='line_1_46' title="bbox 1778 1450 2796 1525; baseline -0.005 -19"><span class='ocrx_word' id='word_1_268' title='bbox 1778 1457 1910 1508; x_wconf 89' lang='lat' dir='ltr'>nisse</span> <span class='ocrx_word' id='word_1_269' title='bbox 1930 1455 2224 1525; x_wconf 80' lang='lat' dir='ltr'>finguntur,</span> <span class='ocrx_word' id='word_1_270' title='bbox 2246 1469 2426 1504; x_wconf 78' lang='lat' dir='ltr'>ansam</span> <span class='ocrx_word' id='word_1_271' title='bbox 2442 1452 2685 1521; x_wconf 73' lang='lat' dir='ltr'>praebent</span> <span class='ocrx_word' id='word_1_272' title='bbox 2702 1450 2796 1500; x_wconf 91' lang='lat' dir='ltr'>Po·</span> 
     </span>
     <span class='ocr_line' id='line_1_47' title="bbox 1778 1529 2795 1586; baseline -0.005 -1"><span class='ocrx_word' id='word_1_273' title='bbox 1778 1547 1873 1586; x_wconf 78' lang='lat' dir='ltr'>etae</span> <span class='ocrx_word' id='word_1_274' title='bbox 1903 1531 2216 1586; x_wconf 84' lang='lat' dir='ltr'>excurrendi</span> <span class='ocrx_word' id='word_1_275' title='bbox 2246 1533 2299 1583; x_wconf 89' lang='lat' dir='ltr'>in</span> <span class='ocrx_word' id='word_1_276' title='bbox 2322 1550 2495 1584; x_wconf 78' lang='lat' dir='ltr'>anreae</span> <span class='ocrx_word' id='word_1_277' title='bbox 2519 1531 2682 1582; x_wconf 76' lang='lat' dir='ltr'>aetatis</span> <span class='ocrx_word' id='word_1_278' title='bbox 2707 1529 2795 1581; x_wconf 89' lang='lat' dir='ltr'>de·</span> 
     </span>
     <span class='ocr_line' id='line_1_48' title="bbox 1778 1610 2795 1683; baseline -0.004 -19"><span class='ocrx_word' id='word_1_279' title='bbox 1778 1614 2156 1683; x_wconf 86' lang='lat' dir='ltr'>scriptionem;</span> <span class='ocrx_word' id='word_1_280' title='bbox 2189 1610 2418 1664; x_wconf 82' lang='lat' dir='ltr'>cohaeret</span> <span class='ocrx_word' id='word_1_281' title='bbox 2462 1622 2642 1662; x_wconf 85' lang='lat' dir='ltr'>autem</span> <span class='ocrx_word' id='word_1_282' title='bbox 2683 1628 2795 1661; x_wconf 76' lang='lat' dir='ltr'>ora-</span> 
     </span>
     <span class='ocr_line' id='line_1_49' title="bbox 1779 1689 2798 1744; baseline -0.005 0"><span class='ocrx_word' id='word_1_283' title='bbox 1779 1695 1853 1744; x_wconf 85' lang='lat' dir='ltr'>tio</span> <span class='ocrx_word' id='word_1_284' title='bbox 1887 1693 1956 1744; x_wconf 87' lang='lat' dir='ltr'>sic</span> <span class='ocrx_word' id='word_1_285' title='bbox 1993 1711 2004 1744; x_wconf 87' lang='lat'>:</span> <span class='ocrx_word' id='word_1_286' title='bbox 2039 1714 2059 1734; x_wconf 73' lang='grc' dir='ltr'>ι</span> <span class='ocrx_word' id='word_1_287' title='bbox 2084 1692 2262 1743; x_wconf 74' lang='lat' dir='ltr'>Parcae</span> <span class='ocrx_word' id='word_1_288' title='bbox 2291 1691 2404 1742; x_wconf 71' lang='lat' dir='ltr'>haec</span> <span class='ocrx_word' id='word_1_289' title='bbox 2426 1707 2610 1742; x_wconf 77' lang='lat' dir='ltr'>coram</span> <span class='ocrx_word' id='word_1_290' title='bbox 2639 1689 2694 1740; x_wconf 87' lang='lat' dir='ltr'>in</span> <span class='ocrx_word' id='word_1_291' title='bbox 2719 1689 2798 1740; x_wconf 75' lang='lat' dir='ltr'>his</span> 
     </span>
     <span class='ocr_line' id='line_1_50' title="bbox 1777 1769 2794 1842; baseline -0.003 -19"><span class='ocrx_word' id='word_1_292' title='bbox 1777 1772 1977 1842; x_wconf 82' lang='lat' dir='ltr'>nuptiis</span> <span class='ocrx_word' id='word_1_293' title='bbox 2034 1769 2308 1841; x_wconf 87' lang='lat' dir='ltr'>quondam</span> <span class='ocrx_word' id='word_1_294' title='bbox 2370 1769 2593 1840; x_wconf 66' lang='lat' dir='ltr'>profata</span> <span class='ocrx_word' id='word_1_295' title='bbox 2648 1782 2794 1831; x_wconf 81' lang='lat' dir='ltr'>sunt3</span> 
     </span>
     <span class='ocr_line' id='line_1_51' title="bbox 1777 1849 2796 1922; baseline -0.003 -21"><span class='ocrx_word' id='word_1_296' title='bbox 1777 1870 2007 1922; x_wconf 85' lang='lat' dir='ltr'>namque</span> <span class='ocrx_word' id='word_1_297' title='bbox 2063 1862 2190 1902; x_wconf 88' lang='lat' dir='ltr'>tunc</span> <span class='ocrx_word' id='word_1_298' title='bbox 2247 1849 2501 1919; x_wconf 82' lang='lat' dir='ltr'>temporis</span> <span class='ocrx_word' id='word_1_299' title='bbox 2542 1861 2796 1919; x_wconf 68' lang='lat' dir='ltr'>presentes</span> 
     </span>
     <span class='ocr_line' id='line_1_52' title="bbox 1779 1929 2399 1982; baseline 0 -1"><span class='ocrx_word' id='word_1_300' title='bbox 1779 1929 1953 1982; x_wconf 86' lang='lat' dir='ltr'>adhuc</span> <span class='ocrx_word' id='word_1_301' title='bbox 1983 1930 2207 1982; x_wconf 77' lang='lat' dir='ltr'>coelicoloe</span> <span class='ocrx_word' id='word_1_302' title='bbox 2238 1955 2260 1974; x_wconf 73' lang='grc' dir='ltr'>ι</span> <span class='ocrx_word' id='word_1_303' title='bbox 2299 1941 2399 1981; x_wconf 90' lang='lat' dir='ltr'>etc.</span> 
     </span>
    </p>

    <p class='ocr_par' dir='ltr' id='par_1_8' title="bbox 1778 2005 2803 2556">
     <span class='ocr_line' id='line_1_53' title="bbox 1863 2005 2796 2078; baseline -0.003 -18"><span class='ocrx_word' id='word_1_304' title='bbox 1863 2011 1995 2062; x_wconf 82' lang='lat'>386.</span> <span class='ocrx_word' id='word_1_305' title='bbox 2049 2009 2151 2060; x_wconf 88' lang='lat' dir='ltr'>Pro</span> <span class='ocrx_word' id='word_1_306' title='bbox 2193 2011 2403 2078; x_wconf 67' lang='lat' dir='ltr'>sapius,</span> <span class='ocrx_word' id='word_1_307' title='bbox 2436 2005 2589 2078; x_wconf 85' lang='lat' dir='ltr'>quod</span> <span class='ocrx_word' id='word_1_308' title='bbox 2629 2021 2705 2059; x_wconf 80' lang='lat' dir='ltr'>est</span> <span class='ocrx_word' id='word_1_309' title='bbox 2745 2008 2796 2058; x_wconf 87' lang='lat' dir='ltr'>in</span> 
     </span>
     <span class='ocr_line' id='line_1_54' title="bbox 1778 2087 2800 2158; baseline 0 -20"><span class='ocrx_word' id='word_1_310' title='bbox 1778 2087 1929 2141; x_wconf 88' lang='lat' dir='ltr'>editt.</span> <span class='ocrx_word' id='word_1_311' title='bbox 1976 2089 2189 2158; x_wconf 85' lang='lat' dir='ltr'>vulgatt.</span> <span class='ocrx_word' id='word_1_312' title='bbox 2225 2090 2279 2139; x_wconf 87' lang='lat' dir='ltr'>in</span> <span class='ocrx_word' id='word_1_313' title='bbox 2325 2088 2443 2139; x_wconf 87' lang='lat' dir='ltr'>libr.</span> <span class='ocrx_word' id='word_1_314' title='bbox 2483 2087 2643 2140; x_wconf 80' lang='lat' dir='ltr'>MSS.</span> <span class='ocrx_word' id='word_1_315' title='bbox 2684 2087 2800 2157; x_wconf 83' lang='lat' dir='ltr'>legi-</span> 
     </span>
     <span class='ocr_line' id='line_1_55' title="bbox 1780 2165 2800 2238; baseline 0 -19"><span class='ocrx_word' id='word_1_316' title='bbox 1780 2181 1866 2219; x_wconf 87' lang='lat' dir='ltr'>tur</span> <span class='ocrx_word' id='word_1_317' title='bbox 1889 2169 2072 2220; x_wconf 83' lang='lat' dir='ltr'>Nereus</span> <span class='ocrx_word' id='word_1_318' title='bbox 2102 2169 2183 2219; x_wconf 80' lang='lat' dir='ltr'>vel</span> <span class='ocrx_word' id='word_1_319' title='bbox 2211 2168 2426 2229; x_wconf 73' lang='lat' dir='ltr'>Her-eus,</span> <span class='ocrx_word' id='word_1_320' title='bbox 2455 2165 2610 2238; x_wconf 87' lang='lat' dir='ltr'>quod</span> <span class='ocrx_word' id='word_1_321' title='bbox 2639 2185 2668 2219; x_wconf 80' lang='lat' dir='ltr'>a</span> <span class='ocrx_word' id='word_1_322' title='bbox 2691 2168 2800 2237; x_wconf 82' lang='lat' dir='ltr'>qui·</span> 
     </span>
     <span class='ocr_line' id='line_1_56' title="bbox 1778 2246 2797 2298; baseline -0.001 -1"><span class='ocrx_word' id='word_1_323' title='bbox 1778 2246 2000 2298; x_wconf 87' lang='lat' dir='ltr'>busdam</span> <span class='ocrx_word' id='word_1_324' title='bbox 2043 2259 2307 2298; x_wconf 86' lang='lat' dir='ltr'>mutatum</span> <span class='ocrx_word' id='word_1_325' title='bbox 2355 2257 2432 2297; x_wconf 89' lang='lat' dir='ltr'>est</span> <span class='ocrx_word' id='word_1_326' title='bbox 2477 2246 2541 2298; x_wconf 79' lang='lat' dir='ltr'>in</span> <span class='ocrx_word' id='word_1_327' title='bbox 2568 2247 2797 2297; x_wconf 67' lang='lat' dir='ltr'>Herum.</span> 
     </span>
     <span class='ocr_line' id='line_1_57' title="bbox 1780 2325 2802 2396; baseline 0.001 -19"><span class='ocrx_word' id='word_1_328' title='bbox 1780 2359 1856 2367; x_wconf 89' lang='lat'>—</span> <span class='ocrx_word' id='word_1_329' title='bbox 1882 2326 2143 2396; x_wconf 83' lang='lat' dir='ltr'>Meleager</span> <span class='ocrx_word' id='word_1_330' title='bbox 2163 2325 2372 2377; x_wconf 80' lang='lat' dir='ltr'>volebat</span> <span class='ocrx_word' id='word_1_331' title='bbox 2395 2329 2580 2377; x_wconf 61' lang='lat' dir='ltr'>aerius.</span> <span class='ocrx_word' id='word_1_332' title='bbox 2602 2359 2679 2368; x_wconf 93' lang='lat'>—</span> <span class='ocrx_word' id='word_1_333' title='bbox 2701 2326 2802 2378; x_wconf 68' lang='lat' dir='ltr'>Ca·</span> 
     </span>
     <span class='ocr_line' id='line_1_58' title="bbox 1782 2403 2803 2478; baseline 0.003 -24"><span class='ocrx_word' id='word_1_334' title='bbox 1782 2418 1831 2455; x_wconf 81' lang='lat' dir='ltr'>tu</span> <span class='ocrx_word' id='word_1_335' title='bbox 1850 2406 2061 2477; x_wconf 85' lang='lat' dir='ltr'>antique</span> <span class='ocrx_word' id='word_1_336' title='bbox 2073 2423 2174 2478; x_wconf 86' lang='lat' dir='ltr'>pro</span> <span class='ocrx_word' id='word_1_337' title='bbox 2189 2408 2348 2466; x_wconf 74' lang='lat' dir='ltr'>coetue&#39;,</span> <span class='ocrx_word' id='word_1_338' title='bbox 2373 2415 2432 2455; x_wconf 88' lang='lat' dir='ltr'>nt</span> <span class='ocrx_word' id='word_1_339' title='bbox 2445 2407 2649 2458; x_wconf 83' lang='lat' dir='ltr'>centies</span> <span class='ocrx_word' id='word_1_340' title='bbox 2665 2403 2803 2477; x_wconf 84' lang='lat' dir='ltr'>apud</span> 
     </span>
     <span class='ocr_line' id='line_1_59' title="bbox 1783 2487 1972 2556; baseline 0.011 -21"><span class='ocrx_word' id='word_1_341' title='bbox 1783 2487 1972 2556; x_wconf 81' lang='lat' dir='ltr'>virgil.</span> 
     </span>
    </p>

    <p class='ocr_par' dir='ltr' id='par_1_9' title="bbox 1778 2565 2802 2795">
     <span class='ocr_line' id='line_1_60' title="bbox 1863 2565 2801 2637; baseline -0.001 -19"><span class='ocrx_word' id='word_1_342' title='bbox 1863 2567 1997 2636; x_wconf 88' lang='lat'>387.</span> <span class='ocrx_word' id='word_1_343' title='bbox 2029 2565 2200 2636; x_wconf 79' lang='lat' dir='ltr'>Spreta</span> <span class='ocrx_word' id='word_1_344' title='bbox 2232 2570 2444 2636; x_wconf 76' lang='lat' dir='ltr'>pietate,</span> <span class='ocrx_word' id='word_1_345' title='bbox 2490 2567 2525 2617; x_wconf 88' lang='lat' dir='ltr'>i.</span> <span class='ocrx_word' id='word_1_346' title='bbox 2554 2586 2605 2619; x_wconf 85' lang='lat' dir='ltr'>e.</span> <span class='ocrx_word' id='word_1_347' title='bbox 2639 2585 2801 2637; x_wconf 83' lang='lat' dir='ltr'>quum</span> 
     </span>
     <span class='ocr_line' id='line_1_61' title="bbox 1781 2644 2802 2716; baseline 0 -20"><span class='ocrx_word' id='word_1_348' title='bbox 1781 2646 2027 2699; x_wconf 84' lang='lat' dir='ltr'>mortales</span> <span class='ocrx_word' id='word_1_349' title='bbox 2054 2644 2297 2697; x_wconf 87' lang='lat' dir='ltr'>nondum</span> <span class='ocrx_word' id='word_1_350' title='bbox 2323 2645 2410 2716; x_wconf 90' lang='lat' dir='ltr'>pie</span> <span class='ocrx_word' id='word_1_351' title='bbox 2434 2663 2559 2715; x_wconf 80' lang='lat' dir='ltr'>erga</span> <span class='ocrx_word' id='word_1_352' title='bbox 2587 2647 2728 2698; x_wconf 83' lang='lat' dir='ltr'>Deos</span> <span class='ocrx_word' id='word_1_353' title='bbox 2752 2665 2802 2696; x_wconf 85' lang='lat' dir='ltr'>se</span> 
     </span>
     <span class='ocr_line' id='line_1_62' title="bbox 1778 2723 2520 2795; baseline 0.001 -19"><span class='ocrx_word' id='word_1_354' title='bbox 1778 2744 1958 2793; x_wconf 86' lang='lat' dir='ltr'>gerere</span> <span class='ocrx_word' id='word_1_355' title='bbox 1981 2723 2423 2795; x_wconf 83' lang='lat' dir='ltr'>dedignabantur.</span> <span class='ocrx_word' id='word_1_356' title='bbox 2450 2724 2520 2777; x_wconf 88' lang='lat' dir='ltr'>N.</span> 
     </span>
    </p>

    <p class='ocr_par' dir='ltr' id='par_1_10' title="bbox 1778 2804 2813 3906">
     <span class='ocr_line' id='line_1_63' title="bbox 1862 2804 2804 2875; baseline -0.001 -19"><span class='ocrx_word' id='word_1_357' title='bbox 1862 2805 1993 2858; x_wconf 87' lang='grc'><strong>388.</strong></span> <span class='ocrx_word' id='word_1_358' title='bbox 2018 2805 2051 2855; x_wconf 89' lang='lat' dir='ltr'>J</span> <span class='ocrx_word' id='word_1_359' title='bbox 2056 2821 2220 2873; x_wconf 89' lang='lat' dir='ltr'>unge:</span> <span class='ocrx_word' id='word_1_360' title='bbox 2245 2822 2414 2874; x_wconf 80' lang='lat' dir='ltr'>-saepe</span> <span class='ocrx_word' id='word_1_361' title='bbox 2436 2815 2588 2875; x_wconf 84' lang='lat' dir='ltr'>pater</span> <span class='ocrx_word' id='word_1_362' title='bbox 2606 2804 2804 2856; x_wconf 77' lang='lat' dir='ltr'>Divum</span> 
     </span>
     <span class='ocr_line' id='line_1_64' title="bbox 1778 2875 2806 2953; baseline -0.001 -19"><span class='ocrx_word' id='word_1_363' title='bbox 1778 2904 1950 2935; x_wconf 86' lang='lat' dir='ltr'>annua</span> <span class='ocrx_word' id='word_1_364' title='bbox 1972 2903 2116 2935; x_wconf 84' lang='lat' dir='ltr'>sacra</span> <span class='ocrx_word' id='word_1_365' title='bbox 2132 2921 2146 2940; x_wconf 88' lang='lat'>‚</span> <span class='ocrx_word' id='word_1_366' title='bbox 2170 2901 2335 2953; x_wconf 87' lang='lat' dir='ltr'>quum</span> <span class='ocrx_word' id='word_1_367' title='bbox 2365 2875 2500 2951; x_wconf 80' lang='lat' dir='ltr'><em>(illa)</em></span> <span class='ocrx_word' id='word_1_368' title='bbox 2532 2884 2677 2935; x_wconf 85' lang='lat' dir='ltr'>festis</span> <span class='ocrx_word' id='word_1_369' title='bbox 2692 2882 2806 2934; x_wconf 78' lang='lat' dir='ltr'>die-</span> 
     </span>
     <span class='ocr_line' id='line_1_65' title="bbox 1778 2962 2805 3033; baseline -0.001 -20"><span class='ocrx_word' id='word_1_370' title='bbox 1778 2963 1878 3014; x_wconf 85' lang='lat' dir='ltr'>bus</span> <span class='ocrx_word' id='word_1_371' title='bbox 1907 2965 2170 3015; x_wconf 84' lang='lat' dir='ltr'>venissent</span> <span class='ocrx_word' id='word_1_372' title='bbox 2191 3002 2206 3027; x_wconf 88' lang='lat'><em>,</em></span> <span class='ocrx_word' id='word_1_373' title='bbox 2236 2962 2469 3014; x_wconf 83' lang='lat' dir='ltr'>revisens</span> <span class='ocrx_word' id='word_1_374' title='bbox 2504 2963 2574 3013; x_wconf 64' lang='lat' dir='ltr'>in*</span> <span class='ocrx_word' id='word_1_375' title='bbox 2607 2963 2805 3033; x_wconf 86' lang='lat' dir='ltr'>templo</span> 
     </span>
     <span class='ocr_line' id='line_1_66' title="bbox 1778 3033 2806 3113; baseline 0.001 -21"><span class='ocrx_word' id='word_1_376' title='bbox 1778 3043 2014 3113; x_wconf 87' lang='lat' dir='ltr'>fulgente</span> <span class='ocrx_word' id='word_1_377' title='bbox 2042 3033 2338 3112; x_wconf 77' lang='lat' dir='ltr'>(splendido)</span> <span class='ocrx_word' id='word_1_378' title='bbox 2358 3043 2634 3112; x_wconf 86' lang='lat' dir='ltr'>conspexit</span> <span class='ocrx_word' id='word_1_379' title='bbox 2655 3067 2677 3088; x_wconf 78' lang='grc' dir='ltr'>ι·</span> <span class='ocrx_word' id='word_1_380' title='bbox 2706 3055 2806 3094; x_wconf 65' lang='lat' dir='ltr'>etc.</span> 
     </span>
     <span class='ocr_line' id='line_1_67' title="bbox 1779 3123 2804 3176; baseline 0 -2"><span class='ocrx_word' id='word_1_381' title='bbox 1779 3155 1860 3163; x_wconf 91' lang='lat'>—</span> <span class='ocrx_word' id='word_1_382' title='bbox 1900 3123 1998 3174; x_wconf 83' lang='lat' dir='ltr'>Per</span> <span class='ocrx_word' id='word_1_383' title='bbox 2033 3142 2193 3173; x_wconf 79' lang='lat' dir='ltr'>annua</span> <span class='ocrx_word' id='word_1_384' title='bbox 2224 3142 2366 3173; x_wconf 81' lang='lat' dir='ltr'>sacra</span> <span class='ocrx_word' id='word_1_385' title='bbox 2396 3134 2578 3173; x_wconf 81' lang='lat' dir='ltr'>autem</span> <span class='ocrx_word' id='word_1_386' title='bbox 2609 3123 2804 3176; x_wconf 81' lang='lat' dir='ltr'>intelli·</span> 
     </span>
     <span class='ocr_line' id='line_1_68' title="bbox 1779 3200 2806 3272; baseline 0.002 -20"><span class='ocrx_word' id='word_1_387' title='bbox 1779 3214 1975 3271; x_wconf 83' lang='lat' dir='ltr'>guntur</span> <span class='ocrx_word' id='word_1_388' title='bbox 2025 3200 2137 3253; x_wconf 89' lang='lat' dir='ltr'>ludi</span> <span class='ocrx_word' id='word_1_389' title='bbox 2195 3201 2582 3272; x_wconf 82' lang='lat' dir='ltr'>antiquissimi,</span> <span class='ocrx_word' id='word_1_390' title='bbox 2637 3202 2806 3254; x_wconf 76' lang='lat' dir='ltr'>cultui</span> 
     </span>
     <span class='ocr_line' id='line_1_69' title="bbox 1778 3280 2808 3353; baseline 0.001 -22"><span class='ocrx_word' id='word_1_391' title='bbox 1778 3280 1927 3332; x_wconf 82' lang='lat' dir='ltr'>Jovis</span> <span class='ocrx_word' id='word_1_392' title='bbox 1954 3282 2260 3344; x_wconf 87' lang='lat' dir='ltr'>consecrati,</span> <span class='ocrx_word' id='word_1_393' title='bbox 2292 3282 2346 3333; x_wconf 87' lang='lat' dir='ltr'>in</span> <span class='ocrx_word' id='word_1_394' title='bbox 2374 3281 2573 3351; x_wconf 82' lang='lat' dir='ltr'>quibus</span> <span class='ocrx_word' id='word_1_395' title='bbox 2590 3282 2808 3353; x_wconf 81' lang='lat' dir='ltr'>Jupiter</span> 
     </span>
     <span class='ocr_line' id='line_1_70' title="bbox 1779 3360 2805 3429; baseline -0.001 -17"><span class='ocrx_word' id='word_1_396' title='bbox 1779 3361 1890 3429; x_wconf 87' lang='lat' dir='ltr'>ipse</span> <span class='ocrx_word' id='word_1_397' title='bbox 1936 3378 2058 3412; x_wconf 89' lang='lat' dir='ltr'>cum</span> <span class='ocrx_word' id='word_1_398' title='bbox 2104 3360 2331 3412; x_wconf 87' lang='lat' dir='ltr'>Saturno</span> <span class='ocrx_word' id='word_1_399' title='bbox 2375 3360 2518 3412; x_wconf 71' lang='lat' dir='ltr'>lucta</span> <span class='ocrx_word' id='word_1_400' title='bbox 2565 3362 2805 3415; x_wconf 77' lang='lat' dir='ltr'>certavit.</span> 
     </span>
     <span class='ocr_line' id='line_1_71' title="bbox 1780 3440 2809 3493; baseline 0.001 -3"><span class='ocrx_word' id='word_1_401' title='bbox 1780 3440 2020 3491; x_wconf 88' lang='lat' dir='ltr'>Primum</span> <span class='ocrx_word' id='word_1_402' title='bbox 2091 3441 2305 3492; x_wconf 84' lang='lat' dir='ltr'>fortasse</span> <span class='ocrx_word' id='word_1_403' title='bbox 2362 3441 2527 3492; x_wconf 82' lang='lat' dir='ltr'>annui</span> <span class='ocrx_word' id='word_1_404' title='bbox 2591 3441 2809 3493; x_wconf 82' lang='lat' dir='ltr'>fuerunt</span> 
     </span>
     <span class='ocr_line' id='line_1_72' title="bbox 1779 3516 2809 3590; baseline 0.003 -21"><span class='ocrx_word' id='word_1_405' title='bbox 1779 3516 1924 3590; x_wconf 85' lang='lat' dir='ltr'>apud</span> <span class='ocrx_word' id='word_1_406' title='bbox 1967 3519 2270 3581; x_wconf 86' lang='lat' dir='ltr'>Cretenses,</span> <span class='ocrx_word' id='word_1_407' title='bbox 2316 3520 2513 3572; x_wconf 84' lang='lat' dir='ltr'>horum</span> <span class='ocrx_word' id='word_1_408' title='bbox 2552 3518 2809 3573; x_wconf 83' lang='lat' dir='ltr'>ludorum</span> 
     </span>
     <span class='ocr_line' id='line_1_73' title="bbox 1779 3597 2805 3657; baseline 0 -7"><span class='ocrx_word' id='word_1_409' title='bbox 1779 3611 2059 3657; x_wconf 85' lang='lat' dir='ltr'>auctores;</span> <span class='ocrx_word' id='word_1_410' title='bbox 2106 3597 2304 3651; x_wconf 87' lang='lat' dir='ltr'>deinde</span> <span class='ocrx_word' id='word_1_411' title='bbox 2351 3599 2421 3650; x_wconf 80' lang='lat' dir='ltr'>&#39;ab</span> <span class='ocrx_word' id='word_1_412' title='bbox 2464 3598 2699 3652; x_wconf 77' lang='lat' dir='ltr'>Hercule</span> <span class='ocrx_word' id='word_1_413' title='bbox 2749 3600 2805 3652; x_wconf 86' lang='lat' dir='ltr'>in</span> 
     </span>
     <span class='ocr_line' id='line_1_74' title="bbox 1779 3677 2810 3751; baseline 0.002 -22"><span class='ocrx_word' id='word_1_414' title='bbox 1779 3677 1991 3730; x_wconf 86' lang='lat' dir='ltr'>Elidem</span> <span class='ocrx_word' id='word_1_415' title='bbox 2023 3678 2255 3731; x_wconf 85' lang='lat' dir='ltr'>translati</span> <span class='ocrx_word' id='word_1_416' title='bbox 2284 3679 2438 3731; x_wconf 84' lang='lat' dir='ltr'>tertio</span> <span class='ocrx_word' id='word_1_417' title='bbox 2464 3696 2682 3751; x_wconf 86' lang='lat' dir='ltr'>quoque</span> <span class='ocrx_word' id='word_1_418' title='bbox 2712 3698 2810 3731; x_wconf 83' lang='lat' dir='ltr'>an-</span> 
     </span>
     <span class='ocr_line' id='line_1_75' title="bbox 1779 3752 2813 3830; baseline 0.004 -22"><span class='ocrx_word' id='word_1_419' title='bbox 1779 3777 1852 3808; x_wconf 89' lang='lat' dir='ltr'>no</span> <span class='ocrx_word' id='word_1_420' title='bbox 1873 3752 2128 3811; x_wconf 83' lang='lat' dir='ltr'>celebrari</span> <span class='ocrx_word' id='word_1_421' title='bbox 2143 3771 2423 3828; x_wconf 81' lang='lat' dir='ltr'>coeperunt</span> <span class='ocrx_word' id='word_1_422' title='bbox 2436 3796 2453 3824; x_wconf 90' lang='lat'>,</span> <span class='ocrx_word' id='word_1_423' title='bbox 2467 3756 2639 3812; x_wconf 86' lang='lat' dir='ltr'>donec</span> <span class='ocrx_word' id='word_1_424' title='bbox 2652 3759 2813 3830; x_wconf 81' lang='lat' dir='ltr'>quin·</span> 
     </span>
     <span class='ocr_line' id='line_1_76' title="bbox 1782 3836 2627 3906; baseline 0.005 -19"><span class='ocrx_word' id='word_1_425' title='bbox 1782 3838 2068 3906; x_wconf 82' lang='lat' dir='ltr'>quennales</span> <span class='ocrx_word' id='word_1_426' title='bbox 2097 3838 2302 3892; x_wconf 73' lang='lat' dir='ltr'>fierent.</span> <span class='ocrx_word' id='word_1_427' title='bbox 2322 3836 2454 3891; x_wconf 84' lang='lat' dir='ltr'>vid.</span> <span class='ocrx_word' id='word_1_428' title='bbox 2474 3838 2627 3891; x_wconf 83' lang='lat' dir='ltr'>Voss.</span> 
     </span>
    </p>

    <p class='ocr_par' dir='ltr' id='par_1_11' title="bbox 1781 3916 2816 4227">
     <span class='ocr_line' id='line_1_77' title="bbox 1788 3916 2803 3989; baseline 0.003 -21"><span class='ocrx_word' id='word_1_429' title='bbox 1788 3943 1795 3951; x_wconf 79' lang='lat'><strong>·</strong></span> <span class='ocrx_word' id='word_1_430' title='bbox 1863 3917 1995 3986; x_wconf 83' lang='lat'>389.</span> <span class='ocrx_word' id='word_1_431' title='bbox 2029 3916 2803 3989; x_wconf 73' lang='lat' dir='ltr'>Prodmn,quodestinvul·</span> 
     </span>
     <span class='ocr_line' id='line_1_78' title="bbox 1781 3994 2812 4070; baseline 0.002 -23"><span class='ocrx_word' id='word_1_432' title='bbox 1781 4009 1902 4065; x_wconf 85' lang='lat' dir='ltr'>gatt.</span> <span class='ocrx_word' id='word_1_433' title='bbox 1949 3994 2094 4050; x_wconf 86' lang='lat' dir='ltr'>editt.</span> <span class='ocrx_word' id='word_1_434' title='bbox 2137 3998 2377 4068; x_wconf 83' lang='lat' dir='ltr'>rescripsi</span> <span class='ocrx_word' id='word_1_435' title='bbox 2422 4018 2565 4070; x_wconf 75' lang='lat' dir='ltr'>quum</span> <span class='ocrx_word' id='word_1_436' title='bbox 2586 4038 2600 4061; x_wconf 90' lang='lat'><em>,</em></span> <span class='ocrx_word' id='word_1_437' title='bbox 2641 4011 2694 4050; x_wconf 88' lang='lat' dir='ltr'>et</span> <span class='ocrx_word' id='word_1_438' title='bbox 2735 4000 2812 4050; x_wconf 75' lang='lat' dir='ltr'>sic</span> 
     </span>
     <span class='ocr_line' id='line_1_79' title="bbox 1783 4075 2811 4147; baseline 0.003 -21"><span class='ocrx_word' id='word_1_439' title='bbox 1783 4087 1889 4139; x_wconf 88' lang='lat' dir='ltr'>est,</span> <span class='ocrx_word' id='word_1_440' title='bbox 1927 4088 1985 4128; x_wconf 90' lang='lat' dir='ltr'>ut</span> <span class='ocrx_word' id='word_1_441' title='bbox 2027 4089 2244 4130; x_wconf 79' lang='lat' dir='ltr'>testatur</span> <span class='ocrx_word' id='word_1_442' title='bbox 2273 4075 2463 4130; x_wconf 84' lang='lat' dir='ltr'>editor.</span> <span class='ocrx_word' id='word_1_443' title='bbox 2498 4076 2811 4147; x_wconf 71' lang='lat' dir='ltr'>cantabrig.</span> 
     </span>
     <span class='ocr_line' id='line_1_80' title="bbox 1783 4152 2816 4227; baseline 0.003 -22"><span class='ocrx_word' id='word_1_444' title='bbox 1783 4154 1837 4206; x_wconf 88' lang='lat' dir='ltr'>in</span> <span class='ocrx_word' id='word_1_445' title='bbox 1873 4152 1998 4207; x_wconf 88' lang='lat' dir='ltr'>edit.</span> <span class='ocrx_word' id='word_1_446' title='bbox 2032 4157 2097 4208; x_wconf 88' lang='lat' dir='ltr'>R.</span> <span class='ocrx_word' id='word_1_447' title='bbox 2120 4169 2173 4209; x_wconf 91' lang='lat' dir='ltr'>et</span> <span class='ocrx_word' id='word_1_448' title='bbox 2205 4158 2270 4210; x_wconf 90' lang='lat' dir='ltr'>L.</span> <span class='ocrx_word' id='word_1_449' title='bbox 2298 4155 2450 4210; x_wconf 78' lang='lat' dir='ltr'>MSS.</span> <span class='ocrx_word' id='word_1_450' title='bbox 2487 4170 2538 4210; x_wconf 89' lang='lat' dir='ltr'>et</span> <span class='ocrx_word' id='word_1_451' title='bbox 2567 4158 2816 4227; x_wconf 76' lang='lat' dir='ltr'>margine</span> 
     </span>
    </p>
   </div>
  </div>
 </body>
</html>
