2986 4935
861 399 1309 468 CARMEN
1362 400 1582 468 VIII.

2191 397 2272 471 51

353 535 458 602 Ibi
496 530 611 600 illa
647 529 860 599 multa
904 545 1036 598 tam
1062 531 1292 623 jocosa
1328 531 1610 617 fiebant,

359 644 532 728 Quae
574 653 649 706 tu
682 635 989 722 volebas,
1022 662 1144 705 nec
1180 635 1397 730 puella
1429 636 1718 706 nolebat.

364 746 634 815 Fulsere
678 769 836 812 vere
874 743 1135 812 candidi
1175 744 1291 813 tibi
1329 742 1517 812 soles.

364 855 566 921 Nunc
594 852 734 943 jam
767 848 876 918 illa
905 874 1043 917 non
1078 848 1223 917 vult
1251 875 1264 917 :

1306 864 1378 918 tu
1409 875 1672 943 quoque
1688 904 1706 937 ,
1736 851 2092 945 impotenS,
2131 851 2298 942 noli3

371 961 552 1041 Nee,
583 983 729 1051 quae
763 956 967 1050 fugit,
1001 971 1289 1042 sectare3
1322 981 1446 1025 nec
1483 957 1683 1025 miser
1719 959 1909 1026 vive:

372 1065 498 1132 Sed
537 1065 872 1132 obstinata
909 1077 1129 1131 mente
1173 1062 1421 1156 perfer,
1463 1062 1741 1131 obdura.

375 1170 577 1257 Vale,
619 1167 837 1264 puella
870 1194 883 1235 τ
914 1169 1057 1260 jam
1093 1168 1393 1239 Catullus
1426 1168 1714 1237 obdurat
1737 1224 1756 1253 ,

383 1280 525 1347 Nec
565 1290 630 1344 te
666 1276 988 1369 requiret,
1022 1300 1145 1345 nec
1182 1276 1441 1369 rogabit
1477 1278 1771 1344 invitam.

382 1386 467 1452 At
510 1398 584 1452 tu
625 1381 906 1465 dolebis,
942 1406 1148 1475 quum
1182 1382 1522 1476 rogaberis
1565 1382 1781 1468 nulla,

260 1608 312 1657 6.
345 1605 393 1657 T
389 1624 464 1656 um
500 1606 675 1674 jocosa
715 1603 824 1656 alii.
871 1635 951 1646 —
996 1603 1075 1655 Ibi
1113 1604 1202 1654 illa
1288 1623 1430 1656 nunc
1475 1603 1565 1656 illa
1607 1617 1658 1656 te
1707 1603 1999 1657 contemnit
2019 1642 2036 1670 ,
2084 1605 2313 1660 vicissim

187 1685 329 1734 multa
353 1697 446 1735 tam
465 1687 638 1753 jocosa
650 1683 859 1753 fiebant.
893 1684 974 1735 En
1007 1702 1201 1735 novam
1289 1684 1434 1735 illam
1467 1697 1744 1735 contemne
1772 1698 2115 1755 contemptu&
2140 1686 2318 1740 Haese-

190 1782 301 1815 sane
325 1778 491 1834 poetae
519 1760 894 1815 verecundiam
913 1802 929 1829 ,
948 1781 1202 1813 verecun-
1291 1776 1415 1814 runt
1449 1763 1504 1813 in
1541 1764 1643 1815 hoc
1680 1764 1797 1815 loco
1827 1777 1880 1815 et
1904 1763 1971 1816 ad
1993 1768 2319 1835 conjecturas

187 1842 252 1895 de
296 1863 433 1896 nunc
476 1843 956 1896 circumscribentis
1007 1841 1205 1893 amoris
1293 1838 1644 1913 confugerunt
1687 1844 2029 1913 interpretes,
2079 1845 2168 1897 sed
2208 1867 2319 1898 non

190 1924 457 1993 nequitias,
488 1922 686 1994 quibus
715 1923 842 1973 olim
863 1940 985 1973 cum
1015 1921 1206 1972 Lesbia
1296 1922 1490 1992 cepisse
1511 1921 1758 1973 videntur
1776 1927 2071 1992 impotentem
2081 1928 2190 1994 jam
2214 1925 2320 1979 dici

188 2002 493 2055 indulserat!
513 2005 683 2070 facere
712 2015 760 2052 et
773 2000 890 2070 fieri
917 2001 1102 2071 passim
1137 1999 1203 2051 de
1296 2002 1566 2052 hominem
1602 2002 1932 2053 invenustum
1953 2041 1967 2065 ‚
1990 2004 2080 2072 qui
2109 2006 2241 2056 nihil
2265 2007 2319 2057 in

190 2102 243 2133 re
273 2084 523 2134 venerea.
548 2080 674 2134 vid.
706 2082 996 2133 Burmann.
1016 2079 1083 2131 ad
1105 2081 1204 2131 Pe·

190 2173 319 2213 tron.
349 2163 442 2231 39.

266 2262 320 2309 9.
340 2244 489 2293 Voss,
513 2242 569 2292 in
590 2240 912 2292 commelini
929 2238 1111 2292 codice
1132 2238 1210 2289 in-

189 2322 330 2373 venit
355 2334 496 2392 tuque
520 2324 677 2389 inepte
700 2332 747 2370 et
775 2324 973 2390 impote,
1011 2321 1063 2370 in
1095 2319 1211 2369 aliis

186 2405 437 2472 impotens,
475 2414 528 2452 et
561 2402 632 2452 sic
670 2412 743 2450 est
784 2400 837 2451 in
877 2398 1017 2451 Edit.
1060 2401 1125 2450 R.
1159 2410 1210 2448 et

188 2483 245 2532 L.
272 2483 328 2533 in
355 2481 607 2533 omnibus
629 2498 755 2530 vero
781 2480 893 2532 MS.
922 2479 1099 2531 deerat
1122 2497 1211 2549 pes

182 2575 463 2613 extremus.
490 2561 724 2630 Scaliger
745 2559 966 2611 restituit
986 2563 1212 2628 impotens

181 2659 239 2690 ne
271 2646 358 2692 sis.
396 2641 620 2692 Vossius
655 2659 718 2691 ex
758 2640 987 2709 vestigiis
1026 2638 1216 2690 veteris

180 2720 425 2773 lectionis
448 2737 461 2771 :
487 2732 540 2771 tu
562 2739 746 2793 quoque
764 2723 862 2788 ipse
884 2731 928 2769 te
950 2721 1089 2784 refer.
1110 2718 1217 2769 Sta·

178 2799 278 2851 tius
306 2812 362 2851 tu
380 2820 573 2872 quoque
596 2802 823 2868 impotens
852 2812 951 2849 esto
970 2840 983 2862 ,
1017 2810 1066 2850 et
1090 2798 1217 2849 hinc

176 2877 298 2932 vult
316 2894 374 2931 tu
400 2900 619 2953 quoque,
651 2882 908 2948 impotens,
939 2879 1038 2929 noli
1052 2915 1066 2937 ,
1099 2896 1218 2947 quae

172 2973 450 3029 postrema
485 2959 646 3012 lectio
687 2958 949 3028 reperitur
980 2959 1134 3009 etiam
1164 2956 1217 3006 in

175 3040 418 3110 margine
451 3040 552 3091 lib.
587 3037 817 3100 Heinsii,
850 3038 938 3089 ubi
969 3052 1217 3106 tanquam

173 3120 422 3172 mantissa
471 3116 700 3172 additur
739 3117 854 3169 haec
891 3117 1081 3169 lectio:
1110 3115 1222 3165 Jam

168 3219 297 3249 nunc
336 3214 388 3250 et
423 3201 519 3252 illa
564 3217 661 3248 non
695 3198 830 3257 vult,
873 3210 925 3247 tu
959 3215 1141 3268 quoque
1176 3208 1226 3244 ce

168 3279 287 3333 noli.
322 3276 792 3347 Cantabrigiensis
810 3277 1116 3328 Vossianam
1149 3275 1224 3325 le-

164 3361 404 3412 ctionem
430 3355 868 3428 amplectendam
889 3369 1053 3426 putat,
1066 3353 1226 3405 modo

164 3458 266 3509 pro
308 3442 450 3508 refer
500 3440 713 3506 legatur
755 3435 953 3486 obdura.
993 3435 1227 3486 Servavit

164 3534 342 3572 tamen
382 3522 445 3572 in
491 3531 648 3570 textu
676 3530 905 3567 nostram
929 3515 1224 3566 lectionem.

165 3601 449 3656 Heinsius,
487 3598 658 3665 cujus
679 3596 935 3647 celebrata
968 3593 1021 3644 in
1051 3613 1230 3644 emen-

160 3678 357 3734 dandis
405 3691 715 3752 poetarum
762 3674 1112 3736 carminibus,
1146 3692 1233 3724 ne·

163 3763 271 3813 scio
296 3781 417 3833 quo
445 3761 609 3821 fato,
626 3769 735 3808 tam
759 3773 945 3826 parum
968 3752 1234 3823 ingeniolo

1296 2100 1475 2132 amore
1507 2082 1637 2131 valet
1666 2095 1714 2130 et
1737 2082 1929 2150 pollet,
1959 2083 2051 2151 qui
2090 2085 2321 2154 rejicitur

1299 2174 1349 2210 et
1384 2161 1644 2227 repulsam
1673 2160 1788 2211 fert.
1815 2162 1990 2212 Potens
2014 2176 2193 2215 contra
2218 2178 2323 2228 est,

1299 2239 1392 2309 qui
1415 2239 1538 2288 felix
1566 2252 1616 2289 et
1641 2239 1932 2291 fortunatus
1951 2255 2024 2292 est
2046 2241 2100 2292 in
2121 2262 2319 2296 amore.

1300 2319 1443 2369 Infra
1460 2319 1634 2369 Carni.
1654 2318 1719 2378 C,
1750 2321 1781 2371 8
1808 2337 1820 2369 :
1852 2321 1968 2371 «Sis
1992 2322 2141 2385 felix,
2162 2324 2287 2375 Caeli
2305 2362 2322 2388 ‚

1301 2398 1369 2449 sis
1411 2398 1462 2448 in
1500 2416 1678 2449 amore
1707 2411 1904 2469 potens.
1929 2428 2037 2446 -—-
2055 2402 2215 2455 Merae
2241 2404 2324 2455 in.

1305 2479 1545 2547 terpretis
1598 2480 1825 2547 argutiae.
1877 2481 2034 2532 Suam
2079 2483 2180 2534 sibi
2223 2486 2324 2537 Ca-

1306 2558 1463 2608 tullus
1486 2556 1832 2622 dementiam,
1857 2561 2093 2612 animum
2126 2564 2204 2614 sui
2233 2566 2327 2616 im·

1307 2651 1480 2707 potem
1498 2677 1511 2700 ,
1530 2640 1808 2707 exprobrat
1830 2679 1846 2702 ,
1877 2653 1928 2689 et
1947 2659 1999 2689 se
2020 2640 2088 2691 ad
2111 2643 2328 2696 viriliter

1306 2714 1678 2768 obdurandum
1731 2719 1951 2770 exacuit.
1993 2721 2121 2790 'I'rop
2168 2725 2327 2787 faible

1308 2817 1452 2856 ccretr,
1472 2797 1611 2845 sache
1625 2797 1747 2846 donc
1763 2802 1891 2847 aussi
1905 2799 1952 2847 Ια
1971 2800 2246 2869 ck'dae'gner.
2261 2804 2326 2855 N.

1398 2893 1418 2925 1
1438 2894 1456 2925 1
1469 2917 1478 2926 .
1502 2876 1602 2926 Sed
1616 2876 1853 2926 obstinata
1878 2890 2028 2928 mente
2038 2882 2219 2948 perfer,
2242 2883 2329 2932 ob-

1311 2956 1431 3004 dura
1454 2975 1471 3005 .·
1496 2956 1726 3006 imitatus
1747 2969 1819 3006 est
1839 2956 2000 3009 Ovid.
2021 2959 2199 3012 Amor.
2227 2963 2330 3025 111,

1320 3053 1337 3085 1
1356 3054 1375 3087 1
1407 3054 1418 3085 :
1442 3061 1461 3079 ιι
1491 3036 1687 3096 Perfer,
1714 3049 1762 3085 et
1791 3035 1990 3087 obdura
2016 3056 2030 3100 ς
2063 3036 2218 3091 dolor
2244 3042 2332 3093 hic

1314 3115 1407 3166 tibi
1449 3113 1686 3183 proderit
1722 3116 1866 3166 olim.
1889 3144 1907 3159 n
1956 3117 2208 3170 Obdm‘are
2258 3136 2332 3174 est

1312 3194 1550 3245 animum
1570 3207 1751 3245 contra
1766 3195 1970 3266 aliquid
1986 3199 2192 3251 munire
2206 3241 2219 3262 ,
2238 3199 2335 3252 du-

1317 3292 1433 3325 rum
1466 3274 1661 3339 facere,
1683 3273 1837 3325 firmo
1866 3290 1915 3326 et
1944 3290 2122 3346 pamto
2152 3281 2331 3331 animo

1315 3352 1518 3421 aliquid
1554 3352 1718 3415 serre,
1746 3366 1976 3406 tenacem
2006 3376 2111 3407 esse
2133 3378 2333 3429 propo-

1316 3432 1414 3484 siti.
1436 3431 1584 3483 Idem
1618 3431 1812 3483 dicitur
1846 3435 1981 3486 infra
2024 3437 2200 3491 Carm.
2233 3444 2338 3508 76,

1321 3516 1478 3562 (mimo
1502 3533 1550 3561 se
1573 3511 1835 3578 affirmare,
1858 3528 1906 3566 et
1935 3514 2077 3584 apud
2103 3519 2233 3568 alios
2250 3520 2340 3570 da-

1322 3613 1429 3641 rare
1459 3612 1681 3642 (Humum.

1414 3691 1430 3722 1
1450 3692 1497 3722 2.
1525 3673 1675 3731 Vale,
1702 3674 1864 3739 [mella
1886 3715 1898 3733 ,
1935 3675 2017 3724 abi
2057 3677 2109 3726 in
2158 3679 2346 3729 malam

1329 3771 1461 3804 reni.
1506 3752 1590 3802 Sic
1626 3754 1762 3818 χαῖρε
1809 3751 1952 3821 apud
1997 3754 2238 3819 Groecos;
2280 3759 2346 3810 cf.

164 3859 284 3894 meo
325 3841 628 3915 probatur
676 3834 949 3904 sagacitas»,
998 3831 1243 3884 emendat
1333 3831 1508 3883 Davis.
1530 3830 1596 3881 ad
1625 3831 1736 3883 Cic.
1764 3830 1830 3883 de
1854 3833 1969 3883 Nat.
1995 3836 2155 3886 Deor.
2176 3836 2269 3899 lib,
2295 3840 2318 3887 Ι
2336 3877 2351 3899 ,

168 3923 220 3974 in
263 3937 384 3976 not.
429 3918 511 3973 ad
556 3917 683 3969 Cat.
723 3926 776 3966 tu
813 3933 993 3985 quoque
1031 3917 1244 3981 impotem
1337 3931 1453 3981 cap.
1478 3930 1525 3974 1,
1549 3912 1645 3962 sub
1661 3911 1878 3963 fiue.-—
1901 3913 2356 3984 Nonimprecatur

170 4009 335 4054 mentis
357 4044 374 4067 ,
411 4002 537 4054 Nec
560 4035 580 4061 ,
619 4015 731 4067 quoe
749 3995 890 4063 sugit
910 4034 923 4054 ,
948 4003 1143 4042 sectare.
1171 4024 1250 4033 -—
1341 4011 1544 4055 amans,
1577 3989 1666 4042 sed
1699 3991 1944 4043 valedicit
1969 3992 2161 4046 infidae.
2193 3996 2260 4048 Ν.

179 4084 255 4135 Tu
278 4104 482 4155 quoque
503 4121 521 4142 ,
567 4081 810 4144 impotens
829 4113 842 4134 ,
878 4073 991 4124 noli.
1023 4071 1215 4124 Sensus
1238 4089 1248 4121 :

1435 4090 1452 4123 t
1471 4076 1519 4132 4.
1548 4071 1706 4137 Quum
1731 4072 1972 4140 rogaberis
2003 4073 2181 4124 nullam
2202 4116 2215 4136 ,
2251 4077 2366 4129 Sca·

1966 4182 2050 4263 4²
