2986 4935
703 471 854 516 200

1240 451 1314 516 C.
1355 451 1789 519 VALERII
1848 453 2299 521 CATULLI

803 581 908 646 Sic
945 593 1158 665 certe,
1190 581 1406 649 viden'
1442 598 1518 651 ut
1553 587 1907 677 perniciter
1942 584 2299 653 exsiluere?

803 688 957 754 Non
995 702 1240 754 temere
1275 686 1591 757 exsiluere
1627 717 1641 757 :
1677 705 1918 758 canent
1950 691 2129 784 quod
2167 693 2379 759 visere
2415 717 2535 785 par
2565 709 2678 762 est.

803 795 1064 884 Hymen
1106 819 1147 860 o
1193 796 1582 886 Hymenaee,
1618 799 1878 890 Hymen
1913 796 2068 865 ades
2104 822 2145 865 o
2179 800 2555 890 Hymenaee.

1572 1003 1949 1048 JUVENES.

912 1159 1063 1226 Non
1111 1158 1315 1226 facilis
1361 1161 1588 1243 nobis,
1626 1159 1944 1252 aequales,
1977 1158 2195 1252 palma
2232 1176 2459 1254 parata
2502 1175 2627 1244 est3

811 1265 1175 1357 Adspicite‚
1206 1266 1498 1358 innuptae
1534 1290 1757 1333 secum
1793 1281 1868 1333 ut
1901 1266 2213 1334 meditata
2253 1269 2609 1360 requirunt.

701 1487 874 1524 nostra
903 1473 1056 1524 lectio
1073 1512 1088 1536 ,
1116 1492 1272 1543 quam
1299 1474 1517 1524 Vossius
1544 1492 1602 1524 ex
1632 1493 1721 1525 ve·

705 1552 986 1603 tustissimo
1033 1551 1171 1604 libro
1203 1553 1472 1604 Thuanaeo
1519 1550 1721 1622 produ·

705 1631 806 1692 xit,
836 1631 1038 1700 egregie
1063 1632 1405 1683 confirmatur
1429 1631 1548 1683 loco
1570 1633 1719 1702 Virg.

704 1711 1050 1779 EclogNIII,
1069 1709 1343 1763 3o.--Sed
1357 1710 1470 1763 MS.
1487 1712 1594 1762 bib.
1613 1731 1720 1781 reg.

705 1778 786 1839 N⁰
807 1792 909 1858 807
925 1808 968 1851 1,
989 1808 1145 1858 quem
1170 1803 1406 1841 tenemus
1421 1830 1434 1853 ,
1454 1790 1546 1860 qui
1564 1791 1721 1861 vulgo

704 1882 922 1919 vocatur
930 1870 1245 1932 Thuanaeus,
1259 1869 1358 1920 fert
1369 1869 1554 1921 imbres.
1567 1870 1633 1920 N.
1646 1904 1721 1911 —

704 1949 943 1998 Nimirum
972 1949 1062 2000 OE
1066 1961 1178 1999 toeos
1200 1949 1380 2001 ostend.
1415 1950 1594 2015 Noctis.
1619 1952 1719 2019 ign.

704 2027 762 2080 h.
782 2049 827 2080 e.
856 2027 1050 2080 scilicet
1068 2040 1211 2079 ortus
1221 2030 1325 2098 jam
1347 2042 1418 2079 est
1436 2029 1722 2099 Hesperus,

703 2110 853 2177 cujus
876 2108 1055 2177 igneus
1076 2106 1326 2177 splendor
1349 2108 1474 2159 inde
1497 2128 1526 2159 a
1546 2121 1723 2160 monte

704 2187 850 2241 OEta
874 2186 926 2238 iu
952 2201 1288 2256 conspectum
1312 2188 1472 2240 venit.
1487 2220 1566 2229 —
1584 2188 1721 2238 Noto

704 2267 846 2317 enim
882 2280 1156 2335 poetarum
1192 2285 1339 2317 more
1370 2267 1539 2318 sidera
1569 2285 1722 2317 mon·

704 2346 846 2396 tibus
883 2345 1127 2397 oriuntur
1165 2359 1217 2397 et
1257 2344 1520 2397 occidunt.
1564 2345 1717 2396 Conf.

706 2425 895 2494 virgil.
936 2423 1142 2477 AEneid.
1182 2427 1270 2487 ΙΙ,
1312 2429 1416 2478 801
1441 2462 1456 2489 ,
1497 2438 1548 2477 et
1585 2425 1682 2477 alia
1706 2462 1718 2485 ,

704 2524 822 2573 quae
850 2506 902 2555 in
926 2504 1062 2555 banc
1082 2524 1196 2556 rem
1220 2505 1290 2555 ibi
1319 2504 1525 2574 collegit
1550 2523 1720 2555 exem·

703 2583 791 2652 pla
814 2583 861 2634 C
857 2583 987 2633 erda.
1013 2583 1226 2635 Factum
1250 2596 1420 2634 autem
1443 2596 1544 2646 est,
1569 2597 1623 2633 ut
1637 2602 1719 2634 ve·

705 2674 839 2712 teres
885 2675 1049 2730 poetae
1091 2683 1152 2714 ex
1199 2662 1496 2731 antiquiore
1542 2661 1719 2731 aliquo

706 2740 968 2803 carmine,
1015 2740 1160 2810 quod
1203 2744 1258 2792 in
1301 2741 1552 2792 tractibus
1591 2741 1718 2803 illis,

708 2820 799 2889 qui
827 2822 923 2872 sub
952 2821 1097 2872 OEta
1125 2834 1273 2884 sunt,
1304 2821 1555 2891 scriptum
1579 2834 1688 2872 erat
1705 2858 1718 2883 ,

708 2899 843 2950 hanc
876 2900 1157 2952 formulam
1189 2901 1502 2961 retinerent,
1546 2912 1596 2950 et
1631 2918 1717 2951 or·

706 2991 818 3029 tum
850 2979 1065 3049 Hesperi
1084 3019 1098 3042 ,
1126 2980 1218 3049 qui
1244 3001 1273 3032 a
1301 2979 1481 3030 Locris
1506 2979 1558 3029 in
1587 2997 1718 3048 prae·

702 3059 860 3127 cipuo
885 3061 1029 3113 cultu
1054 3060 1374 3122 habebatur,
1396 3070 1445 3108 et
1478 3058 1531 3108 in
1563 3076 1717 3108 num-

709 3137 806 3187 mis
844 3140 1135 3191 Locrorum
1171 3141 1468 3209 frequenter
1507 3137 1717 3201 visitur,

702 3217 770 3266 ab
793 3216 936 3269 OEta
964 3230 1269 3288 repeterent.
1302 3218 1444 3268 OEta
1472 3216 1579 3266 sive
1607 3215 1719 3267 OE-

708 3308 807 3345 teus
852 3315 1002 3347 mons
1040 3297 1138 3347 fuit
1188 3297 1435 3358 Graeciae,
1480 3307 1531 3346 et
1569 3295 1719 3346 limes

706 3375 984 3427 Thessaliae
1023 3375 1090 3426 ab
1127 3388 1332 3437 austro,
1357 3376 1506 3445 cujus
1531 3375 1713 3443 jugum

703 3453 770 3504 ab
797 3454 997 3506 oriente
1024 3473 1201 3505 versus
1232 3453 1553 3507 occidentem
1594 3472 1714 3524 por·

700 3532 902 3600 rigitur.
931 3532 1057 3585 Vid.
1088 3534 1255 3585 Strab.
1294 3536 1400 3597 lx,
1432 3553 1482 3603 p.
1517 3531 1626 3599 639
1665 3545 1716 3584 et

703 3611 848 3675 655,
887 3612 1011 3665 edit.
1047 3613 1371 3665 Almeloven.
1413 3613 1483 3662 Iis
1512 3612 1713 3681 itaque,

701 3691 792 3760 qui
839 3704 1003 3744 totum
1054 3693 1201 3744 illum
1245 3706 1463 3744 tractum
1510 3690 1712 3741 habita-

701 3771 861 3835 bant,
895 3772 1116 3824 Veneris
1157 3790 1245 3822 seu
1283 3770 1500 3841 Hesperi
1537 3771 1711 3834 stella,

697 3850 900 3918 quoties
933 3865 1047 3921 post
1078 3851 1195 3902 solis
1231 3868 1470 3903 occasum
1506 3849 1558 3899 in
1585 3868 1709 3899 con·

697 3942 927 3997 spectum
958 3930 1213 3992 veniebat,
1238 3930 1304 3980 ab
1329 3928 1531 3979 OEtaeis
1559 3946 1706 3978 mon·

697 4008 833 4060 tibus
862 4011 987 4062 oriri
1016 4007 1183 4061 videri
1212 4008 1408 4060 debuit.
1444 4006 1567 4060 Haec
1602 4008 1707 4058 fere

691 4100 844 4149 sunt,
884 4108 998 4158 quae
1042 4089 1243 4158 egregie
1288 4085 1353 4139 ad
1393 4087 1567 4139 locum
1611 4106 1705 4138 no-

1810 1486 1974 1525 strum
2003 1473 2367 1526 illustrandum
2401 1476 2504 1543 jam
2536 1476 2800 1528 observavit

1811 1553 1982 1623 Herae
2011 1550 2076 1604 ad
2102 1553 2290 1623 virgil.
2320 1554 2500 1624 Eclog.
2521 1555 2683 1612 VIII,
2714 1553 2801 1615 3ο,

1811 1644 1860 1682 et
1890 1628 1955 1683 ad
1985 1631 2184 1683 Tibull.
2215 1631 2268 1683 in
2296 1632 2570 1688 Observat.
2594 1654 2649 1705 p.
2683 1632 2800 1695 153,

1810 1709 1935 1762 edit.
1959 1729 2078 1763 nov.
2099 1711 2181 1763 Cf.
2204 1712 2436 1765 Vossius.

1892 1792 1944 1842 8.
1972 1790 2096 1842 Post
2123 1803 2245 1841 certe
2269 1791 2520 1845 excidisse
2538 1805 2684 1863 putat
2704 1792 2801 1844 Su·

1810 1868 1911 1919 tius
1941 1880 2038 1932 est,
2073 1867 2218 1939 quod
2249 1870 2304 1921 in
2338 1889 2445 1922 uno
2480 1872 2598 1925 MS.
2629 1884 2723 1924 tres
2747 1871 2802 1922 li·

1811 1959 1943 2000 teras
1968 1948 2056 2001 hic
2079 1968 2246 2001 erasas
2272 1950 2427 2001 fuisse
2443 1949 2803 2004 animadverte·

1808 2026 1895 2078 rit.
1930 2059 2007 2069 —
2028 2025 2155 2079 Vid.
2184 2027 2252 2080 de
2284 2029 2383 2080 hac
2416 2029 2643 2083 formula
2668 2047 2802 2099 supra

1809 2106 1933 2157 LXI
1950 2146 1965 2170 ,
1996 2126 2092 2176 77.
2118 2139 2197 2148 —
2226 2108 2416 2159 Noster
2444 2109 2560 2162 MS.
2596 2109 2674 2163 Sic
2698 2121 2804 2160 eet-te

1808 2204 1849 2236 5.
1876 2205 1892 2235 ι
1910 2225 1924 2247 ,
1951 2185 2095 2238 unde
2122 2189 2190 2237 sic
2211 2199 2337 2237 certe
2356 2199 2440 2238 est.
2464 2188 2539 2242 N.

1890 2284 1942 2332 9.
1982 2266 2094 2317 Non
2128 2278 2326 2329 temere,
2373 2267 2424 2319 h.
2467 2286 2517 2319 e.
2564 2287 2670 2320 non
2709 2267 2804 2318 sine

1807 2344 2268 2412 praemeditatione.
2298 2346 2584 2398 —Caoene
2613 2367 2701 2419 quo
2729 2349 2802 2397 vi·

1805 2442 1906 2474 sere
1915 2436 2108 2494 parent,
2124 2437 2273 2477 vetus
2290 2426 2552 2496 scriptura
2567 2439 2690 2479 teste
2705 2425 2807 2479 Sm-

1805 2502 1970 2572 ligero
1989 2542 2005 2567 ,
2037 2517 2087 2556 et
2116 2505 2189 2557 sic
2214 2518 2289 2557 est
2311 2505 2365 2556 in
2393 2505 2536 2559 libro
2564 2505 2804 2560 Comelin.

1806 2582 1996 2653 Papyr.
2028 2584 2138 2636 Pal.
2173 2595 2224 2636 et
2256 2585 2424 2636 tribus
2451 2585 2807 2657 antiquissimis

1807 2660 1951 2714 editt.
1993 2661 2136 2714 unde
2173 2663 2319 2715 vario
2354 2663 2521 2717 modo
2556 2666 2645 2718 hie
2679 2665 2807 2717 locus

1806 2754 2066 2793 correctus
2096 2756 2148 2793 et
2177 2761 2398 2794 excusus
2424 2743 2549 2797 fuit.
2584 2772 2606 2793 ι
2628 2746 2810 2799 Canem

1806 2839 1937 2889 quos
1964 2821 2173 2872 vincere
2195 2840 2291 2892 par
2315 2834 2391 2873 est
2413 2847 2434 2867 ·
2462 2823 2673 2896 Gryph.
2700 2824 2807 2875 Μιι·

1805 2910 1903 2950 ret.
1923 2932 2003 2941 —-
2034 2927 2055 2946 ι
2080 2902 2283 2953 Canent
2311 2900 2456 2970 quod
2482 2921 2697 2975 vespere
2724 2919 2808 2973 ptr

1805 2989 1878 3029 est
1901 3002 1923 3023 ι·
1964 2979 2240 3049 Meleager.
2271 3012 2351 3021 -—
2387 3006 2411 3027 ι
2434 2981 2642 3035 Canem
2678 2978 2805 3053 quod

1804 3057 2013 3109 vincere
2053 3077 2148 3126 par
2183 3071 2258 3110 est
2284 3082 2306 3103 ι·
2355 3057 2481 3112 edit.
2524 3060 2804 3130 cantabrig.

1805 3134 1981 3187 addim
2005 3137 2348 3206 explicatione
2375 3155 2390 3189 :
2419 3156 2636 3193 carmen
2666 3140 2809 3191 victo·

1805 3215 1880 3266 ria
1910 3212 2150 3284 dignum.
2173 3247 2252 3259 -—
2281 3242 2303 3263 ι
2327 3217 2535 3271 Canem
2552 3214 2676 3291 *quo
2702 3219 2807 3270 vin·

1804 3312 1922 3345 cere
1951 3312 2046 3364 par
2071 3308 2146 3346 est
2164 3320 2186 3341 ι·
2215 3308 2488 3366 receptum
2518 3311 2597 3351 eet
2622 3317 2683 3352 ex
2703 3295 2807 3370 qui·

1804 3372 2025 3424 busdam
2047 3373 2191 3426 editt.
2212 3386 2335 3427 vett.
2357 3375 2411 3427 in
2431 3375 2565 3430 edit.
2587 3377 2807 3447 Gotting

1804 3465 1855 3503 et
1878 3452 2086 3523 Bipont.
2106 3485 2183 3495 —
2199 3455 2450 3507 Vossiana
2465 3457 2647 3521 lectio,
2663 3474 2804 3528 quam

1803 3530 2063 3595 dedimus,
2075 3534 2182 3601 jam
2203 3544 2277 3583 est
2298 3533 2351 3586 in
2373 3536 2637 3606 excerptis
2649 3536 2808 3589 Thm-

1801 3611 1941 3662 naeis.
1972 3640 2054 3650 -—
2081 3612 2230 3678 Quod
2269 3614 2411 3664 vixere
2426 3633 2528 3684 par
2552 3628 2655 3679 est,
2675 3611 2807 3686 quod

1800 3691 1912 3742 visu
1945 3701 1996 3741 et
2021 3688 2204 3742 auditu
2225 3689 2444 3761 dignum
2463 3707 2543 3746 est
2567 3691 2698 3756 (was
2718 3693 2805 3746 sich

1802 3770 1926 3819 cvird
1968 3771 2112 3820 laist-en
2153 3767 2372 3833 quen.)
2421 3791 2547 3825 nam
2603 3771 2804 3827 videndi

1800 3849 1955 3901 verba
1981 3846 2049 3900 rd
2076 3868 2260 3901 omnes
2280 3869 2458 3902 sensus
2487 3854 2805 3916 refer-uatum

1798 3929 1921 3981 huic
1945 3926 2223 3997 respondet
2237 3947 2359 3980 mox
2383 3949 2607 4001 sequens
2628 3929 2700 3994 (v.
2724 3928 2806 3993 13)

1799 4008 2093 4059 memorabile
2110 4008 2241 4078 quod
2254 4012 2333 4060 sit.

1884 4105 1903 4139 1
1922 4108 1971 4140 2.
1998 4088 2256 4157 acquiram
2288 4106 2470 4141 omnes
2498 4088 2655 4144 editt.
2684 4090 2805 4143 anti·
