2986 4935
639 449 725 491 10
994 430 1235 497 VITA
1293 434 1367 499 C.
1411 435 1845 503 VALERII
1895 441 2382 506 CATULLI.

625 572 759 625 tam
792 612 809 640 ,
856 559 1098 654 liquido
1144 579 1439 650 constat,
1484 591 1689 658 quum
1744 594 1829 637 ex
1880 571 2165 653 Ovidio,
2224 571 2430 639 Plinio
2468 576 2714 665 majore
2741 631 2759 658 ,

622 666 963 750 Martiale,
1016 673 1353 754 Ausonio,
1408 675 1833 768 caeterisquc,
1888 692 2028 744 tum
2077 703 2155 745 ex
2201 680 2404 770 ipsius
2458 684 2756 749 testimo·

625 773 775 862 nio,
813 775 923 866 qui
957 799 1157 842 carm.
1198 779 1472 864 XXXI,
1515 780 1664 868 ubi,
1709 808 1743 849 e
1777 783 2079 877 Bithynia
2118 809 2454 871 reversuS,
2484 789 2754 855 Sirmio·

622 905 774 950 nem
839 878 1019 949 lacus
1086 885 1325 954 Benaci
1390 886 1802 979 peninsulam
1868 889 2246 983 adloquitur
2284 943 2300 973 ,
2375 892 2456 959 ad
2519 896 2753 962 Larem

622 986 1055 1056 domesticum
1109 988 1361 1058 Salvum
1416 1018 1483 1060 se
1535 993 1874 1063 advenisse
1925 998 2186 1090 gaudet.
2243 1001 2454 1066 Natus
2511 1014 2610 1066 est
2659 996 2756 1086 (si

622 1097 1060 1185 Hieronymus
1105 1098 1421 1165 rationem
1480 1115 1659 1167 recte
1706 1102 2059 1186 subduxit,
2123 1129 2335 1197 neque
2383 1108 2638 1173 numeri
2691 1107 2755 1173 in

619 1202 759 1293 ejus
802 1199 1138 1269 Chronico
1187 1202 1528 1297 depravati
1573 1200 1766 1293 sunt)
1814 1208 2225 1304 Olympiadis
2283 1210 2419 1304 ¹73
2464 1235 2639 1279 anno
2678 1239 2756 1293 2,

620 1307 704 1374 ab
735 1307 920 1375 Urbe
954 1330 1113 1373 vero
1144 1310 1405 1378 condita
1438 1311 1615 1407 667,
1646 1316 1851 1383 Lucio
1884 1320 2084 1384 Corn.
2121 1318 2334 1384 Cinna
2357 1370 2374 1400 ,
2404 1321 2525 1385 Cn.
2561 1321 2756 1385 Octa·

621 1416 728 1481 vio
779 1417 962 1483 Coss.
1000 1449 1105 1461 —
1138 1416 1591 1503 Quamobrem
1649 1445 1784 1488 non
1838 1424 2073 1514 injuria
2133 1422 2334 1491 Lilius
2395 1426 2758 1516 Gregorius

621 1519 950 1613 Gyraldus
1004 1523 1267 1588 Petrum
1322 1526 1653 1592 Crinitum
1712 1529 2180 1619 reprehendit,
2240 1530 2416 1622 quod
2472 1531 2758 1597 scribere

617 1652 755 1694 non
798 1626 1236 1695 dubitaverit:
1262 1655 1394 1722 pro
1436 1650 1778 1725 comperto
1821 1636 2062 1703 haberi
2087 1691 2105 1719 ‚
2154 1661 2427 1703 carmen
2469 1638 2554 1703 cle
2593 1643 2760 1704 Pas-

616 1757 764 1800 sere
808 1733 1069 1800 Lesbz'a’
1106 1735 1207 1801 (td
1234 1741 1307 1801 V
1299 1740 1587 1828 zrgzliwn
1630 1746 1898 1807 naas-um
1917 1744 2156 1830 siuase
2172 1796 2190 1825 ,
2235 1743 2322 1809 ob
2367 1743 2542 1811 illud
2577 1748 2760 1812 Mat·-

616 1841 802 1907 ce‘czle's
830 1866 849 1907 .·
887 1838 900 1862 ¹

1102 1995 1187 2046 Sic
1212 1997 1385 2046 forsan
1414 2010 1563 2048 tener
1587 2017 1739 2048 ausus
1762 2012 1833 2048 est
1855 1999 2090 2049 Catullus

1097 2088 1288 2158 Magno
1314 2090 1525 2141 mittere
1559 2091 1821 2144 Passerem
1848 2093 2072 2143 Maroni.

616 2268 782 2331 Nam
841 2266 1189 2333 verisimile
1257 2291 1387 2331 non
1445 2282 1594 2349 est,
1657 2267 1990 2335 Catullum
2043 2269 2505 2360 septemdecim
2570 2274 2758 2335 annis

618 2372 896 2439 Marone
947 2373 1363 2464 grandiorem
1414 2374 1641 2459 (natus
1692 2391 1788 2442 est
1838 2378 2007 2441 enim
2062 2377 2294 2455 Maro,
2338 2388 2498 2441 teste
2534 2377 2759 2441 Hiero·

616 2503 817 2570 nyino
860 2505 935 2547 ac
982 2483 1247 2547 Donato
1272 2532 1289 2562 ,
1324 2480 1710 2575 olympiadis
1752 2508 1882 2576 ¹77
1923 2507 2096 2549 anno
2136 2481 2175 2549 3
2200 2536 2217 2567 ,
2258 2482 2339 2549 ab
2379 2483 2561 2549 Urbe
2600 2509 2756 2549 vero

615 2584 882 2652 condita
930 2584 1124 2672 684,
1162 2590 1289 2656 Cn.
1343 2591 1656 2682 Pompeio
1713 2592 2004 2688 Magno,
2063 2589 2151 2652 M.
2208 2591 2461 2656 Licinio
2515 2591 2758 2657 Crasso

619 2694 907 2783 primum
960 2690 1186 2780 Coss.)
1231 2694 1439 2762 eidem
1487 2696 1704 2763 adbuc
1748 2721 1952 2789 puero
1992 2710 2248 2763 tantuin
2289 2694 2636 2772 detulisse,
2686 2713 2756 2764 nt

617 2801 878 2866 nonnisi
938 2801 1154 2868 fronte
1214 2802 1568 2895 perfricta,
1618 2806 1966 2894 animoque
2020 2803 2372 2869 obfirmato
2404 2856 2420 2880 ,
2483 2802 2561 2868 ad
2618 2804 2760 2894 ejus

618 2905 905 2973 tribunal
955 2909 1268 2975 accedere
1316 2927 1551 3000 posset.
1607 2913 1930 2977 Praeterea
1979 2911 2381 2999 vesorum,
2436 2909 2610 3000 quod
2658 2925 2748 2975 est

615 3013 791 3104 apud
844 3012 1255 3098 Martialem,
1310 3020 1680 3107 argumenti
1741 3042 1869 3083 vnn
1919 3019 2188 3082 omniuo
2248 3014 2593 3106 infringit.²

620 3243 850 3292 gramma
889 3245 917 3274 e
952 3225 1256 3275 Callimachi
1297 3225 1461 3292 epigr.
1499 3243 1638 3274 xmu

619 3303 853 3356 suaviter
887 3323 1188 3372 expressum
1214 3304 1373 3354 refert
1404 3303 1609 3355 Gellius
1629 3343 1641 3366 ‚

624 3385 749 3434 XIX
770 3423 785 3447 ‚
820 3403 851 3450 9
874 3422 889 3446 ‚
922 3383 1068 3453 quod
1096 3385 1313 3453 incipit,
1343 3385 1555 3451 Aufugit
1584 3391 1642 3433 mi

618 3467 823 3524 animus,
840 3465 999 3525 credo,
1020 3478 1073 3513 ut
1086 3466 1203 3514 solet
1218 3505 1230 3524 ,
1254 3464 1324 3513 ad
1346 3465 1638 3514 Theotmum.

620 3543 826 3595 Omitto
847 3542 1073 3596 Cinnam
1098 3545 1319 3595 Catulum
1343 3585 1355 3605 ,
1379 3543 1613 3594 Stoicum
1631 3583 1643 3603 ,

620 3642 775 3692 quem
810 3622 1012 3675 audivit
1042 3623 1115 3673 M.
1147 3623 1449 3674 Antoninus
1477 3624 1642 3692 impe-

620 3716 783 3768 rator,
803 3716 934 3755 teste
955 3702 1257 3771 Capitolino
1280 3703 1333 3756 in
1351 3704 1515 3754 Marci
1539 3703 1641 3754 vita

621 3801 668 3835 c.
713 3783 763 3836 3.
793 3784 926 3835 Nam
959 3796 1012 3835 et
1046 3782 1203 3852 hujus
1235 3801 1416 3834 verum
1450 3802 1642 3833 nomen

626 3863 845 3914 Catullus
875 3876 985 3915 erat
1003 3901 1018 3922 ,
1047 3875 1104 3914 ut
1123 3876 1324 3915 constat
1346 3882 1406 3912 ex
1434 3863 1509 3913 M.
1541 3866 1644 3913 An·

621 3944 790 3994 tonini
809 3944 907 3995 141».
931 3946 985 4006 1,
1006 3956 1127 3995 sect.
1169 3962 1185 3992 1
1204 3942 1251 3995 3.
1282 3941 1500 3995 Accedit
1529 3944 1642 4000 ille,

621 4021 687 4074 ad
705 4043 865 4093 quem
890 4023 1146 4074 Martialis
1172 4023 1273 4073 ΧΠ
1292 4063 1305 4086 ,
1324 4025 1393 4090 73
1417 4042 1427 4073 :
1457 4024 1645 4075 «Here-

623 4101 743 4154 dem
790 4104 885 4156 tibi
921 4122 1032 4164 me,
1067 4103 1303 4164 Catulle,
1346 4102 1491 4154 dicis.
1523 4104 1641 4154 Non

1732 3223 1941 3275 credam
1964 3263 1977 3286 ,
2001 3225 2097 3274 nisi
2121 3226 2294 3292 legero
2319 3263 2332 3286 ,
2359 3225 2580 3275 Catulle.
2600 3251 2616 3267 u
2649 3226 2756 3283 (Ex

1732 3302 1858 3354 edit.
1880 3317 2016 3355 nost.
2042 3305 2199 3355 Toni.
2216 3304 2296 3353 III
2315 3341 2329 3362 ,
2354 3324 2404 3372 p.
2443 3295 2568 3368 68.)

1822 3402 1841 3435 1
1857 3424 1869 3434 .
1886 3383 2000 3434 Lib.
2035 3385 2130 3446 IV,
2154 3402 2237 3451 ep.
2267 3401 2285 3432 ι
2303 3390 2442 3442 4.-
2458 3386 2760 3452 Antequam

1733 3462 1800 3514 de
1821 3464 1940 3514 loco
1960 3464 2216 3515 Martialis
2236 3462 2634 3532 interpretando
2655 3465 2759 3514 dis·

1734 3556 1984 3612 putarent
2007 3541 2151 3595 docti
2174 3542 2272 3592 viri
2290 3580 2305 3604 ,
2328 3541 2622 3594 videndum
2648 3559 2760 3594 erat

1734 3642 1798 3673 an
1819 3623 2075 3673 Martialis
2108 3623 2220 3691 ipse
2254 3623 2449 3673 erroris
2481 3642 2592 3674 non
2629 3623 2759 3673 insi·

1733 3701 2012 3754 mulandus
2041 3714 2206 3762 esset,
2229 3702 2319 3770 qui
2353 3702 2596 3753 homines
2623 3721 2761 3753 coae·

1738 3803 1824 3834 vos
1839 3822 1853 3845 ,
1873 3801 1983 3832 non
2005 3795 2293 3834 coaetaneos
2310 3780 2436 3833 dum
2459 3795 2755 3852 comparat,

1735 3863 1897 3932 magis
1912 3861 1977 3912 ad
1993 3864 2219 3932 exempli
2241 3860 2577 3931 proponendi
2599 3881 2759 3931 quam

1738 3943 1800 3994 ad
1831 3940 2173 4013 computandi
2206 3942 2459 4011 temporis
2499 3943 2758 3992 rationem

1738 4022 1977 4074 attendit.
2004 4017 2073 4070 N.

1822 4125 1866 4155 2.
1909 4102 2070 4166 Quod
2106 4103 2361 4155 Martialis
2399 4101 2642 4170 scripsit,
2678 4102 2763 4152 Sic
