2986 4935
676 371 773 455 34

1204 372 1278 437 C.
1324 372 1761 438 VALERII
1820 374 2281 441 CATULLI

988 500 1289 582 Corneli,
1331 501 1443 568 tihi
1483 527 1495 567 :
1531 526 1815 595 namque
1854 517 1922 569 tn
1964 502 2219 572 solebas

988 609 1175 675 Meas
1212 632 1354 676 esse
1391 606 1634 702 aliquid
1671 623 1905 703 putare
1950 635 2193 703 nuga5‚

988 717 1132 782 Jain
1182 728 1359 800 tum,
1403 740 1610 807 quum
1651 739 1847 783 ausus
1892 741 1961 783 es
1998 741 2169 785 unus
2207 716 2524 785 Italorum
2791 756 2808 788 e.

992 824 1211 887 Omne
1249 846 1460 888 aevum
1507 822 1715 889 tribus
1755 821 2083 914 explicare
2120 823 2401 903 chartis,

992 928 1259 1011 DoctiS‚
1296 924 1577 1021 Jupiter!
1622 942 1687 994 et
1725 926 2082 996 laboriosis.

991 1036 1217 1120 Quare
1256 1032 1425 1100 habe
1470 1035 1622 1117 tihi,
1654 1034 1974 1127 quidquid
2012 1025 2141 1102 hoc
2179 1034 2376 1103 libelli
2418 1052 2552 1117 est,

992 1139 1472 1232 Qnalecunque
1510 1167 1522 1206 :
1569 1140 1782 1234 quod,
1818 1167 1858 1207 o
1898 1156 2174 1233 patrona
2211 1146 2456 1236 Virgo,

990 1245 1142 1313 Plus
1180 1271 1314 1314 uno
1349 1262 1606 1316 maneat
1649 1272 1937 1340 perenne
1976 1247 2171 1316 seclo,

673 1414 827 1465 arida.
862 1446 939 1453 -—
975 1413 1133 1463 Arida
1169 1433 1226 1462 m.
1263 1433 1317 1481 p.
1351 1414 1506 1482 arpol.
1546 1412 1603 1463 h.
1646 1433 1693 1464 e.

672 1493 834 1546 modo
866 1492 1161 1544 absolutum
1181 1530 1196 1554 ‚
1227 1505 1278 1543 ct
1295 1490 1361 1544 ad
1384 1492 1694 1544 umbilicum

669 1573 1007 1644 perductum.
1050 1573 1185 1624 Nam
1225 1587 1424 1622 veteres
1461 1570 1699 1623 solebant

670 1655 1000 1704 membranas
1019 1649 1361 1722 publicandas
1382 1652 1591 1721 pumice
1611 1670 1695 1702 ex·

670 1733 867 1803 polire,
897 1732 1166 1802 laevigare,
1189 1743 1238 1782 et
1269 1749 1473 1800 aequare.
1510 1749 1522 1781 ε
1553 1732 1692 1782 conf.

670 1812 763 1863 inf.
789 1832 834 1863 c.
863 1812 1048 1872 XXII,
1068 1813 1097 1864 8
1117 1850 1131 1873 ,
1153 1810 1411 1862 etTibull.
1437 1810 1538 1875 111,
1572 1829 1615 1869 ι,
1637 1830 1689 1878 9.

759 1893 873 1960 3·7.
899 1890 1088 1941 Sensus
1115 1902 1223 1940 est:
1260 1890 1413 1949 Tibi,
1448 1890 1687 1949 Corneli,

667 1971 878 2022 libellus
911 1989 1058 2021 meus
1083 1968 1387 2020 offerendus
1415 1982 1488 2019 est
1505 2008 1520 2036 ,
1536 1988 1658 2020 nam
1676 2009 1689 2031 ‚

671 2051 849 2120 quanti
872 2067 956 2101 me
977 2049 1154 2111 facias,
1170 2049 1286 2100 satis
1298 2047 1567 2100 declarasti
1583 2050 1689 2118 jam

670 2131 797 2182 olim
820 2128 1096 2182 Chronieis
1133 2128 1248 2180 tuis,
1299 2128 1517 2197 Scripsit
1552 2128 1691 2178 enim

671 2210 948 2262 Cornelius
967 2209 1161 2279 Nepos,
1182 2209 1415 2277 praeterV
1424 2209 1517 2259 itas
1536 2207 1696 2277 impe-

669 2303 923 2351 ratorum,
940 2289 1104 2340 multa
1123 2288 1221 2339 alia
1241 2288 1489 2357 temporis
1509 2287 1697 2356 injuria

670 2370 824 2419 nobis
872 2380 1065 2437 erepta.
1120 2368 1182 2417 In
1229 2367 1311 2417 his
1354 2380 1698 2418 numerantur

672 2448 1059 2501 Chronicorum
1097 2446 1217 2498 libri
1260 2460 1387 2509 treS,
1427 2446 1515 2516 qui
1566 2446 1616 2498 h.
1663 2447 1693 2498 l.

670 2542 928 2581 vocantur
957 2540 1048 2577 tres
1075 2529 1284 2587 clear-tem
1322 2546 1441 2577 nam
1471 2526 1691 2587 chartas,

671 2609 805 2660 sicut
823 2608 1126 2660 Graecorum
1150 2606 1328 2673 χάρται
1348 2645 1361 2666 ,
1394 2606 1581 2675 passim
1605 2626 1697 2657 vo-

672 2702 857 2740 cantur
871 2688 966 2757 ipsi
988 2687 1107 2737 libri
1123 2688 1203 2737 vel
1219 2686 1501 2737 volumina.
1516 2685 1693 2737 Horat.

676 2769 835 2837 Epist.
882 2769 968 2831 11,
1018 2786 1037 2817 1
1062 2804 1077 2828 ‚
1128 2771 1255 2817 161.
1312 2792 1332 2810 ι
1358 2765 1514 2815 Serus
1553 2765 1694 2816 enim

680 2848 868 2898 Greecis
905 2846 1143 2898 admovit
1175 2845 1417 2897 acumina
1443 2845 1638 2896 chartis.
1669 2870 1689 2890 0

676 2928 830 2981 Conf.
859 2928 1037 2979 Horat.
1055 2927 1156 2983 IV,
1179 2928 1208 2978 8
1226 2965 1238 2988 ,
1265 2945 1290 2975 ἰ
1311 2942 1327 2973 1
1344 2964 1354 2974 .
1377 2923 1694 2976 Ovid.Trist.

677 3009 757 3059 ΙΙΙ
776 3042 792 3065 ,
821 3026 838 3058 ι
858 3046 873 3071 ,
903 3014 959 3071 4,
982 3019 1032 3059 et
1050 3005 1186 3056 infra
1204 3006 1409 3065 LXIII,
1437 3005 1699 3067 4560111-

676 3087 858 3157 plexus
872 3100 1044 3138 autem
1064 3086 1229 3137 fuerat
1245 3085 1521 3137 Cornelius
1545 3083 1598 3134 in
1620 3083 1699 3134 his

677 3167 840 3218 tribus
852 3168 996 3217 libris
1011 3186 1128 3216 uuus
1144 3166 1375 3216 Italorum
1392 3155 1562 3234 (quod
1578 3164 1698 3214 nul-

675 3247 755 3296 lus
788 3248 1147 3296 Romanorum
1179 3244 1353 3295 adhuc
1385 3241 1697 3304 tentaverat)

674 3326 845 3376 omnis
864 3326 1021 3376 aetatis
1040 3343 1120 3375 res
1152 3323 1517 3375 memorabiles
1542 3315 1699 3389 (omne

677 3402 852 3464 mmm)
878 3445 891 3464 ,
935 3417 984 3456 et
1024 3401 1075 3453 id
1117 3402 1332 3473 quidem
1372 3402 1534 3453 multa
1574 3422 1696 3453 cum

673 3484 909 3535 doctrina
934 3498 983 3535 et
1003 3483 1285 3553 diligentia.
1306 3484 1499 3551 ,Jupiter
1516 3496 1588 3533 est
1608 3502 1696 3534 ex·

674 3564 915 3616 clamatio
934 3562 1267 3615 admirationi
1287 3563 1588 3613 inserviens..
1615 3561 1697 3614 Sic

673 3662 808 3713 saepe
839 3643 1033 3695 Groecis
1064 3638 1101 3695 ὦ
1144 3649 1264 3704 Ζεῦ,
1288 3642 1441 3693 nobis
1471 3649 1504 3690 ὁ
1539 3643 1698 3692 Dieu!

674 3725 725 3775 in
756 3723 838 3775 his
870 3724 1023 3793 igitur
1050 3724 1198 3775 libris
1217 3721 1493 3775 Cornelius
1518 3722 1698 3773 solebat

666 3815 840 3874 putare
860 3795 1107 3874 (putavit)
1132 3823 1228 3853 csse
1250 3803 1438 3873 aliquid
1455 3794 1600 3868 (εἷναί
1623 3794 1697 3870 τι)

671 3884 897 3954 pretium
930 3882 1145 3954 aliquod
1176 3882 1371 3935 habere
1408 3901 1560 3950 nugas
1596 3883 1694 3934 Ca·

671 3964 818 4026 tulli,
852 3964 1085 4016 carmina
1118 3960 1308 4033 lepida.
1338 3963 1616 4031 Eleganter
1646 3976 1698 4014 et

667 4042 1282 4111 modestel-Doeringio
1296 4042 1349 4093 iu
1364 4041 1695 4112 explanando

1783 1413 1976 1465 horum
2009 1432 2252 1465 versuum
2288 1433 2438 1465 sensu
2460 1454 2475 1478 ,
2508 1436 2617 1467 non
2652 1437 2808 1469 assen-

1785 1492 1912 1553 tior,
1938 1494 2139 1563 quippe
2158 1494 2249 1563 qui
2271 1514 2376 1544 non
2399 1495 2545 1547 facile.
2574 1496 2809 1549 credide·

1784 1573 1886 1623 rim
1910 1572 2120 1623 Cornel.
2147 1574 2406 1642 Nepotem
2430 1575 2481 1625 in
2504 1575 2718 1627 historia
2740 1591 2811 1628 tot

1781 1665 1941 1719 atque
1969 1665 2134 1703 tantas
2162 1672 2244 1705 res
2271 1654 2687 1723 complectente,
2721 1657 2811 1708 Ca·

1785 1731 1984 1783 tulliani
2007 1732 2148 1783 lusus
2166 1732 2486 1784 mentionem
2511 1735 2711 1800 secisse,
2733 1756 2812 1786 ne-

1783 1829 1886 1879 que
1898 1812 2054 1863 verba
2066 1811 2257 1862 Catulli
2272 1811 2372 1863 tale
2383 1812 2582 1883 aliquid
2598 1815 2811 1867 innuere

1780 1889 2066 1959 reperiam3
2101 1909 2330 1960 quorum
2365 1910 2542 1944 sensus
2581 1895 2669 1945 hic
2710 1914 2812 1946 esse

1782 1969 1914 2019 mihi
1929 1968 2157 2021 videtur:
2172 1971 2369 2022 Solebas
2383 1971 2618 2035 laudare,
2634 1993 2814 2044 quam-

1784 2049 1860 2099 vis
1875 2050 1983 2118 jam
2007 2050 2292 2102 maximum
2322 2071 2454 2121 opus
2483 2053 2592 2123 ipse
2621 2053 2810 2105 edidis-

1784 2146 1876 2179 seS.
1909 2129 1975 2179 N.

1867 2211 1917 2260 8.
1934 2209 2128 2278 Accipe
2147 2208 2211 2279 ἰῷ
2217 2222 2301 2260 tur
2316 2210 2460 2262 bunc
2475 2211 2814 2282 qualemcun-

1784 2287 2154 2356 quelibellum,
2167 2288 2257 2358 qui
2277 2291 2374 2340 sub
2390 2293 2548 2342 tutela
2560 2291 2811 2344 Minervae

1784 2367 2064 2419 aeternitate
2083 2367 2320 2436 gaudeat.
2333 2370 2469 2422 Nam
2483 2375 2729 2439 patrono!
2747 2374 2812 2423 'ir-

1780 2465 1847 2512 go
1867 2446 2008 2498 baud
2026 2446 2189 2500 dubie
2208 2460 2282 2500 est
2298 2450 2351 2500 M
2357 2450 2682 2521 inerva,quae
2704 2474 2814 2524 pcr-

1785 2540 1943 2596 petuo
1982 2528 2213 2597 epitheto
2251 2527 2442 2581 dicitur
2473 2544 2609 2582 casta
2632 2573 2649 2594 ,
2685 2534 2738 2585 h.
2778 2534 2808 2583 l.

1786 2606 1948 2675 virgo.
1974 2608 2085 2658 Nec
2113 2610 2288 2660 minus
2309 2609 2641 2679 ingeniorum
2664 2626 2716 2665 et
2734 2633 2811 2664 ar-

1785 2686 1914 2737 tium
1954 2686 2245 2741 celebratur
2284 2689 2489 2741 fautrix.
2531 2691 2715 2745 Horat.
2753 2696 2808 2743 A.

1784 2766 1843 2815 P.
1883 2766 2009 2820 385.
2041 2769 2165 2819 «Τιι
2196 2769 2327 2820 nihil
2361 2770 2524 2822 invita
2559 2769 2709 2825 dices
2741 2773 2810 2823 fa·

1784 2843 1952 2897 ciesve
1983 2848 2241 2901 Minerva.
2271 2875 2291 2892 »ι

1887 2949 1935 2992 9.
1981 2926 2223 2978 Nostram
2276 2929 2551 2981 lectionem
2597 2942 2813 2983 tuentur

1784 3003 1905 3056 Stat.
1931 3005 2079 3057 MSS.
2102 3021 2151 3058 vt
2174 3006 2296 3059 edd.
2329 3009 2558 3077 optimae.
2585 3011 2810 3062 Ρατνίιηα

1784 3085 1918 3136 Scal.
1932 3098 2109 3154 patroc:
2131 3089 2283 3138 Voss.
2306 3101 2356 3139 et
2391 3089 2549 3159 Vulp.
2571 3093 2708 3160 quod
2729 3112 2812 3142 ora

1778 3185 1869 3233 per
1885 3168 2096 3216 virorum
2121 3169 2345 3219 tentabat
2358 3168 2389 3218 J
2394 3169 2610 3220 ovianus
2629 3172 2814 3224 Ponta-

1784 3263 1884 3293 nus
1922 3247 2177 3314 probante
2212 3247 2427 3299 Bau-thio
2464 3247 2530 3299 ad
2567 3249 2699 3303 Stat.
2737 3254 2811 3314 Il,

1785 3324 1958 3376 Theb.
1985 3326 2053 3377 65
2071 3346 2088 3377 1
2113 3364 2127 3389 ‚
2144 3328 2274 3396 quod
2291 3348 2537 3396 ‹iperetma
2558 3333 2708 3399 ‘virgo
2730 3352 2815 3383 vo·

1786 3404 1921 3456 lebat
1941 3405 2266 3458 Munckerus
2284 3406 2348 3457 ad
2378 3410 2630 3461 Antonin.
2655 3412 2809 3462 Libe-

1786 3484 1876 3534 ral.
1911 3503 1955 3537 c.
1996 3505 2012 3536 ι
2030 3489 2090 3549 6,
2120 3487 2250 3557 quod
2264 3509 2292 3536 ο
2317 3489 2527 3538 Patrone
2543 3508 2674 3558 gyro
2697 3492 2810 3541 Plus

1786 3583 1879 3613 mm
1900 3579 2090 3615 mum-at
2101 3586 2305 3635 perenne*
2323 3568 2435 3617 secli
2455 3569 2683 3638 conjecit
2699 3571 2810 3622 Nic.

1786 3644 2027 3695 Heinsius
2047 3646 2097 3696 in
2123 3647 2270 3698 Notis
2287 3646 2352 3698 ad
2380 3647 2674 3713 Catullum,
2698 3670 2814 3719 quae

1784 3722 1996 3792 acljectae
2017 3739 2134 3776 suut
2154 3727 2264 3795 ejus
2285 3726 2606 3779 adversariis
2624 3746 2657 3780 a
2679 3730 2813 3782 Bur·

1785 3821 1980 3854 manno
1999 3802 2150 3855 editis
2171 3824 2200 3856 a
2231 3824 2286 3875 p.
2326 3807 2436 3859 633
2458 3806 2551 3858 -65
2566 3808 2593 3859 3
2614 3848 2630 3871 ,
2658 3809 2817 3860 nimis

1783 3881 2053 3936 audacter!
2077 3904 2171 3936 cur
2196 3887 2336 3938 euim
2365 3906 2471 3938 non
2493 3888 2630 3940 bene
2655 3888 2814 3941 latine

1784 3962 2019 4015 Minerva
2065 3963 2165 4016 dici
2203 3967 2357 4035 possit
2389 3979 2598 4033 patrona
2611 4008 2626 4031 ,
2665 3966 2812 4039 quod

1782 4057 1936 4112 negat
1955 4045 2222 4109 Heinsius,
2238 4044 2484 4115 equidem
2505 4065 2614 4098 nou
2636 4047 2810 4100 video.
