2986 4935
665 445 808 518 332

1193 450 1270 514 (j.
1305 447 1739 513 VALERlI
1798 446 2269 513 CATULLI

767 580 1086 671 Conjugis
1122 592 1275 645 ante
1314 590 1546 645 coacta
1583 578 1740 645 novi
1777 576 2106 644 dimittere
2146 574 2423 661 collum,

875 687 1096 773 Quam
1132 684 1402 752 veniens
1448 708 1581 751 una
1625 697 1822 776 atque
1865 680 2073 750 altera
2110 707 2336 751 rursus
2377 682 2584 750 hiems

764 792 1092 861 Noctibus
1132 792 1200 858 in
1242 788 1456 884 longis
1501 789 1770 858 avidum
1808 803 2167 859 saturasset
2203 814 2494 857 amorem
2518 844 2536 875 ‚

871 901 1101 967 Posset
1133 911 1208 965 ut
1241 897 1528 991 abrupto
1564 899 1784 964 vivere
1815 896 2166 989 conjugi03

761 1004 965 1093 Quod
1005 1004 1259 1073 scibant
1295 1006 1518 1071 Parcae
1551 1028 1688 1071 non
1722 1001 1922 1095 longo
1961 1016 2259 1096 tempore
2293 1003 2553 1086 abesse,

870 1113 936 1180 Si
974 1108 1160 1178 miles
1198 1135 1423 1178 muros
1469 1111 1623 1178 isset
1658 1109 1743 1178 ad
1786 1107 2041 1177 Iliacos.

764 1218 940 1286 Nam
984 1232 1124 1285 tum
1175 1215 1439 1284 Helenae
1484 1231 1677 1308 raptu
1722 1218 2043 1310 primores
2080 1216 2480 1307 Argivorum

871 1326 1183 1416 Coeperat
1224 1322 1308 1389 ad
1352 1347 1493 1390 sese
1525 1324 1723 1415 Troja
1769 1323 1940 1390 ciere
1984 1324 2203 1404 viros3

759 1431 957 1522 Troja
998 1429 1216 1515 nefaS,
1253 1453 1608 1497 commune
1642 1429 2018 1523 sepulcrum
2055 1430 2341 1521 Europae
2376 1428 2709 1521 Asiaeque,

869 1536 1068 1623 Troia
1104 1537 1318 1602 virum
1358 1549 1425 1602 et
1456 1536 1776 1603 virtutum
1813 1536 2110 1603 omnium
2145 1534 2384 1602 acerba
2416 1535 2620 1618 cinis3
2750 1580 2799 1615 9..

765 1645 932 1731 Quae
970 1667 1209 1736 nempe
1245 1656 1310 1709 et
1346 1656 1576 1709 nostro
1609 1641 1811 1711 letum
1851 1638 2219 1711 miserabile
2257 1640 2443 1709 fratri

743 1882 833 1931 81.
879 1877 1065 1929 Novum
1110 1877 1161 1927 in
1209 1873 1465 1927 tredecim
1505 1872 1675 1926 Codd.

665 1955 807 2027 apud
842 1955 1168 2008 Santeuium.
1194 1986 1274 1996 —
1298 1954 1533 2023 Conjugis
1571 1959 1681 2005 noc-i

664 2037 834 2087 collum
883 2037 1233 2106 significanter
1284 2048 1440 2106 atque
1496 2047 1678 2085 ornate

664 2136 766 2187 pro
797 2137 963 2170 novum
988 2118 1252 2184 conjugem.

747 2199 841 2250 82.
879 2198 1085 2247 Veniens
1112 2215 1300 2254 rursus,
1338 2193 1562 2246 rediens.

746 2279 837 2339 84.
875 2278 1043 2326 Posset
1084 2289 1129 2325 et
1162 2276 1216 2325 in
1253 2272 1387 2326 Cod.
1432 2274 1670 2325 Datiano.

665 2356 752 2407 Sic
774 2357 828 2407 in
856 2357 1042 2425 quovis
1064 2355 1314 2424 scriptore
1338 2354 1675 2406 confusarum

661 2435 1040 2507 particularum
1094 2447 1148 2484 ut
1199 2446 1246 2483 et
1295 2445 1343 2483 et
1369 2476 1383 2497 ,
1439 2434 1674 2504 exempla

664 2529 882 2567 exstant.
920 2513 1136 2564 Liviana
1170 2512 1384 2582 collegit
1423 2513 1673 2563 Dim-ken-

663 2595 821 2646 borch.
864 2592 928 2644 ad
957 2593 1072 2644 LiV.
1104 2605 1140 2643 t.
1173 2592 1286 2655 III,
1329 2611 1382 2661 p.
1424 2600 1553 2659 409.
1589 2594 1671 2645 Cf.

665 2675 789 2723 VV.
814 2675 928 2725 DD.
959 2691 1092 2742 quos
1118 2669 1294 2722 laudat
1322 2670 1461 2722 idem
1483 2670 1549 2722 ad
1578 2673 1668 2725 Sil.

664 2753 777 2806 Ital.
797 2754 864 2805 V.
910 2771 1034 2822 ²¹7·
1072 2754 1243 2802 Posset
1271 2751 1333 2801 ab
1369 2755 1567 2821 innupto
1608 2772 1669 2803 ex

664 2852 770 2885 uno
799 2830 934 2884 cod.
967 2833 1217 2901 protulit,
1248 2844 1298 2883 et
1324 2850 1421 2900 pro
1459 2832 1670 2900 ingenio

664 2933 757 2965 suo
798 2913 1042 2983 probavit
1067 2912 1302 2962 Vossius.

743 2993 814 3046 85
851 3006 904 3045 et
948 2995 1039 3045 86.
1083 2992 1256 3042 Abisse
1302 2991 1355 3042 in
1405 2989 1667 3042 sexdecim

660 3072 947 3125 Codicibus
968 3083 1018 3123 et
1033 3068 1238 3122 duabus
1252 3071 1439 3140 primis
1457 3073 1665 3122 Venett.

660 3151 801 3223 apud
835 3151 1159 3204 Santenium.
1204 3153 1269 3201 In
1318 3150 1433 3202 aliis
1474 3151 1664 3210 abesse,

661 3231 807 3301 quod
838 3232 1100 3301 pleraeque
1136 3228 1281 3281 editt.
1326 3242 1533 3291 tenent;
1575 3248 1665 3281 sae·

660 3312 867 3381 pissime
900 3310 1041 3360 enim
1073 3310 1208 3361 inter
1228 3330 1282 3361 se
1313 3309 1527 3361 confusa
1546 3322 1666 3360 sunt

658 3409 687 3441 a
707 3389 931 3441 librariis
951 3389 1108 3439 abesse
1129 3403 1181 3441 et
1208 3390 1358 3440 abisse
1374 3428 1387 3451 ,
1411 3400 1471 3439 ut
1491 3389 1665 3440 multis-

658 3469 912 3539 exemplis
957 3466 1111 3520 docet
1164 3467 1550 3519 Druck-euborch.
1598 3467 1662 3519 ad

655 3551 773 3602 Liv.
816 3548 1055 3612 XXVII,
1111 3555 1212 3610 44,
1251 3544 1279 3608 S
1316 3547 1377 3612 3,
1411 3560 1448 3599 t.
1477 3549 1576 3609 IV,
1608 3568 1660 3617 p.

666 3633 785 3684 130.
818 3660 895 3671 -
921 3628 1002 3680 Cf.
1053 3640 1101 3678 et
1149 3630 1273 3679 alios
1313 3628 1385 3678 ibi
1430 3626 1664 3678 laudatos

656 3722 933 3779 poetarum
989 3708 1314 3777 interpretes,
1354 3738 1433 3748 -
1478 3707 1662 3757 Adesse

656 3809 752 3858 pro
780 3789 1055 3854 adfuturum
1077 3806 1226 3857 aequo
1250 3804 1397 3856 paene
1416 3789 1535 3857 jure
1562 3787 1660 3858 legi

657 3886 807 3937 posse
828 3880 975 3939 putat
1006 3866 1299 3919 Santenius.
1316 3897 1395 3905 —
1409 3868 1557 3935 Quod
1573 3871 1663 3918 sci·

656 3949 774 3998 bant
799 3951 975 3999 Parcae
1015 3968 1109 3998 uon
1140 3948 1279 4015 longe
1304 3958 1478 4016 tempus
1503 3948 1661 3998 abesse

655 4028 878 4095 conjecit
897 4026 1239 4079 Schraderus.
1252 4058 1329 4068 --
1345 4026 1536 4079 Sensus
1559 4042 1655 4078 est:

664 4133 683 4151 «ι
706 4104 863 4171 Quod
897 4106 1108 4175 quidem
1148 4108 1293 4159 triste
1328 4108 1492 4160 fatum
1537 4109 1658 4158 novi

1787 1873 2087 1925 Laodamiae
2140 1871 2506 1943 disrumpendi
2573 1875 2799 1944 conjugii

1786 1955 1934 2006 brevi
1969 1965 2207 2024 tempore
2230 1991 2245 2014 ,
2277 1972 2441 2023 quum
2489 1953 2799 2006 Protesilaus

1785 2031 1853 2085 ad
1882 2035 2084 2086 bellum
2105 2034 2396 2103 Trojanum
2422 2033 2690 2103 profectus
2721 2054 2798 2085 es·

1786 2127 1861 2164 set
1881 2154 1894 2181 ‚
1916 2115 2194 2184 impletum
2214 2113 2277 2164 iri
2300 2150 2315 2177 ,
2337 2113 2516 2165 Parcoe
2536 2132 2643 2165 non
2659 2115 2801 2183 igno·

1784 2195 1989 2245 rabant.
2018 2221 2037 2239 ι

1867 2277 1957 2343 87.
1988 2274 2228 2324 Primores
2265 2273 2494 2341 Argivor.
2527 2272 2615 2325 Cf.
2647 2291 2796 2344 supra

1785 2352 1850 2404 ad
1887 2354 2063 2407 carm.
2094 2353 2294 2414 LXIV,
2330 2359 2381 2413 ά.

1862 2435 1952 2502 89.
1993 2434 2142 2503 Troja
2181 2434 2332 2500 nefas.
2379 2432 2578 2486 Sustuli
2610 2451 2806 2504 parem.

1784 2515 1954 2566 thesin
1976 2552 1990 2576 ,
2034 2533 2140 2584 qua
2172 2531 2275 2564 vox
2304 2515 2438 2580 nefas
2467 2553 2482 2575 ,
2519 2532 2639 2584 quoe
2680 2531 2795 2566 cum

1792 2596 1840 2644 T
1837 2596 1941 2663 roja
1958 2593 2105 2664 jungi
2137 2591 2292 2644 debet
2310 2632 2324 2657 ‚
2349 2593 2402 2645 in
2421 2594 2670 2663 plurimis
2687 2591 2795 2645 edi·

1782 2673 2014 2725 tionibus
2036 2673 2275 2724 exhiberi
2310 2673 2458 2725 solet.
2486 2675 2639 2743 Troja
2662 2675 2791 2739 nefas

1780 2766 1853 2803 cst
1879 2755 2064 2819 nefaria
2087 2794 2100 2816 ,
2130 2753 2356 2819 nefanda.
2383 2754 2550 2806 Plane
2575 2753 2644 2805 ita
2663 2755 2794 2820 nesus

1779 2834 1968 2883 Helena
2006 2851 2106 2902 pro
2149 2834 2336 2899 nefaria
2370 2831 2574 2887 dicitur
2607 2853 2640 2886 a
2668 2834 2789 2884 Vir-

1777 2912 1904 2979 gilio
1921 2916 2040 2963 AEn.
2065 2913 2120 2963 II
2136 2946 2150 2973 ‚
2173 2913 2281 2967 585
2300 2953 2314 2979 ,
2335 2912 2686 2966 «Exstinxisse
2707 2932 2792 2965 ne·

1777 2992 1881 3057 fas,
1923 3005 2022 3043 etc.
2050 3003 2108 3051 -3
2139 3006 2192 3044 et
2225 2994 2298 3044 sic
2330 2993 2617 3064 Cleopatra
2657 2996 2789 3061 nefas

1778 3073 2064 3135 AEn.vl11‚
2088 3074 2220 3125 688.
2237 3074 2543 3143 —Em-opoe
2566 3075 2792 3145 Ase'aeque

1775 3152 1842 3202 cf.
1867 3151 2220 3204 Stat.-Asiae
2241 3153 2546 3224 Europa-que
2564 3154 2794 3224 pretulit

1774 3229 2052 3281 Santenius
2072 3269 2086 3293 ,
2109 3232 2466 3301 plurimorum
2502 3232 2681 3285 Codd.
2705 3252 2793 3285 au-

1773 3310 2011 3362 ctoritate
2040 3325 2370 3376 commotus;
2405 3310 2496 3363 sed
2521 3312 2579 3364 in
2602 3331 2791 3365 novem

1772 3390 1924 3440 MSS.
1963 3388 2107 3459 apud
2154 3391 2400 3444 eumdem
2451 3404 2504 3444 et
2544 3392 2791 3445 omnihus

1772 3469 1881 3520 fere
1921 3467 2242 3522 editionibus
2289 3471 2519 3541 antiquis
2570 3485 2646 3525 est
2682 3473 2787 3523 Eu-

1773 3569 1904 3619 ropoe
1933 3550 2179 3620 Asioeque.

1853 3649 1940 3698 90.
1965 3629 2155 3681 Acerba
2179 3633 2296 3681 ct'nis
2317 3648 2510 3700 genere
2533 3630 2788 3683 feminino

1770 3710 1957 3778 passim
2006 3708 2147 3778 apud
2197 3709 2427 3781 optimos
2479 3711 2784 3781 scriptore&

1769 3788 2010 3860 exempla
2073 3788 2180 3841 vid.
2232 3787 2394 3860 apud.
2453 3790 2782 3842 Bura-annum

1769 3868 1879 3919 Sec.
1916 3867 1982 3921 ad
2010 3868 2228 3923 Anthol.
2261 3882 2303 3923 t.
2335 3870 2420 3932 Π,
2453 3889 2507 3941 p.
2549 3871 2640 3924 32.

1850 3967 1938 4015 91.
1974 3949 2110 4001 Mira
2141 3962 2216 4001 est
2239 3988 2254 4014 ,
2290 3950 2485 4020 quibus
2526 3949 2582 4003 in
2626 3948 2781 4001 variis

1771 4028 1918 4080 libris
1954 4029 2042 4080 hic
2089 4048 2268 4081 versus
2308 4027 2552 4094 incedit,
2589 4029 2778 4097 forma·

1769 4128 1885 4160 rum
1931 4109 2149 4161 varietas
2169 4147 2183 4171 ,
2216 4128 2333 4180 quae
2359 4128 2543 4161 omnes
2585 4128 2645 4163 ac
2675 4108 2778 4159 sin-
