2986 4935
656 443 806 529 454
929 445 1273 510 INDEX
1332 443 1969 509 EDITIONUM
2027 444 2551 522 CATULLI,

653 577 959 666 fruguum.
1009 591 1072 642 et
1121 573 1469 667 Pei-vigilio
1520 576 1830 657 Veneri53
1897 575 2318 666 praemittitur
2381 576 2633 642 notitia
2685 573 2821 642 lite-

654 685 856 763 raria,
895 683 1048 774 maj.
1088 683 1152 750 8.

778 790 993 883 1787.
1039 794 1114 854 (Σ.
1159 786 1299 855 Val.
1350 786 1593 854 Catulli
1622 811 1890 854 carmen
1929 786 2012 852 de
2058 787 2300 879 nuptiis
2331 784 2516 854 Pelei
2558 803 2636 855 et
2656 788 2823 856 The·

658 896 807 962 tidis
851 920 1000 960 eum
1055 897 1350 960 versione
1390 896 1791 960 Germanica
1828 892 2188 959 Christiani
2225 890 2556 961 Friderici
2607 896 2827 963 Eisen-

661 1001 951 1081 scliniid,
985 1005 1047 1066 in
1088 1026 1276 1067 usum
1313 1001 1601 1066 tironum
1635 998 1981 1066 illustravit
2019 998 2192 1066 Carl.
2237 997 2578 1067 Gotthold
2617 1004 2823 1070 Lenz.

665 1106 1070 1199 Alteuburgi.

773 1217 916 1281 Nic.
973 1218 1246 1281 Hee'tesc‘e'
1304 1213 1544 1280 notulae
1603 1217 1667 1280 in
1726 1212 2059 1280 Catullum
2117 1213 2308 1280 editae
2365 1230 2528 1282 sunt
2592 1240 2635 1282 a
2694 1218 2823 1282 Pet.

664 1326 1059 1389 But-manno
1106 1321 1186 1387 ad
1234 1320 1480 1386 calcem
1532 1319 1802 1386 AdverS.
1844 1321 2377 1388 Heinsianorum.
2456 1375 2459 1376 γ

778 1432 849 1492 ln
907 1425 1147 1493 Catulli
1195 1431 1396 1493 Auca
1451 1426 1943 1493 emendationes
1995 1440 2148 1493 sunt
2204 1428 2272 1492 in
2318 1427 2608 1494 Miscell.
2666 1428 2829 1495 Obs.

670 1531 950 1599 Dux-vill.
987 1533 1135 1599 Vol.
1187 1537 1288 1615 11,
1333 1561 1392 1625 p.
1442 1529 1590 1601 323
1630 1559 1770 1625 sqq.
1811 1535 1966 1599 item
2009 1536 2075 1600 in
2114 1535 2404 1600 Carmen
2443 1535 2546 1617 X,
2591 1538 2831 1602 Varus

669 1666 773 1707 me
810 1665 1025 1722 meles,
1057 1640 1204 1706 Vol.
1230 1642 1311 1722 V,
1357 1666 1415 1732 p.
1480 1665 1499 1707 1
1558 1664 1692 1731 sqq.

777 1747 1003 1813 Codex
1053 1750 1419 1814 carminum
1481 1745 1727 1813 Catulli
1777 1747 2113 1838 eleganter
2158 1750 2441 1840 scriptus
2497 1750 2564 1814 in
2613 1773 2828 1815 mem—

671 1855 913 1939 brana,
947 1859 1055 1945 qui
1090 1853 1244 1920 olim
1285 1854 1410 1920 fuit
1448 1852 1833 1945 Marquardi
1872 1851 2111 1937 Gudii‚
2140 1876 2275 1920 una
2301 1878 2455 1922 cum
2485 1853 2637 1921 aliis
2670 1856 2829 1948 ejus-

670 1960 820 2027 dem
853 1963 1040 2028 MSS.
1072 1963 1339 2054 optimae
1372 1961 1880 2051 notae-pervenit
1907 1962 1970 2025 in
2012 1959 2484 2028 Bibliothecam
2519 1960 2833 2029 Guelfer-

673 2067 980 2159 bytanam
1036 2069 1441 2135 Serenissimi
1496 2069 1702 2133 'Ducis
1752 2068 2267 2133 BrunsvicensiS.
2336 2065 2577 2134 Aldina
2628 2067 2829 2135 editio

675 2174 958 2258 Catulli,
994 2173 1237 2241 Tibulli
1281 2189 1346 2239 et
1391 2175 1711 2265 Propertii
1760 2170 2026 2265 vulgata
2068 2197 2246 2240 anno
2305 2172 2495 2244 1582
2524 2226 2545 2257 ‚
2593 2173 2669 2243 8.
2720 2198 2826 2242 ex·

676 2283 890 2347 stabat
945 2284 1260 2372 castigata
1309 2283 1546 2371 passim
1603 2294 1664 2345 et
1720 2279 2066 2346 emendata
2111 2304 2309 2347 manu
2362 2282 2484 2347 viri
2534 2280 2726 2349 docti
2767 2284 2830 2348 in

576 2413 587 2426 ·
679 2387 831 2453 bibl.
879 2390 1138 2453 Ernest.
1183 2428 1274 2434 -——
1308 2386 1625 2452 Codieem
1670 2391 1796 2453 Cat
1844 2387 1986 2453 Tib.
2031 2400 2097 2453 et
2134 2389 2330 2480 Prop.
2372 2385 2832 2481 silvarumque

682 2498 868 2560 Statii
905 2495 988 2559 ab
1023 2499 1168 2559 Ant.
1201 2493 1541 2558 Sinibaldo
1580 2492 1921 2559 Florentia}
1961 2518 2135 2560 anno
2181 2494 2370 2579 1484
2416 2494 2830 2588 descriptum

683 2600 959 2692 Neapoli
995 2604 1058 2665 in
1101 2598 1262 2666 Bibl.
1305 2598 1810 2685 Olivetanorum
1845 2600 2462 2668 viditBernhardus
2493 2600 2581 2669 de
2613 2602 2834 2669 Mont-

685 2707 955 2786 saucon‚
997 2722 1068 2772 ut
1105 2706 1305 2772 refert
1338 2709 1475 2798 ipse
1515 2707 1576 2770 in
1618 2708 1843 2772 Diario
1880 2707 2133 2773 Italico,
2170 2734 2231 2800 p.
2272 2704 2444 2777 305.
2469 2748 2572 2757 —
2599 2709 2831 2775 Exem-

688 2812 829 2905 plar
858 2812 1102 2881 Catulli
1137 2815 1279 2879 MS.
1311 2812 1486 2904 quod
1521 2811 1871 2878 Mediolani
1905 2829 2124 2880 servat
2160 2812 2323 2881 Bibl.
2357 2814 2831 2895 Ambrosiam,

683 2921 961 2987 mirifice
1019 2919 1329 3011 praedicat
1384 2923 1515 2985 Jos.
1576 2919 2038 3011 Ripamontius
2094 2922 2159 2986 in
2217 2919 2414 2987 Card.
2468 2924 2830 2989 Borromaei

691 3030 838 3094 vita.
875 3031 1089 3094 Lucas
1128 3025 1504 3094 Holstenius
1536 3028 1599 3090 in
1629 3028 1836 3118 Epist.
1858 3028 2048 3093 Tom.
2077 3028 2160 3093 V.
2199 3025 2492 3120 Sylloges
2519 3030 2831 3095 Burman-

689 3136 927 3216 nianae,
964 3159 1022 3225 p.
1073 3131 1244 3216 435.
1286 3134 1429 3198 Jani
1474 3133 1877 3199 Brotelslmsc‘c'
1914 3133 2189 3201 schedas
2231 3135 2461 3201 Mstas
2497 3135 2569 3201 in
2608 3133 2830 3203 Carul-

691 3238 823 3306 lum
870 3253 1098 3305 nactus
1146 3240 1358 3305 David
1397 3243 1959 3330 Hoogslralanus
2005 3265 2245 3307 novam
2282 3242 2423 3332 ejus
2459 3255 2680 3334 poetae
2703 3241 2829 3309 edj-

691 3350 932 3412 tionem
976 3348 1145 3412 notis
1188 3344 1573 3412 illustratam
1615 3346 2098 3429 meditabatur,
2143 3348 2254 3414 sed
2313 3362 2530 3414 morte
2588 3372 2827 3440 praere-

694 3468 847 3544 ptus
886 3468 985 3519 est
1033 3477 1111 3517 ’.ιι
1179 3455 1342 3517 Nox:
1391 3477 1449 3516 a.
1508 3454 1713 3545 1724.

803 3559 1177 3625 Rerum-(lini
1217 3560 1486 3624 Becclmz'
1510 3562 1895 3651 (jan-pensis,
1929 3561 1988 3625 S.
2030 3564 2085 3626 J.
2129 3563 2652 3629 commentarius
2679 3586 2717 3627 a
2740 3562 2831 3651 ju·

695 3692 856 3731 vene
907 3669 1008 3729 vix
1059 3667 1284 3757 viginti
1322 3688 1681 3748 annorum,
1719 3680 2071 3758 antequam
2112 3669 2494 3734 societatem
2533 3665 2829 3761 ingrede-

693 3790 913 3852 retur,
958 3778 1026 3837 in
1071 3777 1349 3865 nuptias
1391 3773 1585 3837 Pelei
1625 3787 1691 3837 et
1740 3772 2035 3839 JYzeccdezs
2058 3799 2078 3839 .·
2106 3799 2258 3841 cum
2300 3773 2827 3842 adnotationibus

691 3881 830 3969 ejus
867 3881 927 3944 in
970 3879 1147 3943 varia
1197 3880 1595 3969 scriptorum
1648 3878 1831 3964 loca,
1884 3881 2129 3947 recusis
2177 3882 2244 3946 in
2276 3882 2492 3949 Tomo
2546 3877 2829 3949 secundo

693 3990 876 4053 Facis
922 3986 1183 4052 Criticae
1226 3986 1684 4067 Gruterianae,
1749 4012 1814 4080 p.
1876 3982 2344 4081 335—371.
2382 3987 2572 4055 Vidit
2624 3987 2827 4054 lucem

691 4093 1004 4159 Bononiae
1059 4090 1283 4176 1551,
1322 4092 1385 4171 [ι.
