2986 4935
558 451 807 517 VITA
865 452 939 517 C.
981 451 1420 518 VALERII
1479 450 1969 519 CATULLI.
2247 476 2321 519 11

302 584 653 650 Parentem
703 580 934 649 habuit
957 580 1297 650 Valerium
1321 636 1341 669 ,
1387 606 1467 651 ex
1512 583 1791 651 honesta
1833 580 2075 649 familia
2122 586 2335 651 muni-

205 689 423 783 cipali;
457 689 650 781 cujus
687 689 996 756 nimirum
1034 689 1359 782 hospiti0,
1399 691 1450 757 si
1477 686 1957 783 Tranquillum¹
1997 688 2338 775 audimuS,

204 797 276 864 C.
315 794 526 865 Julius
564 796 790 863 Caesar
835 796 930 863 uti
968 794 1196 863 solitus
1239 795 1451 863 fuerit.
1499 797 1655 864 Non
1694 794 2166 889 amplissimam
2203 798 2342 889 qui-

203 900 346 970 dem
380 903 737 996 pecuniam
781 901 1106 995 possedit,
1149 916 1381 995 utpote
1413 903 1525 995 qui
1559 904 1906 972 sacculum
1940 925 2133 970 suam
2174 926 2338 970 ara-

202 1031 471 1077 neanem
484 1010 776 1104 plenum
795 1006 815 1031 ²
833 1009 1118 1101 ingenue
1147 1007 1449 1094 fateatur,
1474 1010 1875 1103 Furiumque
1909 1023 1975 1076 et
1994 1006 2338 1077 Aurelium

205 1116 362 1183 inter
424 1117 764 1209 principes
826 1117 1192 1184 amicorum
1252 1114 1745 1200 observaverit3
1803 1140 2086 1209 quorum
2152 1114 2338 1183 alteri

200 1245 316 1290 nec
359 1246 594 1291 servus
615 1274 638 1306 ,
696 1246 824 1289 nec
860 1244 1035 1291 arca
1053 1275 1074 1308 ‚
1120 1246 1245 1291 nec
1294 1228 1519 1291 cimex
1565 1239 1721 1291 erat
1742 1277 1766 1308 ‚
1793 1208 1815 1246 ³
1859 1221 2138 1290 alterum
2190 1246 2338 1289 esu-

200 1333 506 1397 n'tioaum
544 1315 868 1424 Ραίηειη4
917 1329 1054 1421 ipse
1109 1328 1343 1397 festive
1398 1328 1703 1422 appellat.
1752 1331 2111 1421 Quumque
2165 1328 2338 1396 divi-

202 1449 334 1502 tum
372 1438 839 1503 Romanorum
882 1433 1125 1503 familia
1168 1437 1451 1504 maxima
1486 1450 1691 1521 esset,
1733 1437 2064 1505 neminem
2106 1436 2340 1504 habuit

206 1543 544 1626 Catullus,

675 1682 926 1733 Fructum
957 1681 1051 1752 qui
1077 1681 1269 1733 veteris
1296 1681 1486 1752 pedem
1520 1684 1720 1752 grabati

676 1776 741 1825 In
772 1774 910 1826 eollo
938 1773 1038 1826 sibi
1071 1773 1331 1826 collocare
1362 1787 1555 1845 posset.
1574 1766 1595 1801 ⁵

197 1936 596 2005 Patrimonio
636 1950 860 2003 tamen
904 1937 1058 2004 satis
1095 1935 1274 2003 lauto
1320 1935 1517 2003 fuisse
1563 1936 1821 2003 videtur
1848 1990 1866 2019 ,
1908 1934 2088 2027 quod
2124 1935 2335 2002 homi-

195 2066 337 2109 nem
391 2068 474 2110 eo
533 2041 687 2111 loco
744 2056 974 2109 natum
1029 2041 1341 2109 deceret:
1392 2067 1543 2109 nam
1602 2056 1668 2108 et
1722 2044 1996 2125 Romae,
2052 2042 2118 2107 in
2174 2041 2339 2108 urbe

194 2162 582 2242 sumptuosa
624 2201 642 2232 ,
707 2147 952 2216 diutius
1006 2162 1455 2215 commoratus
1511 2163 1609 2215 est
1648 2200 1666 2229 ,
1721 2148 1938 2238 ibique
2003 2147 2339 2215 amoribus

193 2278 452 2346 operam
493 2252 721 2337 dedit,
749 2279 826 2322 ac
856 2253 1138 2322 fundum
1162 2257 1226 2321 in
1255 2279 1414 2347 agro
1443 2254 1790 2335 Tiburtino
1821 2251 2112 2346 possedit
2142 2281 2154 2320 :
2186 2257 2335 2319 navi

193 2384 299 2428 sua
332 2363 400 2428 in
438 2365 739 2431 Pontum
783 2362 1159 2455 navigavit,
1204 2386 1281 2428 ac
1319 2386 1388 2428 se
1427 2364 1781 2430 Se'rmc‘om's
1811 2360 2038 2427 lterum
2062 2345 2087 2380 ⁶
2123 2358 2340 2452 appel-

190 2463 317 2536 lare
360 2493 497 2537 uon
554 2481 859 2550 veretur3
905 2493 1051 2560 quae
1095 2470 1316 2536 omnia
1363 2467 1664 2561 profecto
1718 2482 1870 2535 sunt
1909 2466 2196 2535 hominis
2243 2464 2327 2533 lo·

190 2573 493 2669 cupletis,
543 2589 613 2642 et
653 2575 758 2641 cui
798 2574 1148 2642 familiares
1187 2575 1391 2669 copiae
1434 2600 1568 2642 non
1606 2576 1835 2642 desint.
1877 2571 2078 2661 Quod
2115 2587 2336 2641 tamen

188 2683 371 2775 genio
405 2679 829 2772 indulgeret,
865 2679 1175 2748 convivia
1208 2697 1506 2774 pararet,
1541 2679 1790 2774 puellas
1826 2705 1864 2746 a
1905 2679 2138 2747 lenone
2176 2680 2336 2748 redi·

189 2803 388 2857 meret
410 2789 456 2874 ,⁷
497 2786 830 2856 nobilium
869 2788 1168 2855 amicitiis
1202 2788 1503 2870 floreret,
1550 2802 1902 2881 propterea
1945 2786 2334 2855 difficultate

190 2999 371 3059 soi-san,
400 3010 501 3048 etc.
524 3033 546 3059 ,
577 2995 682 3046 hoc
704 3011 813 3045 non
846 2994 914 3044 ita
940 3006 1116 3063 potest
1140 2994 1193 3043 in
1209 3023 1231 3034 ·
1310 3012 1464 3045 suum
1484 2994 1559 3044 illi
1578 2996 1827 3064 jocosque
1846 2995 2072 3046 mittere.
2097 2996 2176 3044 Ita
2199 2995 2337 3044 Mar-

192 3076 375 3146 affligi,
412 3094 475 3127 ac
525 3074 575 3126 si
614 3091 793 3125 revera
828 3071 894 3124 ad
936 3073 1220 3144 Virgilium
1310 3074 1446 3125 tialis
1480 3092 1696 3145 quoque
1726 3076 2102 3144 epigrammata
2133 3093 2224 3124 sua
2262 3074 2332 3124 ait

187 3157 413 3208 carmina
454 3173 592 3216 sua,
626 3153 708 3204 vel
740 3171 950 3205 carmen
995 3152 1063 3204 de
1099 3155 1219 3206 Pas·
1310 3172 1363 3204 se
1393 3156 1589 3206 offerre
1616 3154 1764 3207 Silio.
1791 3156 1879 3205 J0.
1914 3155 2076 3205 Isaaci
2106 3154 2326 3204 Pontani

190 3253 321 3298 κη,
344 3235 565 3288 miserit
586 3233 860 3296 Catullu53
881 3252 1003 3285 nam
1025 3233 1221 3304 alioqui
1309 3246 1481 3285 autem
1506 3247 1558 3286 et
1583 3235 1873 3286 Boxhornii
1901 3226 1972 3300 (c.
2004 3233 2072 3284 35
2090 3271 2106 3298 ,
2132 3235 2311 3297 Quaest

186 3333 292 3366 non
321 3314 555 3368 dixisset
588 3313 869 3373 Martialis,
909 3318 977 3364 sic
1002 3315 1176 3378 forsan
1202 3334 1219 3364 .·
1306 3315 1486 3376 Rom.)
1521 3315 1861 3366 hallucinatio
1889 3313 2171 3365 tribuenda
2197 3314 2328 3364 cala·

186 3393 273 3446 sed
291 3394 437 3465 quod
453 3392 723 3446 Martialis
743 3412 836 3444 sua
852 3392 1086 3445 voluerit
1107 3393 1219 3462 epi-
1311 3394 1383 3445 mi
1408 3393 1733 3445 festinationi
1753 3433 1765 3453 ,
1797 3394 2066 3446 Catullum
2099 3394 2326 3444 Martiali

181 3488 471 3544 grammata
509 3492 642 3526 cum
678 3473 1021 3535 Catullianis,
1050 3485 1105 3524 et
1138 3471 1218 3524 Si·
1299 3474 1568 3542 juniorem
1593 3474 1920 3526 facientium.
1952 3470 2061 3533 (Ex
2090 3472 2215 3524 edit.
2244 3474 2325 3523 Bi-

182 3553 338 3616 lium,
362 3554 434 3608 ad
463 3570 640 3624 quem
670 3552 889 3614 scribit,
912 3571 1219 3622 comparare
1304 3566 1456 3623 pont.
1490 3572 1545 3623 p.
1584 3545 1708 3619 14.)

181 3651 297 3686 cum
316 3635 557 3686 Marone
566 3651 582 3696 ;
600 3632 726 3685 licet
742 3645 983 3685 accurate
1000 3633 1218 3702 loquen-
1394 3651 1411 3683 1
1424 3673 1436 3682 .
1466 3635 1526 3683 In
1554 3634 1587 3685 J
1592 3634 1700 3684 ulio
1718 3673 1733 3697 ,
1755 3652 1801 3684 c.
1831 3633 1921 3701 73.

179 3711 247 3765 do
269 3733 376 3766 non
402 3717 516 3785 jam
554 3711 627 3765 ita
653 3713 907 3765 claruerit
935 3713 1214 3782 Virgilius,
1394 3732 1440 3763 2.
1473 3715 1649 3765 Carm.
1673 3714 1834 3771 XIII,
1870 3732 1939 3763 vs.
1975 3717 2024 3765 8.

180 3792 611 3862 qunmCamllus
629 3792 904 3855 scriberet,
924 3804 984 3843 ut
1002 3792 1068 3844 ad
1090 3811 1211 3843 eum
1388 3792 1436 3843 3.
1465 3792 1641 3844 Carm.
1673 3793 1860 3843 xxm
1881 3831 1894 3854 ,
1916 3813 1988 3843 vs.
2024 3815 2070 3843 ιι.

177 3873 375 3927 misisse
417 3872 670 3927 carmina
717 3890 807 3924 sua
853 3871 997 3924 credi
1029 3873 1207 3943 possit.
1389 3878 1439 3932 4.
1466 3873 1640 3924 Carm.
1671 3873 1832 3934 XXI,
1859 3891 1928 3922 vs.
1973 3891 2015 3922 1.

178 3950 280 4004 Sed
304 3965 731 4023 quantacunque
761 3952 919 4003 etiam
956 3951 1079 4005 dein
1112 3953 1211 4005 fuit
1390 3952 1436 4002 5.
1462 3953 1640 4004 Carm.
1665 3953 1739 4008 X,
1769 3971 1842 4002 vs.
1882 3971 1944 4002 22
1981 3965 2029 4002 et
2066 3956 2130 4002 αὖ

178 4031 389 4103 Virgilii
415 4034 594 4096 fama,
624 4049 736 4083 non
763 4030 1049 4090 dubitasset
1075 4034 1213 4085 forte
1388 4035 1439 4082 6.
1461 4033 1636 4084 Carm.
1665 4032 1865 4081 XXXI.

180 4110 423 4166 Catullus
438 4153 456 4179 ,
479 4113 526 4165 si
550 4125 671 4165 tum
687 4112 926 4171 vixisset,
951 4130 1210 4182 passerem
1386 4131 1437 4180 7.
1463 4113 1637 4165 Carm.
1658 4112 1959 4164 cut—Ex
1977 4111 2078 4162 hoc
2093 4114 2320 4164 carnumx
