2986 4935
686 529 778 597 72

1213 510 1286 572 C.
1326 508 1764 573 VALERII
1824 502 2287 568 CATULLI

1332 726 1892 812 CARMEN
1959 727 2170 811 XV.

1447 954 1550 996 AD
1611 953 2064 996 AURELIUM.

1008 1132 1436 1198 COMMENno
1475 1130 1588 1196 tibi
1627 1156 1730 1196 me
1768 1155 1843 1197 ac
1882 1153 2063 1196 meos
2104 1153 2397 1212 amoreS,

1008 1236 1272 1304 Aureli:
1314 1238 1573 1303 veniam
1617 1251 1771 1329 peto
1818 1235 2218 1328 pudentem,

1010 1344 1139 1425 Ut,
1186 1345 1236 1409 si
1275 1343 1635 1435 quidquam
1682 1345 1906 1410 animo
1946 1357 2062 1410 tuo
2101 1344 2378 1434 cupisti,

1009 1448 1211 1536 Quod
1251 1465 1505 1517 castum
1552 1464 1929 1542 expeteres,
1968 1464 2033 1517 et
2076 1445 2496 1540 integellum,

1009 1558 1381 1623 Conserves
1420 1581 1703 1648 puerum
1752 1556 1914 1622 mihi
1960 1555 2233 1648 pudice3

1017 1662 1167 1728 Non
1210 1663 1360 1729 dico
1403 1687 1441 1728 a
1485 1661 1733 1755 populo
1772 1688 1785 1727 ε
1827 1660 1989 1728 nihil
2028 1685 2337 1729 veremur

1013 1770 1217 1852 Istos,
1256 1772 1366 1861 qui
1407 1770 1471 1835 in
1513 1767 1728 1860 platea
1773 1768 1973 1835 modo
2018 1769 2185 1848 hue,
2224 1766 2423 1835 modo
2470 1765 2624 1833 illuc

1017 1879 1094 1941 In
1143 1900 1212 1941 re
1259 1889 1660 1967 praetcrcunt
1699 1899 1816 1943 sua
1862 1875 2203 1967 occupati;

1020 1983 1270 2048 Verum
1314 2006 1348 2046 a
1397 1997 1458 2047 te
1498 1997 1761 2064 metuo,
1800 1997 2046 2073 tuoque
2087 2006 2290 2073 pene,

782 2188 920 2237 ΑΒΘ.
943 2186 1156 2237 Aurelio
1183 2207 1242 2235 ea
1264 2188 1375 2256 lege
1395 2184 1729 2237 commendat

707 2284 929 2336 puerum
951 2284 1100 2315 suum
1123 2307 1135 2326 ,
1166 2279 1220 2316 ut
1235 2280 1368 2317 caste
1384 2268 1525 2317 hunc
1543 2265 1727 2315 florem

707 2345 995 2409 custodiat,
1022 2365 1120 2396 nec
1161 2346 1305 2395 solita
1352 2345 1587 2397 libidinis
1627 2363 1730 2395 suae

709 2424 981 2495 explendae
1000 2424 1287 2494 cupiditate
1311 2426 1458 2477 illum
1485 2425 1734 2478 contami·

711 2525 836 2556 nare
849 2503 1218 2568 audeat.Quod
1245 2506 1280 2554 si
1309 2507 1484 2557 fecerit
1501 2519 1550 2557 et
1571 2524 1733 2576 usque

712 2602 776 2635 eo
825 2584 1058 2635 audaciae
1099 2604 1399 2654 progressus
1439 2586 1596 2636 fuerit
1617 2625 1629 2646 ‚
1680 2597 1734 2635 ut

713 2663 863 2716 illum
899 2678 1233 2734 corrumpat,
1267 2666 1595 2734 gravissima,
1630 2677 1736 2715 tan·

716 2762 874 2814 quarn
905 2743 1169 2798 moechum
1190 2784 1203 2807 ‚
1231 2746 1474 2797 affectum
1501 2746 1563 2796 iri
1585 2764 1735 2815 perna

715 2824 960 2875 minatur.
1007 2857 1084 2866 -—
1127 2825 1340 2877 Factum
1402 2840 1574 2877 autem
1636 2825 1737 2875 hoc

717 2920 824 2953 esse
870 2905 937 2954 ab
985 2905 1200 2955 Aurelio
1246 2926 1307 2956 ex
1352 2907 1528 2958 Carni.
1576 2903 1705 2955 XXI
1725 2943 1739 2965 ,

718 2997 960 3053 apparet,
994 2984 1134 3035 unde
1156 2987 1355 3037 acerbae
1382 2986 1519 3036 inter
1549 3003 1669 3035 eum
1690 2997 1738 3033 et

720 3063 1286 3117 Catulluminimicitiae
1310 3079 1500 3116 exortae
1525 3077 1739 3115 sunt.—

723 3145 828 3207 Qui
852 3164 956 3194 non
988 3146 1134 3196 omui
1161 3146 1442 3197 honestatis
1465 3163 1614 3194 sensu
1649 3141 1741 3192 de-

720 3225 925 3276 stitutus
948 3238 1051 3288 est,
1072 3239 1437 3295 argumentum
1454 3226 1611 3292 hujus
1637 3242 1744 3274 car·

1816 2186 1919 2236 cias
1936 2223 1952 2244 ,
1977 2203 2202 2254 puerum
2238 2201 2433 2234 meum.
2454 2182 2537 2234 Cf.
2568 2180 2637 2233 ad
2663 2182 2843 2233 Car-m.

1825 2267 1867 2315 X
1884 2304 1897 2326 ,
1933 2284 1977 2316 1.

1905 2365 1953 2395 2.
1985 2344 2185 2393 Veniam
2202 2357 2316 2410 peto
2335 2341 2586 2411 pudentem
2600 2361 2618 2401 ,·
2641 2341 2762 2391 aher
2780 2343 2847 2391 ich

1822 2423 1936 2475 bitte
1963 2444 2039 2476 um
2078 2424 2294 2493 ziicletige
2330 2422 2695 2491 Ver-scleonung.
2730 2423 2851 2474 For-

1821 2520 1947 2556 tasse
1968 2504 2158 2555 excidit
2174 2505 2427 2573 particula
2439 2515 2491 2552 a!
2506 2515 2619 2572 post
2640 2508 2848 2553 veniam.

1824 2619 1899 2625 -—
1925 2586 2203 2636 Pudentem.
2241 2586 2358 2635 Non
2390 2584 2606 2635 nimiam
2625 2621 2643 2645 ‚
2669 2582 2849 2634 mode·

1822 2678 1947 2715 stam
1965 2705 1977 2727 ,
2009 2685 2165 2734 quam
2195 2666 2343 2715 facile
2372 2677 2422 2714 et
2439 2667 2556 2732 jure
2577 2662 2854 2716 concedas,

1824 2746 2019 2795 Contra
2049 2746 2318 2813 impudens,
2359 2744 2581 2805 nimius,
2613 2745 2711 2813 qui
2752 2762 2854 2794 non

1823 2828 1985 2892 justos
2016 2825 2148 2875 intra
2179 2826 2369 2877 limites
2400 2824 2651 2874 consistit.
2674 2825 2854 2875 Horat.

1827 2906 2005 2955 Carm.
2040 2906 2149 2963 IV,
2200 2906 2291 2963 13,
2345 2914 2373 2966 4
2403 2922 2414 2955 :
2449 2901 2769 2975 «Ludisque
2812 2915 2857 2953 et

1827 2985 1965 3033 bibis
1986 2983 2299 3053 impudens-0
2328 2986 2458 3034 Item
2486 2983 2775 3051 Virgilius·‚
2796 2990 2860 3031 in·

1818 3067 1998 3132 j,ustus
2019 3065 2212 3134 Gtorg.
2233 3066 2331 3125 ΙΙΙ,
2355 3065 2481 3132 347:
2512 3063 2859 3132 ·Injustosub

1830 3145 1965 3194 fasce
1989 3145 2126 3195 vinni
2161 3164 2322 3214 quum
2355 3144 2565 3214 carpit·
2582 3144 2703 3195 ..N

1917 3224 1965 3274 3.
1994 3225 2052 3275 Sa
2071 3226 2327 3294 quidquam
2360 3227 2518 3274 αηὶηιο
2553 3237 2588 3275 t.
2619 3245 2665 3275 c.
2700 3223 2861 3287 Quod.

722 3304 880 3355 minis
918 3305 1327 3366 abominabitur,
1365 3304 1454 3355 sed
1498 3303 1747 3354 orationis
1835 3305 2109 3372 Eleganter
2152 3318 2199 3354 et
2250 3317 2430 3355 ornate
2464 3321 2599 3373 pro:
2640 3304 2688 3354 si
2735 3303 2866 3355 ullus

721 3384 1026 3452 elegantiam
1049 3383 1513 3443 admirabitur.,—-
1533 3381 1638 3434 Sed
1662 3383 1744 3432 lu-

725 3482 840 3514 sum
864 3464 1126 3531 poeticum
1159 3464 1383 3526 rectius,
1415 3483 1573 3533 quani
1610 3463 1747 3512 Doe-

725 3542 924 3611 ringius
942 3544 1155 3612 exponit
1173 3544 1273 3595 hoc
1286 3557 1593 3613 argumento
1611 3582 1623 3603 ,
1640 3562 1750 3591 seu-

726 3623 819 3673 tias
845 3636 1051 3691 oportet
1068 3642 1082 3687 ;
1102 3643 1330 3694 namque
1354 3625 1404 3674 in
1435 3643 1498 3673 eo
1528 3641 1748 3674 acumen

725 3703 974 3773 poematii
997 3703 1150 3755 situm
1181 3718 1253 3756 est
1269 3743 1285 3764 ,
1304 3718 1359 3755 ut
1382 3723 1488 3755 non
1513 3723 1634 3755 vere
1654 3718 1754 3754 tra-

728 3781 818 3834 dat
843 3781 1213 3833 custodiendos
1250 3804 1454 3834 amores
1475 3820 1489 3844 ‚
1527 3782 1615 3834 sed
1648 3797 1750 3834 tra-

727 3863 854 3914 dere
885 3862 1122 3925 simulet,
1144 3882 1250 3932 quo
1282 3863 1445 3933 magis
1475 3883 1534 3914 ex
1557 3863 1751 3933 impro-

725 3945 838 3993 viso
863 3940 1191 4013 lepidiusque
1220 3943 1381 3993 telum
1406 3944 1670 3995 satiricum
1697 3944 1748 3993 in

685 4057 690 4061 -
728 4041 847 4073 eum
876 4021 1206 4090 detorqueat,
1233 4035 1283 4073 et
1305 4042 1404 4092 pro
1426 4020 1641 4074 custode
1672 4024 1750 4072 in-

728 4101 1025 4153 sidiatorem
1056 4101 1329 4152 Aurelium
1369 4103 1615 4153 declaret.
1645 4104 1707 4153 N.

837 4179 1029 4233 1.Meos
1050 4201 1249 4241 amores,
1276 4182 1469 4233 amoris
1501 4182 1599 4233 mei
1627 4181 1753 4233 deli-

1831 3403 1967 3453 puer
1999 3383 2128 3445 suit,
2162 3404 2321 3454 quem
2359 3396 2558 3435 castum
2604 3384 2775 3437 velles
2821 3394 2868 3433 et

1838 3462 2202 3514 indelibatum.

1920 3563 1970 3611 7.
2000 3545 2119 3594 Istos
2150 3562 2211 3593 ex
2243 3543 2463 3613 populo.
2497 3543 2714 3594 Nomen
2760 3541 2862 3594 col·

1837 3623 2085 3674 lectivum
2106 3624 2311 3692 populus
2361 3622 2645 3692 saepissime
2678 3622 2873 3691 excipit

1839 3703 2071 3773 pluralis.
2102 3730 2120 3747 ιι
2134 3703 2349 3753 Clamor
2369 3720 2770 3772 concursusque
2789 3721 2873 3772 po·

1839 3783 1969 3851 puli,
1992 3786 2260 3833 mirantium
2282 3781 2412 3851 quid
2440 3783 2514 3832 rei
2546 3797 2725 3834 esset·
2760 3783 2872 3833 Liv.

1842 3865 1899 3926 Ι,
1927 3869 1954 3918 Δ
1972 3881 2030 3913 1·
2018 3863 2193 3926 „conf
2219 3863 2622 3914 Drakenborch.
2654 3861 2731 3915 ad
2761 3862 2873 3913 Liv.

1841 3944 2069 4006 XXXV,
2102 3962 2216 4013 cap.
2256 3946 2355 4006 26,
2388 3938 2417 4001 S
2452 3962 2517 4009 9,
2557 3955 2591 3995 t
2624 3944 2738 4008 IV,
2763 3959 2875 4012 pag.

1842 4043 1873 4089 9
1888 4022 1953 4082 45
1973 4062 1988 4086 ‚
2011 4036 2061 4073 et
2082 4040 2214 4091 quos
2233 4021 2411 4074 laudat
2432 4023 2649 4074 Cortius
2676 4022 2749 4074 ad
2770 4021 2875 4073 Sal·

1842 4102 2053 4153 lustium
2069 4142 2081 4163 ,
2104 4102 2353 4171 Jugurth.
2370 4102 2643 4161 XXVIII,
2668 4121 2731 4162 n.
2755 4104 2873 4161 540.

1928 4185 1977 4235 8.
1994 4184 2051 4233 ln
2076 4204 2113 4234 r.
2130 4203 2184 4251 p.
2214 4204 2251 4232 s.
2278 4186 2497 4251 occupati
2519 4183 2755 4250 negotiis
2781 4181 2881 4232 suis
