2986 4935
720 457 853 529 152

1231 462 1307 527 C.
1342 459 1775 524 VALERII
1833 457 2294 524 CATULLI

1018 590 1171 673 Ille,
1210 592 1263 658 si
1308 591 1404 659 fas
1445 605 1577 676 est,
1616 614 1924 684 superare
1960 591 2200 672 Divos,

1018 697 1152 785 Qui
1197 696 1426 765 sedens
1468 696 1782 765 adversus
1826 695 2162 764 itentidem
2198 709 2261 763 te

703 881 932 932 minibus
963 882 1245 950 juvamur,
1287 878 1373 929 sed
1414 878 1634 929 feliciter
1662 879 1715 929 iu

699 961 764 1012 iis
786 957 1190 1030 interpretandis
1217 959 1470 1010 versaturi
1487 995 1502 1019 ,
1530 976 1716 1009 eorum

698 1058 903 1091 sensum
925 1039 1101 1109 potius
1114 1039 1258 1109 quasi
1279 1036 1516 1099 induere,
1532 1054 1715 1087 eorum

702 1130 898 1171 statum
926 1132 978 1171 et
1001 1117 1359 1170 conditionem
1388 1116 1564 1168 subire
1587 1128 1639 1167 et
1660 1115 1715 1166 in

702 1198 878 1250 animo
906 1210 1086 1249 nostro
1120 1198 1172 1248 in
1208 1216 1390 1249 eorum
1417 1198 1594 1248 locum
1624 1213 1719 1246 nos

703 1295 976 1347 surrogare
1016 1275 1284 1329 debemus.
1318 1278 1378 1327 In
1410 1294 1570 1345 quam
1606 1292 1717 1326 rem

701 1355 823 1408 vide
839 1395 853 1418 ,
879 1375 995 1426 quae
1018 1356 1264 1427 praeclare
1292 1354 1526 1426 disputat
1550 1355 1720 1423 Heyue

703 1435 772 1488 ad
807 1436 1016 1488 Tibull.
1060 1433 1127 1486 de
1167 1434 1337 1487 codic.
1377 1447 1428 1486 et
1470 1432 1619 1486 editt.
1663 1450 1716 1500 p.

707 1516 872 1580 XVI,
899 1513 983 1568 ed.
1014 1533 1136 1566 nov.
1161 1513 1311 1566 Idem
1335 1516 1469 1566 valet
1496 1512 1562 1565 de
1594 1511 1719 1564 ulti-

703 1613 789 1647 ma
811 1595 1025 1664 stropha
1049 1593 1186 1662 παρὰ
1208 1591 1505 1664 προσδοκίαν
1531 1593 1718 1645 carmi-

705 1675 762 1726 ni
789 1687 968 1726 nostro
996 1671 1174 1725 addita
1191 1710 1206 1737 ,
1239 1691 1342 1743 qua
1373 1692 1435 1724 ex
1461 1690 1579 1724 meo
1603 1671 1721 1741 qui·

710 1751 832 1806 dem
863 1772 1013 1805 sensu
1048 1753 1274 1805 maxima
1302 1753 1519 1804 omnino
1551 1750 1722 1802 eidem

705 1834 1018 1886 conciliatur
1074 1830 1298 1901 dignitas
1355 1844 1407 1883 et
1471 1833 1719 1898 majestas.

711 1911 876 1976 Quod
909 1913 947 1963 si
975 1912 1117 1963 enim
1146 1912 1241 1963 tibi
1284 1911 1498 1963 finxeris
1537 1910 1722 1962 Catul-

705 1993 817 2044 lum
830 2034 846 2059 ‚
864 2012 1027 2063 quum
1047 1991 1390 2043 imitationem
1407 1990 1722 2061 Sapplxicam

711 2071 776 2124 ad
808 2073 1046 2124 Lesbiam
1074 2089 1218 2121 suam
1247 2071 1542 2122 translatam
1576 2088 1723 2139 paene

711 2152 952 2216 finierat,
999 2150 1180 2202 seriori
1220 2151 1535 2218 cogitatione
1572 2150 1724 2199 insti-

711 2244 828 2283 tuta
865 2244 917 2282 et
948 2249 1097 2282 causa
1130 2230 1294 2281 insani
1325 2229 1518 2282 amoris
1555 2241 1606 2280 et
1644 2228 1723 2278 in·

711 2312 971 2383 eptiarum
992 2310 1044 2361 in
1063 2312 1160 2360 otio
1178 2308 1406 2374 inventa,
1430 2320 1545 2378 post
1564 2308 1722 2357 breve

713 2391 965 2460 temporis
990 2388 1318 2439 intervallum
1343 2389 1396 2438 in
1425 2388 1537 2440 haec
1569 2388 1724 2438 verba

713 2472 942 2540 erupisse
964 2488 976 2520 ε
1005 2467 1220 2519 -Otium
1241 2467 1444 2519 Catulle
1461 2506 1475 2529 ‚
1500 2466 1595 2519 tibi
1616 2486 1725 2517 mo-

712 2551 899 2601 lestum
927 2558 1032 2610 est,
1051 2571 1071 2592 ·
1106 2545 1247 2598 haud
1270 2546 1406 2609 scio,
1439 2565 1505 2597 an
1528 2546 1616 2596 hic
1645 2547 1723 2596 lo-

713 2648 804 2680 cus
825 2630 960 2680 inter
982 2625 1634 2695 praestantissimOsCatulli
1653 2627 1726 2675 lo·

713 2726 801 2761 cos
837 2703 1107 2757 habendus
1141 2718 1192 2757 et
1232 2705 1484 2774 gravitate
1529 2704 1726 2756 caeteris

717 2787 961 2839 omnibus
979 2785 1331 2854 praeferendus
1349 2784 1444 2835 sit?
1464 2817 1541 2824 -—
1556 2785 1620 2835 In
1634 2802 1721 2834 eo-

713 2866 832 2920 dem
861 2866 1019 2917 animi
1047 2877 1179 2917 statu
1198 2903 1212 2927 ,
1238 2883 1344 2934 quo
1364 2864 1550 2916 ultima
1565 2864 1725 2932 hujus

713 2946 960 2999 carminis
991 2945 1205 3015 stropha
1236 2944 1429 3012 scripta
1455 2956 1560 3005 est,
1597 2944 1720 2994 scri·

718 3038 866 3096 ptum
913 3025 1068 3076 etiam
1105 3022 1316 3076 videtur
1348 3024 1526 3075 Carm.
1553 3022 1724 3073 VIII:

722 3106 914 3158 «Miser
936 3104 1141 3157 Catulle
1156 3143 1169 3163 ,
1199 3102 1400 3154 desinas
1421 3102 1645 3171 ineptire
1665 3121 1677 3154 :
1697 3128 1718 3149 a

716 3199 769 3238 et
810 3187 882 3237 sic
927 3203 1059 3252 saepe
1105 3181 1250 3253 apud
1288 3194 1517 3233 amantes
1563 3199 1726 3251 repu-

713 3276 928 3334 gnantes
954 3264 1106 3332 plane
1125 3262 1345 3314 invicem
1370 3281 1423 3313 se
1454 3261 1727 3330 excipiunt

715 3344 873 3395 animi
922 3353 1109 3393 motus.
1143 3341 1228 3392 Sic
1272 3340 1517 3392 Tibullus
1556 3341 1613 3405 I,
1661 3348 1728 3406 4,

717 3423 788 3493 75
814 3455 893 3463 --
918 3423 984 3471 81
1006 3459 1021 3483 ,
1058 3421 1146 3489 qui
1187 3419 1345 3471 modo
1379 3422 1635 3489 jactanter
1672 3439 1726 3472 se

714 3503 980 3572 professus
1012 3501 1180 3550 fuerat
1195 3499 1513 3569 .magistrum
1541 3499 1725 3568 spretis

713 3579 1066 3640 amatoribus,
1104 3592 1156 3631 et
1187 3579 1399 3629 cuilibet
1432 3596 1485 3629 se
1518 3576 1724 3630 adituro

715 3662 937 3711 Veneris
970 3670 1227 3729 piaecepta
1258 3658 1603 3727 promiserat,
1636 3676 1723 3709 eo-

711 3738 831 3791 dem
857 3755 961 3789 tere
991 3752 1257 3788 momento
1280 3756 1329 3788 v.
1361 3739 1429 3789 82
1463 3737 1617 3800 infra,
1641 3737 1722 3786 fu-

710 3820 814 3881 rit,
844 3837 940 3870 nec
973 3818 1076 3868 ulla
1108 3830 1218 3868 arte
1244 3814 1502 3866 indomito
1530 3817 1721 3867 amoris

709 3897 877 3950 furori
898 3896 1134 3949 resistere
1156 3908 1339 3964 potest.
1359 3895 1442 3947 Sic
1462 3893 1601 3965 apud
1614 3896 1715 3947 Te·

708 3977 942 4029 rentium
977 3978 1031 4027 in
1065 3974 1325 4027 Eunucho
1358 3973 1628 4037 Phaedria,
1664 3976 1717 4025 in

709 4059 857 4126 cujus
883 4057 1014 4107 mira
1043 4067 1151 4106 arte
1178 4053 1487 4106 adumbrato
1514 4056 1717 4107 charac-

706 4149 812 4188 tere
846 4135 1288 4187 absolutissimum
1323 4134 1430 4186 veri
1472 4136 1713 4187 amatoris

1809 877 1969 928 habes
2016 877 2315 946 exemplum
2338 912 2354 938 ,
2406 874 2569 928 modo
2616 888 2827 936 aestuat,

1810 954 1970 1007 modo
2001 956 2162 1007 animi
2193 954 2471 1007 mollitiem
2499 955 2689 1027 ejicere
2715 969 2826 1008 teu-

1811 1048 1910 1094 tat‚
1955 1033 2117 1086 modo
2155 1034 2224 1087 ad
2265 1035 2537 1106 pristinam
2570 1036 2826 1087 insaniam

1808 1113 1966 1166 redit.
1986 1114 2192 1167 —Nec
2219 1128 2390 1167 tamen
2419 1115 2475 1166 in
2507 1133 2689 1167 amore
2716 1128 2829 1168 tau-

1811 1206 1928 1245 tum
1977 1192 2236 1263 ejusmodi
2280 1194 2646 1247 conversiones
2691 1194 2828 1266 apud

1811 1292 2027 1343 magnos
2058 1287 2110 1326 et
2140 1274 2333 1344 lyricos
2361 1273 2625 1344 principue
2651 1287 2829 1344 poetas

1811 1354 1988 1406 locum
2007 1353 2219 1418 habent,
2242 1351 2333 1406 sed
2352 1353 2509 1405 etiam
2529 1353 2583 1404 in
2602 1365 2830 1406 tractan-

1814 1430 1895 1485 dis
1934 1432 2047 1484 aliis
2086 1451 2265 1485 rerum
2301 1432 2624 1502 argumentis
2664 1452 2828 1504 quum

1810 1512 2137 1581 gravioribus
2152 1525 2265 1565 tum
2283 1511 2517 1565 ludicris.
2532 1510 2618 1563 Sic
2639 1512 2831 1565 Noster

1813 1611 1971 1661 supra
1994 1592 2168 1644 Carm.
2190 1593 2378 1656 XXII,
2400 1604 2683 1663 postquam
2704 1594 2831 1644 salse

1812 1671 2185 1741 perstrinxerat
2212 1672 2417 1724 Suffeni
2438 1673 2693 1741 φιλαυτίαν
2710 1710 2727 1737 ,
2749 1691 2831 1724 re·

1813 1763 1968 1821 pente
1984 1751 2049 1803 ad
2064 1769 2116 1803 se
2132 1751 2272 1803 redit
2285 1771 2361 1803 vs.
2380 1769 2401 1801 1
2415 1753 2468 1815 8,
2483 1750 2577 1802 ubi
2594 1750 2669 1801 cf.
2685 1770 2834 1821 argu·

1812 1843 2066 1884 mentum.
2086 1830 2250 1883 —Cfi
2274 1849 2393 1902 quae
2416 1829 2484 1881 de
2506 1829 2597 1882 illa
2614 1831 2834 1901 strophe

1813 1910 2080 1979 ingeniose
2120 1909 2350 1980 disputat
2396 1910 2572 1962 Abbas
2611 1909 2833 1962 Amaud

1816 1990 1958 2040 Me'm.
1997 1989 2057 2039 dc
2096 1990 2299 2042 l’Acad.
2331 1989 2411 2040 des
2453 1992 2569 2040 ἱππ.
2606 2001 2658 2038 et
2701 1991 2832 2042 Bell.

1814 2069 1939 2121 Lete.
1965 2082 2001 2120 t.
2031 2070 2235 2132 XLIX,
2268 2088 2321 2139 p.
2350 2066 2456 2131 245
2476 2105 2489 2124 .
2517 2085 2640 2121 cum
2670 2069 2832 2121 Doer.

1814 2149 2156 2199 consentiens.
2180 2146 2433 2201 N.-Sed
2452 2160 2512 2199 ut
2529 2147 2584 2199 in
2608 2149 2835 2217 gratiam

1813 2225 2025 2278 redeam
2047 2247 2170 2279 cum
2196 2228 2257 2280 iis
2273 2267 2287 2291 ,
2310 2227 2503 2298 quibus
2517 2226 2655 2280 levia
2677 2227 2836 2290 forte,

1815 2325 1930 2376 quae
1953 2307 2006 2357 in
2032 2307 2167 2358 hanc
2196 2326 2307 2359 rem
2333 2320 2560 2360 attexere
2584 2308 2837 2372 sustinui,

1815 2384 2094 2438 videantur
2106 2425 2119 2449 ,
2142 2406 2408 2457 opponam
2426 2406 2568 2439 nunc
2587 2386 2839 2458 Sapphus

1815 2464 2035 2518 odarion
2053 2509 2067 2529 ,
2086 2480 2143 2519 ut
2162 2467 2350 2537 legitur
2374 2464 2509 2519 illud
2532 2466 2675 2537 apud
2695 2469 2840 2521 Lou-

1813 2547 1918 2614 giu.
1938 2564 2001 2597 ex
2022 2547 2321 2599 recensione
2335 2547 2473 2598 Mori
2490 2566 2545 2616 p.
2563 2550 2835 2601 62-66:

1824 2651 1845 2670 ι
1863 2626 2093 2679 Φαίνεταί
2126 2647 2206 2683 μοι
2234 2633 2369 2687 κῆνος
2398 2627 2498 2686 ἴσος
2523 2630 2695 2678 θεοῖσιν
2730 2618 2838 2698 Ep.-

1818 2713 1921 2774 μεν’
1953 2707 2106 2776 ὡνὴρ,
2139 2707 2270 2766 ὅστις
2303 2706 2512 2766 ἐναντίος
2548 2726 2623 2772 τοι
2656 2698 2838 2772 Ῐζοὶνει,

1815 2784 1896 2835 καὶ
1911 2788 2114 2837 πλασὶον
2130 2781 2225 2837 ἁδὺ
2239 2786 2562 2851 savoa—ea<
2576 2786 2841 2852 ὖπουωὺιι,

1815 2864 1916 2916 Καὶ
1942 2866 2104 2933 γελοίὶς
2136 2866 2345 2935 ἱμερόεν·
2376 2867 2433 2917 τό
2466 2887 2548 2935 μοι
2583 2868 2674 2917 τὰν
2702 2872 2841 2936 Καρ·

1813 2938 1925 2994 δίαν
1968 2947 2013 2995 ἐν
2054 2945 2275 2999 στήθεσιν
2318 2946 2556 2997 ἐπτόασεν
2574 2964 2588 2976 ·
2627 2934 2702 3004 ὡς
2741 2948 2837 3016 γὰρ

1815 3018 1933 3074 εἴδω
1960 3044 2012 3076 σι
2031 3061 2044 3079 ,
2078 3026 2286 3095 βροχέως
2311 3045 2370 3094 με
2392 3028 2547 3093 φωνᾶς
2573 3020 2739 3077 Οὐδὲν
2766 3029 2839 3077 ἔτ’

1814 3103 1903 3154 ἵκει
1927 3126 1938 3137 ·
1964 3096 2096 3158 Ᾱλλὰ
2133 3104 2325 3174 καμμὶν
2353 3110 2556 3173 γλῶσσα
2580 3105 2697 3174 ἔαγε
2718 3127 2731 3139 ·
2756 3113 2837 3158 λι-

1814 3185 1936 3234 πτὸν
1963 3178 2015 3233 δ’
2040 3185 2230 3236 Αὐτίκα
2250 3190 2348 3253 χρῷ
2373 3189 2465 3253 πῦρ
2487 3179 2840 3256 ὖποδεδρόμα-

1816 3282 1892 3313 κεν
1912 3284 1923 3294 ·
1944 3253 2269 3315 &naeinam
2290 3258 2342 3313 δ’
2364 3260 2503 3315 οὐδὲν
2523 3264 2681 3333 &puy-⁹.
2704 3266 2840 3335 ίπιῤ-

1814 3342 1905 3410 ῥομ.
1922 3374 2000 3382 -
2024 3344 2158 3405 βεῦσι
2183 3338 2236 3392 δ’
2257 3343 2447 3395 ἀκουαί.
2474 3368 2496 3387 ι

1900 3439 1949 3473 1.
1982 3420 2127 3474 Mihi.
2162 3422 2332 3473 Poetae
2363 3425 2428 3472 mi
2455 3440 2554 3492 pro
2587 3424 2706 3474 mihi
2741 3442 2835 3476 sn-

1813 3498 1932 3569 pius
1967 3499 2238 3552 adhibent.
2283 3502 2492 3553 Lucret.
2527 3501 2612 3551 111
2633 3540 2651 3565 ,
2699 3508 2833 3565 106,

1814 3579 1966 3648 Virg.
1986 3583 2084 3631 AEn
2096 3620 2108 3631 .
2123 3581 2221 3642 VI,
2247 3599 2266 3632 1
2283 3587 2376 3645 04,
2393 3593 2445 3633 et
2459 3579 2703 3635 Catullus
2720 3584 2836 3654 ipse

1812 3676 1860 3710 c.
1890 3659 1959 3721 V,
1997 3678 2028 3728 7
2048 3697 2064 3723 ,
2098 3660 2249 3724 XIV,
2296 3678 2360 3712 ιο
2390 3670 2442 3711 et
2470 3659 2611 3713 alibi.
2644 3663 2836 3734 Itaque

1812 3737 1969 3789 velim
1994 3738 2083 3789 hic
2104 3738 2310 3792 restitui
2329 3743 2397 3791 mi
2413 3779 2427 3801 ,
2453 3751 2514 3791 ut
2531 3739 2836 3811 sapphicus

1811 3817 2002 3869 rectius
2039 3819 2308 3883 consistat,
2343 3817 2435 3889 qui
2482 3819 2776 3873 trochaeum
2814 3860 2832 3883 ,

1806 3916 1913 3948 non
1943 3895 2241 3969 dactylum,
2270 3898 2324 3949 in
2344 3898 2513 3967 prima
2540 3897 2667 3953 sede
2694 3903 2833 3955 reci·

1809 3995 1931 4046 pere
1954 3978 2100 4029 solet.
2138 3978 2203 4028 N.

1889 4055 1936 4107 3.
1986 4057 2160 4108 Sedens
2204 4057 2424 4109 adt-ersus
2442 4098 2455 4118 ,
2506 4076 2536 4108 e
2580 4058 2801 4129 regione
2820 4100 2835 4123 ,

1805 4136 2032 4193 ἐναντίος.
2065 4136 2418 4206 Francogalli:
2444 4141 2521 4187 vis
2546 4139 2579 4187 ὀ
2601 4143 2699 4189 vis.
