2986 4935
703 407 850 477 226
1231 412 1303 476 C.
1350 412 1782 478 VALERII
1842 414 2308 484 CATULLI

700 566 875 599 causas
901 561 952 598 et
977 559 1190 598 eventus
1218 545 1478 613 declaret;
1509 561 1561 599 et
1591 547 1716 600 hinc
1745 547 2116 617 explicandum
2141 569 2326 602 censeo
2354 549 2487 602 illud
2500 554 2693 619 [ει-ωτι,
2712 573 2804 622 pen-

702 627 889 687 hibent,
925 638 975 677 et
1017 623 1071 677 id
1098 645 1262 695 genus
1299 627 1432 688 alia,
1462 645 1578 697 quae
1615 628 1803 697 passim
1848 629 1898 678 in
1943 628 2040 678 hac
2066 629 2373 681 *narratione
2413 645 2709 685 occurrunt.
2738 665 2800 673 -—

703 705 1039 776 Conspicitur
1065 719 1240 757 autem
1273 706 1326 757 in
1364 707 1446 757 illa
1484 719 1625 758 veste
1663 708 1885 776 stragula
1917 707 2155 777 primum
2184 705 2471 774 Ariadnes,
2506 729 2537 762 e
2570 712 2697 763 Naxi
2730 712 2805 762 lit-

701 798 845 849 tore,
883 785 968 836 ubi
1010 786 1095 836 illa
1136 784 1338 837 deserta
1379 786 1796 850 erat,Theseum
1836 788 1888 838 in
1926 788 2048 856 fuga
2078 806 2105 838 e
2133 788 2422 858 longinquo
2453 790 2621 842 oculis
2648 810 2805 861 perse-

701 866 933 936 quentis,
966 865 1171 934 egregie
1201 863 1509 916 adumbrata
1542 866 1735 934 imago.
1764 866 1954 918 Misera
1988 867 2161 936 puella
2196 867 2250 918 in
2288 868 2382 919 illo
2424 869 2538 939 ipso
2571 870 2808 941 temporis

699 945 924 996 articulo
943 983 956 1006 ,
981 962 1091 1013 quo
1123 944 1358 1014 primum
1391 963 1575 994 somno
1603 945 1766 995 excita
1796 963 1850 996 se
1880 945 2114 997 relictam
2147 948 2334 1010 sentit,
2358 947 2526 1000 oculis
2554 948 2608 1000 in
2638 967 2806 1001 navem

699 1025 890 1075 Thesei
931 1024 1101 1092 plenis
1136 1023 1264 1074 velis
1295 1023 1586 1074 avolantem
1621 1024 1868 1092 conjectis
1902 1044 2047 1074 saxea
2080 1037 2135 1076 ut
2170 1025 2353 1094 effigies
2388 1026 2660 1079 bacchantis
2698 1048 2807 1099 pro-

699 1105 881 1174 spicit,
910 1104 1068 1154 lueret
1091 1103 1309 1154 attonita
1325 1141 1338 1164 ,
1369 1116 1417 1153 et
1440 1102 1638 1172 ingenti
1663 1122 1907 1153 curarum
1939 1115 2063 1155 aestu
2086 1105 2401 1158 fluctuat.—
2416 1107 2564 1170 Jam,
2586 1107 2627 1158 si
2648 1109 2807 1159 obser·

703 1184 901 1234 vareris
919 1219 934 1242 ,
965 1201 1258 1232 sermonem
1283 1183 1372 1233 hic
1399 1201 1507 1232 esse
1529 1180 1595 1232 de
1622 1183 1858 1251 pictura,
1890 1182 1940 1232 in
1971 1202 2073 1253 qua
2090 1222 2104 1246 ,
2130 1197 2186 1235 ut
2208 1186 2454 1254 pra-clare
2475 1187 2528 1237 in
2555 1188 2810 1238 Laocoonte

700 1262 883 1314 ‹locuit
924 1263 1229 1329 Lessinge'us‚
1263 1261 1646 1311 nobilissimum
1687 1273 1737 1310 et
1779 1263 2090 1331 ἐνεργότατον
2124 1264 2345 1316 actionis
2376 1279 2703 1317 momentum
2733 1284 2809 1317 ex·

702 1343 863 1411 primi
893 1341 1050 1392 debet
1078 1342 1144 1391 ab
1169 1341 1400 1401 artifice3
1430 1337 1559 1409 quid
1578 1378 1591 1401 ,
1622 1357 1796 1410 quaeso
1814 1379 1828 1403 ,
1860 1341 2123 1393 efficacius
2148 1341 2214 1394 ad
2244 1356 2594 1413 spectatorum
2623 1346 2812 1396 animos

701 1421 886 1472 dolore
926 1434 973 1472 et
1013 1419 1466 1470 commiseratione
1496 1418 1881 1488 permovendos
1907 1421 2125 1490 cogitari
2154 1435 2352 1492 potest,
2381 1441 2539 1492 quam
2574 1425 2650 1476 sic
2692 1438 2740 1477 et
2767 1426 2811 1475 in

703 1502 803 1552 hoc
833 1500 1155 1570 potissimum
1198 1512 1330 1549 statu
1360 1498 1621 1567 descripta
1665 1498 1920 1561 Ariadne,
1954 1519 2093 1570 quae,
2128 1503 2195 1552 ab
2232 1515 2459 1555 amatore
2491 1500 2737 1556 derelicta
2765 1503 2812 1555 in

703 1578 986 1631 solitudine
1019 1577 1206 1629 deserti
1231 1578 1449 1641 littoris,
1474 1578 1640 1629 oculis
1668 1576 1928 1629 desiderio
1953 1579 2331 1631 tabescentibus
2363 1581 2416 1632 in
2449 1599 2593 1634 mare
2621 1595 2811 1635 vastum

705 1660 983 1730 prospicit!
1020 1658 1188 1708 Habet
1220 1657 1320 1708 hoc
1352 1658 1522 1725 ipsum
1559 1658 1792 1708 horroris
1823 1656 2024 1728 aliquid
2046 1697 2060 1721 ,
2090 1659 2286 1729 fingere
2323 1660 2422 1711 sibi
2453 1661 2727 1714 hominem
2756 1660 2814 1712 ad

707 1739 986 1807 mugientis
1012 1738 1168 1787 maris
1188 1737 1377 1786 fluctus
1400 1736 1451 1787 in
1479 1737 1652 1786 littore
1677 1737 1910 1806 querelas
1933 1735 2239 1789 fundentem
2256 1778 2270 1803 ,
2299 1738 2441 1791 unde
2456 1743 2563 1809 jam
2589 1741 2815 1794 Homero

704 1819 844 1869 littus
870 1815 1150 1869 fundendis
1173 1816 1415 1885 precibus
1444 1828 1493 1865 et
1519 1817 1745 1884 querelis
1771 1816 1917 1868 locus
1950 1817 2243 1886 aptissimus
2268 1818 2408 1871 visus
2435 1832 2530 1871 est.
2551 1819 2685 1872 Vid.
2713 1841 2817 1893 quae

706 1898 1000 1949 notavimus
1023 1895 1088 1947 ad
1115 1897 1286 1946 Carni.
1315 1895 1525 1956 LXIII,
1550 1897 1637 1955 48.
1669 1897 1851 1964 Neque
1874 1895 2003 1947 illud
2028 1897 2526 1967 praetermittendum
2550 1912 2656 1964 est,
2684 1899 2816 1972 quod

708 1990 860 2047 poeta
888 1995 1096 2027 summo
1124 1972 1307 2025 dolore
1335 1991 1630 2044 percussam
1663 1972 1927 2025 Ariadnen
1956 1994 2127 2046 neque
2158 1995 2331 2028 comas
2360 1978 2457 2029 sibi
2488 1979 2819 2042 evellentem,

708 2075 879 2126 neque
903 2070 1114 2126 pectora
1144 2052 1450 2104 tundentem
1470 2092 1484 2116 ,
1516 2072 1687 2122 neque
1717 2055 1816 2104 alia
1850 2056 2041 2105 summi
2073 2056 2243 2107 luctus
2275 2058 2418 2127 signa
2452 2055 2699 2111 edentem
2727 2057 2814 2120 [cs.

708 2156 759 2189 v.
796 2135 929 2198 223,
954 2149 1003 2186 et
1030 2135 1097 2185 35
1116 2153 1132 2184 r
1166 2132 1310 2203 sqq.]
1331 2171 1345 2195 ,
1365 2132 1455 2184 sed
1487 2146 1702 2203 stupore
1733 2145 1930 2184 tantum
1961 2131 2186 2186 defixam
2204 2173 2220 2202 ‚
2242 2149 2295 2188 et
2318 2137 2521 2189 cultum
2540 2139 2814 2208 puellarem

709 2216 1055 2285 negligentem
1089 2214 1344 2281 sapienter
1366 2212 1697 2274 exhibuerit,
1724 2211 1866 2283 quod
1891 2212 2105 2282 quidem
2129 2214 2303 2285 ipsum
2333 2216 2522 2285 insigni
2558 2219 2705 2287 ejus,
2729 2236 2818 2290 qua

709 2295 927 2365 praedita
963 2294 1091 2353 fuit,
1130 2293 1309 2342 formae
1348 2290 1738 2360 pulchritudini
1769 2289 1847 2351 [v.
1893 2295 1996 2360 89,
2027 2291 2161 2360 9o,]
2204 2313 2404 2346 novum
2446 2294 2598 2348 addit
2636 2298 2819 2350 lenoci-

714 2375 876 2425 nium.
892 2371 1050 2437 Quod
1083 2372 1240 2438 igitur
1261 2371 1567 2421 recentioris
1590 2371 1716 2421 artis
1735 2370 1915 2424 Critici
1940 2385 1988 2423 et
2016 2374 2356 2442 elegantiores
2374 2393 2511 2426 verte
2527 2376 2816 2446 pulchritu-

712 2454 851 2505 dinis
874 2463 1184 2521 spectatores
1215 2450 1551 2520 praecipiunt,
1573 2452 1856 2519 pictoribus
1880 2451 2251 2523 lictoribusque
2273 2454 2560 2525 imaginum
2582 2455 2638 2507 in
2659 2457 2821 2529 expri-

717 2532 920 2583 mendis
952 2531 1112 2582 animi
1149 2530 1627 2598 perturbationibus
1659 2531 1734 2580 vel
1772 2530 1995 2582 maxime
2030 2532 2323 2585 cavendum
2357 2553 2495 2600 esse,
2532 2555 2601 2587 ne
2634 2538 2820 2588 oriatur

719 2610 987 2681 turpitudo
1025 2622 1074 2659 et
1114 2607 1448 2671 deformitas,
1491 2606 1577 2660 fed
1619 2611 1902 2660 venustatis
1935 2623 1984 2661 et
2025 2609 2227 2664 decoris
2257 2612 2537 2683 diligenter
2575 2614 2821 2669 habeatur

717 2692 880 2753 ratio,
917 2689 969 2740 id
1015 2688 1254 2757 apprime
1293 2705 1318 2736 a
1353 2701 1502 2757 poeta
1529 2701 1706 2739 nostro
1738 2691 2070 2740 observatum
2110 2711 2247 2756 esse,
2278 2711 2382 2744 non
2419 2694 2535 2745 sine
2562 2696 2820 2766 voluptate

717 2768 1196 2821 animadvertimus.
1223 2766 1358 2818 Vide
1389 2786 1504 2837 quae
1543 2766 1609 2818 ad
1642 2769 1951 2819 Laocoonte-m
1998 2771 2233 2840 Lessinge'i
2262 2772 2561 2825 observavit
2590 2775 2821 2825 Her-clerus

721 2851 846 2900 olim
878 2850 927 2900 in
967 2850 1096 2901 Silva
1135 2849 1315 2898 (Tr-ieie«
1350 2847 1470 2898 Vol.
1508 2848 1589 2910 ΙΙ,
1619 2865 1735 2917 pag.
1777 2854 1884 2909 244
1907 2888 1920 2911 ,
1944 2848 2080 2901 adde
2110 2851 2415 2919 Hagedornii
2442 2852 2821 2923 Betmchtungw

720 2931 835 2979 iiber
867 2931 943 2980 die
978 2928 1210 2999 Malerey‚
1251 2941 1346 2979 etc.
1366 2966 1380 2990 ,
1406 2927 1482 2977 IX
1502 2965 1517 2989 ,
1551 2945 1666 2996 pag.
1713 2930 1835 2979 108.
1870 2928 1977 2979 Nec
2012 2930 2233 2981 multum
2263 2930 2584 2984 intercedam
2603 2973 2620 2998 ,
2648 2934 2690 2986 si
2717 2935 2823 3004 quis

721 3024 886 3080 poetae
918 3012 969 3061 in
1012 3009 1109 3060 hac
1149 3006 1406 3058 Ariadnes
1441 3004 1804 3057 adumbrantia
1838 3007 2062 3076 imagine
2093 3028 2269 3060 veram
2304 3010 2533 3080 aliquam
2566 3014 2822 3083 picturam

723 3092 802 3140 vel
837 3104 1051 3141 statuam
1088 3100 1226 3139 certe
1255 3087 1325 3135 ob
1362 3086 1542 3138 oculos
1566 3098 1814 3137 versatam
1849 3106 1955 3137 esse
1981 3087 2261 3139 contendat
2289 3103 2340 3141 et
2374 3090 2472 3140 sibi
2498 3092 2823 3160 persuadeat.

722 3171 976 3221 Placuisse
1001 3169 1139 3218 enim
1169 3166 1268 3217 hoc
1289 3180 1653 3234 argumentum
1685 3167 1739 3215 in
1759 3165 2068 3235 antiquitate
2094 3168 2405 3233 artificibus,
2424 3170 2504 3222 vel
2537 3190 2602 3223 ex
2628 3173 2691 3224 iis
2719 3192 2824 3224 mo-

722 3249 1021 3309 numentis,
1062 3264 1286 3314 qnorum
1323 3244 1574 3295 memoria
1614 3243 1677 3294 ad
1710 3264 1805 3296 nos
1844 3244 2108 3314 pervenit,
2138 3246 2348 3298 abunde
2384 3262 2543 3318 patet.
2580 3252 2828 3321 Inprimis

724 3329 880 3397 digna
926 3340 997 3377 est
1041 3343 1155 3393 quae
1195 3325 1496 3373 conferatur
1527 3323 1729 3392 pictura
1767 3324 1820 3374 in
1849 3328 2049 3393 picturis
2087 3326 2517 3379 Her-calanensibus
2536 3369 2551 3391 ,
2585 3342 2721 3384 tom.
2754 3332 2824 3393 ll,

724 3408 824 3457 tab.
869 3413 932 3467 14
959 3445 972 3468 ,
1002 3405 1068 3455 cf.
1106 3402 1241 3453 Plin.
1271 3403 1398 3452 Hist.
1432 3402 1550 3454 Nat.
1580 3404 1754 3464 XXV,
1780 3404 1858 3466 II,
1891 3404 1943 3456 S.
1972 3404 2074 3468 35,
2102 3418 2152 3456 et
2173 3406 2345 3457 lunius
2375 3411 2423 3457 in
2457 3408 2624 3460 Indice
2656 3410 2824 3479 Artifi-

725 3506 826 3534 cum
851 3503 887 3534 s.
917 3504 964 3534 v.
996 3482 1248 3533 Aristides.
1275 3514 1351 3521 —
1377 3482 1644 3551 Proposita
1667 3494 1839 3532 autem
1866 3482 1963 3534 hac
1987 3483 2239 3536 Ariadnes
2262 3486 2517 3556 imagine,
2542 3488 2659 3558 ipse
2679 3502 2824 3562 poeta

729 3577 896 3634 partes
929 3564 1031 3631 agit
1061 3562 1387 3630 interpretis,
1429 3574 1479 3611 et
1511 3559 1575 3611 ad
1607 3561 1831 3611 fabulam
1863 3561 1929 3613 de
1959 3580 2138 3614 amore
2172 3564 2430 3616 Ariadnes
2460 3579 2510 3618 et
2555 3567 2701 3620 caede
2730 3569 2827 3620 Mi-

723 3644 926 3694 notauri
953 3643 1104 3693 latius
1130 3638 1493 3709 explicandam
1523 3641 1707 3710 pergit.
1731 3673 1811 3680 —-
1836 3641 1977 3692 Hinc
2009 3640 2075 3693 ad
2111 3643 2285 3695 locum
2315 3646 2743 3714 pulcherrimum
2765 3646 2828 3699 de

720 3724 875 3774 variis
901 3722 1060 3773 animi
1090 3719 1551 3783 commotionibus,
1576 3720 1765 3788 quibus
1792 3720 1987 3771 misella
2018 3721 2102 3771 illa
2127 3723 2363 3792 agitatur,
2388 3725 2828 3795 progreditur;et

723 3817 838 3872 post
868 3802 996 3862 alia,
1028 3820 1142 3871 quae
1165 3818 1371 3851 summo
1397 3797 1569 3848 dolori
1601 3800 1947 3861 conveniunt,
1979 3799 2217 3852 dirarum
2249 3800 2503 3874 denique,
2529 3807 2724 3876 quibus
2749 3807 2832 3859 illa

720 3895 874 3954 caput
906 3881 1095 3931 Thesei
1119 3878 1338 3930 devovet
1361 3917 1375 3939 ,
1408 3877 1671 3928 mentione
1703 3878 1884 3945 injecta
1908 3918 1922 3941 ,
1943 3878 2009 3930 ad
2044 3898 2250 3949 poenam
2268 3901 2457 3952 ,quam
2480 3901 2605 3935 mox
2639 3904 2671 3937 a
2691 3886 2829 3937 The·

718 3981 805 4012 seo
839 3961 1103 4030 repetierit
1131 3958 1339 4026 Jupiter
1357 3995 1370 4017 ‚
1402 3956 1611 4019 transit,
1633 3956 1908 4027 fabulaque
1936 3956 2003 4009 de
2035 3963 2196 4029 AEgeo
2216 3998 2232 4023 ,
2260 3960 2315 4012 in
2338 3980 2483 4013 mare
2507 3981 2563 4015 se
2589 3965 2832 4036 praecipi·

718 4053 854 4092 tante
873 4074 888 4096 ‚
924 4039 1193 4091 subortam
1227 4036 1414 4086 sensim
1451 4054 1510 4085 ex
1539 4035 1728 4087 Thesei
1759 4035 1976 4105 perfidia
2003 4037 2053 4089 in
2078 4039 2266 4091 animis
2299 4040 2559 4095 lectorum
2584 4042 2828 4115 indigna·
