2986 4935
668 469 817 539 300

1185 476 1261 540 C.
1310 475 1747 541 VALERII
1805 475 2278 542 CATULLI

772 601 1008 669 Dulcia
1044 617 1387 673 nocturnae
1427 618 1700 698 portans
1734 606 2005 699 vestigia
2042 606 2235 690 rixae,

876 710 1097 800 Quam
1139 709 1220 777 de
1257 711 1567 804 virgineis
1603 725 1894 805 gesserat
1928 712 2200 779 exuviis.

770 817 973 882 Estne
1009 817 1199 884 novis
1232 818 1457 910 nuptis
1488 818 1642 885 odio
1670 811 1938 885 Venus?
1974 841 2146 885 anne
2183 832 2532 911 parentum
2733 844 2766 878 ιε

874 923 926 987 F
929 936 1305 989 rustrantur
1342 921 1519 991 falsis
1554 922 1793 1017 gaudia
1829 921 2219 1009 lacrimuliS,

776 1027 1073 1095 Ubertim
1109 1027 1381 1095 thalami
1414 1053 1578 1122 quas
1613 1031 1781 1096 intra
1813 1027 2036 1096 limina
2069 1028 2401 1097 fundunt?
2445 1041 2452 1044 '

877 1133 1062 1215 Non,
1102 1135 1193 1200 ita
1238 1159 1341 1200 me
1380 1136 1575 1220 Divi,
1616 1159 1770 1202 vera
1804 1149 2118 1228 gemunt,
2149 1135 2421 1228 juerint.

770 1239 846 1307 ld
886 1262 1030 1308 mea
1070 1264 1175 1306 me
1214 1239 1435 1308 multis
1467 1240 1695 1309 docuit
1730 1243 1958 1334 regina
1991 1241 2302 1333 querelis,

878 1346 1211 1412 Invisente
1248 1370 1425 1414 novo
1469 1346 1693 1440 praelia
1741 1362 1929 1414 torva
1979 1348 2140 1414 viro.

771 1454 857 1518 At
893 1465 963 1517 tu
999 1476 1132 1517 non
1176 1451 1411 1520 orbum
1451 1451 1614 1521 luxti
1657 1452 1912 1522 deserta
1951 1452 2201 1539 cubile,

674 1675 802 1715 tasse
848 1664 1005 1715 Poeta
1045 1665 1208 1717 vitare
1236 1666 1436 1730 noluit3
1467 1665 1538 1717 de
1568 1685 1694 1737 pro-

672 1740 827 1794 ducta
854 1744 1035 1794 ultima
1064 1744 1117 1794 in
1147 1763 1274 1796 voce
1297 1758 1464 1796 auctus
1489 1746 1558 1798 cf.
1575 1764 1691 1814 sup.

673 1818 738 1872 ad
772 1821 946 1874 Carm.
967 1824 1122 1874 LXII
1140 1860 1155 1884 ‚
1185 1833 1237 1887 4.

760 1902 836 1953 13.
865 1902 1043 1953 Dulcia
1082 1892 1316 1972 vestigio,
1360 1903 1590 1973 intellige
1635 1903 1695 1955 li·

675 2000 853 2034 vorem
895 2001 955 2033 ex
998 1983 1367 2034 morsiunculis
1408 1983 1692 2034 amatoriis.

675 2058 860 2112 Claud.
891 2061 944 2112 in
971 2061 1219 2114 Fescenn.
1238 2081 1290 2113 v.
1328 2081 1348 2113 1
1366 2064 1467 2113 26:
1505 2085 1524 2104 α
1552 2063 1692 2113 Tum

673 2140 840 2192 victor
876 2139 1090 2193 madido
1135 2141 1373 2211 prosilias
1403 2153 1552 2203 toro,
1583 2141 1694 2191 No-

674 2221 843 2271 cturni
873 2221 1102 2272 referens
1129 2222 1345 2272 vulnera
1370 2220 1554 2289 praelii.
1585 2245 1605 2265 ι

762 2306 845 2361 14.
871 2302 950 2350 De
989 2303 1172 2368 virgin.
1207 2319 1344 2349 erar.
1385 2297 1451 2350 de
1482 2299 1698 2368 virgini·

673 2380 789 2430 tatis
828 2379 1020 2450 spolio,
1063 2378 1129 2429 de
1167 2376 1436 2447 eripienda
1479 2391 1532 2429 et
1573 2397 1695 2447 spo-

678 2448 851 2512 lianda
875 2457 1190 2527 virginitate.

762 2557 783 2589 1
800 2541 849 2591 5.
880 2539 1037 2607 Atque
1054 2551 1306 2606 parentum
1334 2538 1385 2588 in
1418 2537 1567 2589 MSS.
1589 2537 1693 2589 Sta·

677 2618 754 2668 tii.
777 2618 948 2669 Male!
965 2648 1042 2658 —·
1060 2615 1142 2668 Ad
1169 2615 1536 2668 declarandam
1558 2636 1700 2668 amo·

678 2697 775 2756 ris,
817 2716 923 2766 quo
952 2715 1100 2747 novae
1133 2709 1309 2766 nuptae
1342 2696 1557 2747 maritos
1583 2716 1695 2747 am-

676 2776 1006 2844 plectuntur,
1061 2776 1474 2840 vehementiam,
1523 2775 1698 2845 lepide

672 2859 777 2925 jam
796 2869 970 2907 movet
986 2857 1152 2907 Coma
1164 2856 1440 2907 Berenices
1451 2853 1697 2920 dubium,

682 2948 855 2987 utrum
886 2935 1141 2999 lacrimae,
1166 2954 1292 3005 quas
1319 2954 1468 2986 novae
1485 2947 1698 3005 nuptie,

678 3034 705 3065 e
759 3013 920 3066 domo
981 3028 1258 3085 parentum
1307 3016 1358 3066 in
1409 3014 1696 3066 thalamum

679 3096 796 3146 novi
851 3095 1023 3146 mariti
1070 3092 1425 3156 discedentes,
1468 3094 1697 3145 ubertim

680 3173 902 3226 fundere
925 3174 1093 3224 solent
1113 3215 1127 3237 ‚
1156 3192 1218 3224 ex
1237 3174 1414 3225 animo
1435 3173 1697 3243 profectae,

681 3274 746 3304 an
771 3255 943 3324 potins
972 3254 1107 3303 falsa:
1126 3291 1139 3316 ,
1171 3266 1221 3303 et
1251 3253 1305 3305 vi
1341 3271 1592 3323 expressae
1620 3253 1697 3304 vi·

682 3332 794 3385 deri
825 3332 1070 3384 debeant.
1092 3330 1352 3383 Posterius
1377 3332 1568 3403 probat
1609 3352 1698 3383 ex-

678 3414 856 3483 emplo
885 3413 1187 3475 Berenices,
1218 3430 1336 3481 quae
1362 3412 1486 3464 novi
1526 3412 1698 3463 mariti

676 3492 730 3543 in
786 3492 982 3544 bellum
1040 3491 1414 3560 proficiscentis
1473 3488 1699 3542 discidio

678 3584 822 3624 tanto
836 3589 1077 3642 percussa
1094 3570 1191 3621 suit
1213 3568 1396 3622 dolore
1411 3609 1427 3633 ‚
1451 3582 1509 3621 ut
1529 3570 1700 3640 palam

676 3665 805 3703 esset
833 3691 848 3715 ,
897 3663 1091 3721 quanto
1158 3650 1379 3701 Veneris
1438 3662 1702 3701 teneretur

678 3730 961 3784 desideriO.

766 3831 783 3863 1
799 3817 852 3865 6.
882 3811 930 3863 F
925 3822 1197 3860 tastu-antur
1226 3808 1413 3876 gaudia
1444 3818 1697 3875 parentum

668 3892 816 3955 salsis
847 3890 1107 3941 lacrimulis
1128 3909 1145 3939 .·
1172 3900 1433 3958 parentes,
1456 3886 1547 3955 qni
1579 3904 1702 3955 gau·

676 3970 832 4035 dent,
860 3988 1025 4040 quum
1050 3969 1191 4038 piam
1213 3966 1375 4018 filiam
1400 3979 1504 4017 tam
1537 3965 1700 4018 invito

680 4052 854 4101 animo
886 4070 915 4103 a
953 4068 1004 4100 se
1040 4045 1310 4099 discedere
1349 4044 1569 4105 vident,
1605 4045 1700 4096 sal-

682 4132 863 4184 luntur
895 4130 1034 4181 falsis
1065 4130 1175 4195 ejus
1214 4125 1521 4178 lacrimulis.
1547 4125 1703 4176 Scali-

1779 1685 1870 1734 ger
1917 1679 2192 1735 comparat
2234 1666 2532 1736 Fragment.
2555 1665 2778 1719 Callim-

1778 1746 1865 1796 chi
1883 1783 1898 1808 ‚
1949 1743 2094 1815 quod
2139 1743 2260 1797 vide
2311 1746 2368 1798 in
2415 1745 2702 1816 Fragment.
2753 1763 2778 1794 a

1780 1824 2016 1876 Bentleio
2072 1824 2301 1878 collectis
2350 1823 2587 1878 CXVIII
2606 1865 2622 1892 ,
2666 1822 2777 1877 edit.

1780 1903 1984 1955 Ernest.
2017 1923 2073 1972 p.
2106 1906 2237 1965 486.

1870 2001 1956 2050 ¹7·
1988 1983 2124 2033 Intra
2148 1984 2325 2034 lamma
2344 1982 2399 2034 in
2420 1982 2630 2036 duobus
2647 1982 2777 2035 MSS.

1780 2060 1965 2124 Statii;
1997 2065 2120 2112 inter
2151 2063 2330 2114 lumina
2371 2064 2427 2114 in
2459 2082 2601 2127 uno,
2630 2082 2687 2115 ex
2717 2081 2782 2112 σο·

1780 2140 1941 2192 lemni
1973 2160 2164 2193 vocum
2195 2143 2334 2192 limen
2357 2155 2409 2194 et
2440 2143 2598 2194 lumen
2624 2141 2785 2193 confu-

1783 2221 1958 2282 sione;
1989 2221 2055 2273 cf.
2080 2219 2149 2273 ad
2178 2241 2226 2272 v.
2254 2240 2306 2290 7.

1869 2316 1889 2349 1
1904 2301 1953 2351 8.
1976 2299 2196 2352 luvet-int
2222 2301 2278 2352 in
2301 2300 2475 2371 vnlgg.
2502 2299 2650 2354 editt.
2672 2318 2783 2352 con·

1782 2390 1861 2428 tra
1902 2380 2055 2430 metri
2094 2380 2332 2432 rationes.
2368 2381 2572 2433 Totum
2598 2395 2786 2431 versum

1782 2456 1900 2508 satis
1929 2455 2179 2512 audacter
2212 2459 2279 2511 N.
2307 2459 2558 2513 Heinsius
2586 2460 2641 2513 in
2668 2457 2787 2511 notis

1781 2534 1847 2587 ad
1878 2536 2074 2591 Catull.
2096 2536 2340 2591 emendat
2369 2540 2441 2598 sic
2459 2580 2474 2607 ‚
2499 2567 2522 2588 ι
2548 2541 2670 2592 Νοιι
2697 2539 2788 2599 ita,

1781 2635 1847 2667 ne
1874 2616 2026 2680 Divi,
2045 2629 2102 2668 ut
2125 2637 2245 2670 vera
2263 2633 2473 2688 gemant
2489 2658 2506 2682 ,
2531 2620 2715 2672 sierint
2735 2644 2754 2663 ι
2775 2655 2789 2679 ,

1781 2714 1809 2746 a
1834 2695 1978 2759 sino,
2008 2696 2137 2761 sivi,
2164 2698 2238 2749 sii.
2266 2699 2376 2750 Nos
2407 2696 2656 2751 dedimus
2680 2696 2792 2748 anti·
2824 2734 2832 2741 ·

1782 2794 1940 2845 quam
1980 2776 2257 2828 lectionem
2310 2779 2496 2845 suerint
2544 2797 2612 2829 ex
2659 2775 2791 2829 edin.

1784 2855 1972 2906 Venet.
2005 2855 2199 2907 Mutet.
2228 2855 2354 2908 Stat.
2387 2857 2641 2910 Cantabr.
2668 2854 2794 2908 eous.

1783 2946 1893 2985 not.
1914 2933 2008 2986 inf.
2022 2963 2105 2975 —-
2121 2935 2254 2987 Vera
2277 2949 2500 3006 gemunt,
2535 2956 2659 2989 vere
2676 2949 2795 2988 etex

1784 3013 1978 3064 animo.
2005 3014 2196 3065 luerim
2218 3014 2432 3086 antique
2464 3035 2568 3086 pro
2585 3019 2797 3085 juxt-iae.

1784 3092 1869 3144 Sic
1892 3092 2091 3145 Ennius
2110 3092 2251 3164 apud
2280 3093 2391 3147 Cic.
2418 3094 2488 3147 de
2509 3094 2717 3148 Smect.
2743 3093 2797 3144 ab

1784 3172 1970 3223 initio:
1999 3199 2020 3219 ι
2045 3172 2093 3224 O
2126 3174 2276 3238 Tite,
2320 3175 2364 3227 si
2411 3172 2547 3246 quid
2580 3190 2678 3246 ego
2719 3164 2799 3225 ad·

1786 3255 1932 3319 juero
1958 3270 2208 3304 curamve
2235 3252 2452 3305 levam.
2482 3279 2504 3301 ο
2534 3287 2610 3297 --
2637 3256 2714 3307 Ita
2739 3272 2799 3302 ne

1784 3333 1855 3381 D.
1869 3335 1916 3400 j.
1952 3332 2213 3383 Solemnis
2243 3331 2388 3403 apud
2417 3333 2638 3386 Latinos
2677 3332 2801 3386 affir-

1786 3407 1990 3463 mandoe
2057 3412 2339 3482 cujuslibet
2404 3413 2482 3466 rei
2549 3414 2800 3474 fot-muln

1785 3491 1948 3560 quasi,
1981 3488 2249 3545 dicerent:
2278 3517 2299 3539 ι
2319 3488 2399 3545 Ita
2432 3486 2568 3545 mihi
2613 3494 2802 3546 faveant

1785 3569 1871 3620 Dii
1890 3607 1907 3634 ,
1937 3583 1991 3621 nt
2020 3582 2096 3622 est
2122 3588 2245 3623 vere
2270 3569 2420 3642 quod
2443 3570 2604 3637 dic03
2626 3573 2706 3624 sin
2723 3572 2807 3622 mi·

1786 3667 1909 3710 nus,
1928 3650 2099 3701 nolint
2112 3675 2156 3702 ι.
2174 3650 2258 3702 Cf.
2277 3650 2450 3704 Plaut.
2469 3651 2669 3704 Bacch.
2687 3652 2737 3713 1,
2754 3668 2806 3713 π,

1792 3729 1820 3779 3
1840 3746 1853 3790 ;
1883 3730 2089 3800 Captiv.
2120 3728 2220 3791 IV,
2241 3750 2270 3782 ι
2286 3768 2303 3793 ,
2320 3748 2415 3800 97,
2435 3743 2490 3783 et
2507 3733 2724 3801 passim.
2746 3728 2804 3781 N.

1874 3827 1957 3859 πο.
1991 3810 2222 3861 lavimu-
2247 3812 2357 3860 νέω
2370 3811 2551 3879 prelia
2575 3829 2596 3862 .·
2623 3815 2808 3863 invisere

1783 3889 1957 3955 pra-lia
1981 3900 2056 3940 est
2073 3886 2318 3958 pmficisci
2345 3892 2394 3939 ἰιι
2425 3889 2626 3944 bellum.

1847 3986 1964 4020 nx.
1995 3969 2071 4019 Et
2103 3981 2155 4018 m
2193 3988 2290 4019 mm
2319 3969 2483 4020 othum
2518 3970 2714 4023 venet.
2747 4000 2812 4010 ——

1793 4047 1865 4096 Et
1894 4060 1945 4098 eu
1973 4067 2088 4097 vero
2114 4048 2278 4099 orbum
2306 4050 2540 4119 protulit.
2565 4050 2782 4103 vossius
2800 4084 2814 4110 ‚

1794 4144 1950 4195 quem
1985 4127 2147 4181 secuti
2171 4141 2291 4181 sunt
2315 4125 2490 4180 editor
2514 4128 2815 4197 cantabrig.
