2986 4935
874 407 1322 475 CARMEN
1379 408 1579 474 th.

2150 407 2305 500 173

594 538 727 625 Qui
763 536 938 630 rapis
967 550 1259 606 teneram
1292 535 1376 604 ad
1412 537 1639 604 virum-

203 713 362 781 ginum
393 730 776 782 puerorumque
811 710 976 763 choro
1013 707 1080 760 ad
1110 712 1187 782 ja·

201 811 342 844 uuam
368 792 535 862 sponsi
558 793 655 843 sub
683 789 965 843 adventum
990 789 1190 859 sponso&

200 869 503 923 demutatum
541 871 725 934 fuerit,
752 867 832 932 [ut
865 886 1076 920 carmen
1111 886 1189 920 se.

201 969 347 1021 quens
361 948 527 1012 LXII]
554 950 661 1002 sive
687 950 775 1002 illo
797 946 866 1004 ad
891 960 1009 1000 vota
1032 966 1189 1017 spon·

201 1031 258 1080 sis
288 1028 509 1081 canenda
544 1030 654 1100 ipse
690 1041 842 1100 poeta
884 1024 964 1089 [ut
1004 1026 1193 1077 Noster

202 1109 290 1161 hoe
317 1107 553 1170 carmine]
591 1109 813 1160 chorum
846 1104 1108 1166 evocarit,
1140 1119 1191 1157 et

200 1188 336 1258 quasi
364 1188 507 1241 ebori
539 1201 826 1260 proecentor
858 1186 1031 1242 ver-bis
1057 1203 1192 1254 prae·

200 1267 346 1318 iverit.
381 1266 515 1320 Vide
551 1286 670 1337 quae
706 1264 910 1319 erudite
955 1266 1009 1318 in
1057 1264 1192 1320 hanc

198 1365 297 1402 rem
352 1345 575 1418 disputat
633 1347 713 1400 Cl.
774 1347 860 1398 W
852 1344 1084 1409 emsdoes
1122 1342 1191 1402 ad

200 1426 328 1486 Poet-
358 1428 484 1481 Min.
517 1428 573 1478 in
605 1426 810 1480 Pressas.
839 1423 909 1480 ,ad
941 1424 1189 1494 Epithall.

200 1504 399 1575 Auspicii
422 1519 470 1558 et
489 1507 652 1557 AElloe
675 1518 726 1557 et
743 1507 991 1558 Laurentia·
1005 1516 1061 1558 et
1082 1504 1193 1556 Ma·

198 1588 297 1646 ria,
325 1585 411 1640 ubi
445 1584 548 1638 ode
569 1598 805 1638 veterum
830 1581 1191 1655 epithalamio·

197 1682 303 1716 rum
325 1665 624 1718 auctoribus
646 1676 697 1716 et
720 1664 923 1716 diversa
947 1663 1143 1714 ratione
1163 1687 1184 1708 ι

196 1756 411 1797 accurate
428 1744 689 1816 exposuit.
703 1745 859 1796 Tom.
884 1744 983 1806 IV,
1002 1762 1055 1813 p.
1083 1742 1185 1803 462

198 1854 266 1864 —-
283 1823 405 1893 475.
430 1824 650 1878 Interim
682 1824 929 1876 nolumus
959 1838 1193 1891 pugnare

195 1919 302 1960 mm
328 1903 414 1967 iis,
443 1904 538 1975 qui
575 1920 788 1962 carmen
814 1914 1052 1954 nostrum
1080 1901 1191 1970 Hy-

197 1985 345 2034 moei
364 1985 535 2051 potius
564 1982 780 2034 nomine
805 1977 1192 2051 insigniendum

198 2078 291 2113 esse
301 2061 649 2118 contendunt:
672 2060 740 2113 de
754 2060 1085 2130 Epithalamio
1104 2060 1196 2109 Pe·

197 2139 250 2190 ka·
265 2153 308 2190 ee
326 2142 546 2194 Thaidos
566 2139 674 2193 vid.
688 2159 785 2193 nos
802 2140 855 2194 in
868 2150 1193 2210 argumento.

198 2250 266 2260 -
284 2221 357 2273 De
374 2223 525 2278 variis
544 2221 737 2273 ritibus
758 2221 813 2272 in
835 2218 1032 2289 nuptiis
1053 2230 1193 2269 vete·

196 2317 298 2352 mm
325 2300 642 2363 observatis,
669 2318 803 2369 quos
829 2311 981 2369 poeta
1009 2298 1062 2350 in
1093 2296 1196 2348 hoc

196 2378 403 2432 carmine
439 2379 642 2451 tangit„
683 2378 835 2431 multi
873 2377 1037 2429 multa
1070 2375 1195 2428 scri-

198 2476 361 2525 psere3
387 2478 620 2530 quorum
646 2458 689 2511 si
716 2458 834 2529 quis
860 2457 957 2510 sibi
987 2469 1196 2511 contra·

198 2537 304 2593 here
320 2551 525 2611 appetat
541 2538 809 2599 notitiam,
833 2536 984 2590 adeat
1002 2535 1198 2587 Albani

199 2617 393 2673 Fabroeii
431 2619 780 2687 Biblabgraph.
819 2618 951 2684 Cap.
986 2615 1092 2666 XX
1111 2653 1128 2679 ,
1165 2609 1195 2674 S

199 2697 258 2761 V,
281 2698 382 2765 898
400 2702 549 2769 ·899
574 2736 591 2762 ‚
617 2695 743 2749 edit.
776 2695 1034 2749 Sohafssh.
1060 2691 1198 2747 adde

201 2776 505 2843 Montsaucon.
527 2780 579 2833 L
589 2776 860 2848 'Antiquite‘
872 2774 1112 2846 explique'e
1126 2774 1193 2825 Τ.

195 2855 295 2922 ΠΙ,
315 2875 365 2928 p.
389 2860 643 2918 ulfi-224
659 2895 674 2920 ,
691 2867 746 2908 et
765 2857 951 2909 Pauori
969 2853 1200 2907 Archaeo-

195 2935 284 3004 [ος.
312 2936 466 2990 Groec.
504 2938 605 2991 lib.
639 2936 740 2999 1V,
769 2953 818 2987 c.
837 2954 916 3002 .9,
935 2934 1092 2985 Tom.
1113 2932 1198 2996 II,

195 3033 239 3084 p.
259 3015 463 3080 232-24
477 3035 524 3069 1.
539 3015 1075 3082 -Caeterumquum
1094 3011 1198 3065 hoe

193 3112 418 3158 carmen,
444 3092 601 3166 quod
640 3093 895 3146 «Veneris
921 3104 971 3145 et
1003 3090 1201 3145 Gratia·

194 3192 299 3229 nun
324 3176 572 3229 manibus
599 3173 849 3244 scriptum
879 3189 1027 3222 esse·
1059 3167 1198 3241 judi·

193 3266 264 3306 cat
279 3253 538 3311 Baetinad
562 3251 841 3311 Claudian.
864 3269 916 3321 p,
938 3250 1064 3317 789,
1088 3250 1203 3318 pul-

191 3331 449 3393 cherrimis
491 3332 821 3403 antiquitatis
854 3329 1205 3383 monumentis

188 3413 297 3481 jure
314 3409 702 3467 accensendum
721 3408 958 3462 videatur
974 3447 987 3468 ‚
1010 3408 1202 3477 passim

191 3494 416 3547 exstitere
429 3532 448 3558 ,
469 3493 568 3564 qui
586 3491 663 3543 illi
682 3491 765 3544 vel
790 3486 1102 3543 illustrando
1121 3488 1205 3541 vel

193 3570 241 3622 in
257 3573 592 3631 vernaculam
613 3567 865 3623 vertendo
893 3567 1205 3637 peculiarem

189 3669 391 3720 operam
411 3651 745 3711 addicerent,
774 3647 1068 3702 Novissima
1096 3649 1206 3715 ejus

190 3735 336 3783 versio
352 3736 556 3797 suges-ica
585 3742 856 3782 auctorem
887 3727 1074 3789 habet,
1103 3744 1213 3777 ma·

190 3820 295 3865 ‘nte
330 3811 414 3867 his
454 3798 615 3867 terris
649 3820 889 3878 ereptum
907 3846 924 3871 ,
964 3805 1209 3870 Rosensel-

188 3889 319 3953 chau,
349 3910 518 3961 quam
552 3890 609 3943 in
639 3886 874 3941 defuncti
902 3885 1209 3939 memoriam

191 3970 383 4037 publici
407 3970 547 4038 juris
574 3967 702 4023 fecit
724 3969 835 4039 ejus
861 3965 1061 4023 amicus
1081 3962 1216 4017 Gur-

189 4049 337 4111 ausu,
360 4042 525 4119 (lips.
553 4046 689 4117 apud
706 4043 1016 4108 Schwa'ckere,
1042 4062 1060 4096 ι
1073 4062 1104 4111 7
1113 4047 1146 4097 8
1155 4035 1214 4108 5)

1276 712 1425 780 cujus
1468 709 1739 771 amicifim,
1760 703 1878 780 ‘qua
1910 711 1991 762 vix
2022 710 2291 764 ferendam

1277 790 1432 859 hujus
1463 789 1715 840 versionis
1745 789 2085 859 stribliginem
2117 791 2170 842 in
2198 788 2297 843 ad-

1275 868 1465 939 spersis
1483 868 1681 920 notulis
1701 886 1945 921 excusare
1964 868 2162 922 studuit
2182 912 2195 932 ‚
2223 872 2296 922 fa·

1276 948 1374 1002 cile
1405 945 1773 1013 concedimus,
1811 949 2068 1019 longeque
2100 950 2167 1002 ab
2194 951 2293 1003 hac

1274 1027 1542 1098 impietate
1574 1027 1857 1092 absumus,
1884 1041 1942 1080 ut
1973 1030 2083 1081 boni
2114 1032 2293 1081 Roseu-

1266 1108 1395 1173 feldi
1412 1125 1588 1157 manes
1598 1108 1842 1159 vellicare
1858 1107 2155 1161 audeamus.
2176 1111 2291 1161 Me·

1277 1185 1419 1237 lioris
1439 1186 1604 1257 frugis
1622 1201 1770 1251 sunt,
1789 1206 1905 1257 qua
1928 1187 2135 1242 doctiss.
2162 1190 2293 1244 Gur-

1277 1267 1355 1315 liet
1384 1266 1439 1316 in
1471 1267 1775 1335 praefatione
1807 1279 1859 1318 et
1890 1268 2025 1321 notis
2053 1267 2123 1321 ad
2154 1270 2291 1323 hano

1277 1345 1570 1398 versionem
1593 1357 1816 1399 attexere
1836 1349 2090 1400 sustinuit.
2104 1352 2296 1401 -v—De·

1276 1425 1437 1494 nique
1462 1424 1549 1475 vix
1570 1423 1796 1478 dubium
1820 1438 1894 1478 est
1915 1466 1929 1487 ,
1962 1429 2088 1496 quin
2115 1429 2293 1482 Catul-

1278 1505 1358 1557 lus
1396 1504 1450 1555 in
1483 1504 1586 1556 hoc
1619 1505 1849 1558 carmine
1889 1506 2165 1562 scribendo
2202 1528 2294 1562 ex.-

1279 1584 1513 1652 emplum
1542 1582 1810 1654 quoddam
1852 1584 2100 1639 Graecum
2122 1626 2137 1651 ‚
2184 1589 2293 1641 for.-

1277 1675 1406 1713 tasse
1436 1661 1773 1733 Sapphonem
1788 1701 1804 1723 ,
1828 1667 1976 1734 cujus
1995 1664 2122 1720 odas
2145 1687 2296 1739 quas·

1276 1740 1399 1793 dam
1433 1743 1729 1811 epithalarm‘i
1766 1743 2159 1813 inscriptionem
2201 1747 2295 1800 ha·

1279 1821 1448 1874 buisse
1504 1834 1718 1874 testatur
1765 1824 1980 1895 Dionys.
2026 1825 2294 1880 Halicarn.

1280 1902 1325 1951 iv
1359 1903 1506 1969 τέχνῃ
1535 1921 1578 1954 c.
1613 1909 1670 1964 4,
1707 1903 1817 1970 περὶ
1838 1898 2045 1971 μεθόδου
2069 1908 2298 1960 ἐπιθῶ-α·

1280 1981 1399 2047 μίων
1419 2018 1434 2043 ,
1457 1994 1582 2032 ante
1604 1981 1784 2034 oculos
1803 1981 2060 2036 habuerit.
2088 1987 2169 2036 De
2188 2004 2295 2039 me·

1278 2071 1360 2110 tro
1397 2060 1615 2111 observa
1657 2080 1756 2130 pro
1793 2059 2006 2130 dactylo
2045 2083 2296 2120 nonnun-

1280 2155 1437 2207 quam
1470 2140 1756 2193 trochaeum
1781 2152 1830 2190 et
1859 2140 1913 2191 in
1935 2159 2085 2193 versu
2108 2158 2294 2212 quarto

1280 2236 1377 2286 pro
1406 2219 1638 2271 trocheo
1678 2220 1731 2270 in
1765 2218 1935 2289 prima
1975 2219 2098 2274 sede
2136 2241 2294 2293 spon-

1279 2295 1453 2348 daeum
1482 2299 1711 2365 positum
1738 2317 1862 2349 esse.
1890 2298 2091 2351 Eodem
2119 2314 2296 2358 antem

1280 2394 1455 2430 versus
1484 2394 1673 2445 genere
1690 2416 1705 2440 ,
1734 2396 1841 2447 quo
1867 2379 2141 2447 cujuslibet
2164 2394 2296 2435 stro-

1279 2456 1398 2525 phae
1417 2469 1648 2526 quatuor
1665 2476 1841 2511 versus
1855 2459 2011 2528 primi
2024 2459 2081 2512 in
2092 2461 2295 2531 epitha-

1282 2535 1439 2595 lamio
1453 2549 1630 2589 nostro
1645 2551 1880 2591 constant
1891 2577 1906 2602 ,
1918 2540 2156 2610 praecinit
2167 2560 2299 2611 quo-

1283 2633 1387 2684 que
1414 2615 1809 2684 epithalamium
1834 2618 2038 2670 Jasonis
2063 2632 2114 2672 et
2139 2621 2303 2675 Creu-

1282 2711 1348 2751 sae
1372 2694 1569 2763 nuptiis
1597 2696 1789 2747 chorus
1811 2715 1840 2747 e
1865 2698 2170 2753 mulieribus
2194 2700 2299 2753 Cov

1284 2772 1490 2825 rinthiis
1506 2773 1652 2844 apud
1667 2776 1850 2826 Senec.
1874 2776 2071 2829 Med.v.
2093 2779 2163 2847 75
2182 2799 2296 2851 sqq.

1283 2883 1363 2894 —-
1399 2852 1630 2915 Quintus
1669 2867 1745 2905 est
1784 2857 2039 2926 cujusque
2077 2860 2302 2928 stropIm

1284 2932 1674 2996 Pherecratius3
1694 2931 1781 2985 sed
1814 2932 2009 3005 dactyli
2037 2935 2197 2991 medii
2229 2940 2303 2990 vi-

1286 3029 1403 3065 cem
1431 3011 1632 3062 obtinet
1654 3009 1929 3080 spondaeus
1958 3033 2008 3066 v·
2040 3016 2128 3067 25.
2152 3017 2217 3069 N.

1376 3107 1394 3141 1
1410 3129 1422 3141 .
1451 3090 1552 3145 Alii
1577 3091 1834 3143 Heliconii.

1369 3190 1420 3221 2.
1456 3169 1657 3223 Uraniae
1680 3189 1849 3238 genus.
1885 3171 2021 3224 Hinc
2048 3172 2192 3226 Musa
2217 3196 2307 3244 ge-

1290 3251 1416 3299 nitus
1433 3261 1647 3301 vocatur
1660 3250 1744 3319 Hy
1752 3269 1978 3303 meamus
1994 3251 2138 3322 apud
2154 3256 2310 3311 Clau-

1292 3326 1430 3381 dian.
1453 3329 1653 3391 XXXI,
1676 3330 1903 3399 Epithal.
1927 3331 2123 3386 pallad.
2145 3347 2196 3387 et
2212 3336 2310 3389 Ce-

1290 3409 1385 3460 ler.
1410 3426 1459 3460 v.
1495 3409 1557 3463 31
1584 3447 1599 3472 ,
1635 3409 1724 3460 ubi
1749 3410 1817 3462 cf.
1852 3410 2051 3464 Gesner.
2075 3444 2152 3454 —·—
2174 3416 2306 3477 Alii,

1292 3501 1350 3540 ut
1380 3487 1597 3541 Proclus
1623 3488 1678 3540 in
1715 3489 2132 3544 Chrestomathia
2165 3494 2308 3566 apud

1293 3567 1542 3619 Photium
1565 3586 1619 3637 p.
1647 3570 1779 3632 ⁴25,
1799 3570 2070 3640 Hymenaei
2094 3587 2310 3629 matrem

1294 3647 1489 3699 faciunt
1512 3647 1934 3717 Terpsichorem.
1965 3652 2315 3713 Quantumvis

1296 3726 1434 3781 enim
1468 3725 1522 3776 in
1544 3727 1796 3778 Veterum
1827 3728 2022 3799 mythis
2040 3732 2319 3784 Musarum

1296 3804 1592 3859 celebretur
1626 3808 1850 3872 castitas,
1879 3821 1929 3859 et
1962 3808 2072 3878 ipse
2103 3811 2322 3881 Cupido

1299 3884 1476 3935 Musas
1514 3904 1545 3935 a
1586 3902 1640 3937 se
1678 3886 1938 3941 vulnerari
1977 3907 2125 3958 posse
2164 3906 2319 3962 neget

1300 3962 1440 4033 apud
1459 3963 1678 4015 Lucian.
1693 3964 1896 4035 Dialog.
1918 3968 2072 4018 Deor-
2090 3969 2245 4031 xlx,
2266 3991 2325 4035 a,

1301 4043 1388 4097 :vix
1409 4042 1513 4094 uua
1528 4056 1705 4098 tamen
1724 4044 1776 4095 in
1797 4064 2017 4098 numero
2032 4052 2318 4105 novenario
