2986 4935
657 455 805 528 368

1189 459 1263 524 C.
1306 458 1738 525 VALERII
1799 456 2270 526 CATULLI-

866 592 1020 659 Non
1062 589 1114 657 si
1155 588 1439 658 demisso
1477 613 1547 657 se
1587 590 1725 684 ipse
1757 603 1946 658 voret
1986 590 2224 683 capite.

656 783 819 852 Vulp.
835 780 1072 851 Gotting.
1083 814 1162 822 —
1176 782 1289 850 Quo
1301 781 1506 851 prodeat
1520 782 1650 833 ultra
1663 814 1679 841 ‚

657 882 764 934 quo
785 859 1156 933 progrediatur
1176 861 1271 914 iste
1295 861 1521 914 ulterius
1535 900 1552 927 ‚
1577 881 1683 932 quo

660 944 823 1014 magis
848 942 1257 995 contaminetur.

1857 786 1913 836 8.
1949 779 2170 832 Demisso
2194 823 2210 845 ,
2247 781 2521 834 inclinato.
2544 781 2801 847 —Voret,

1775 860 1845 914 de
1863 862 1970 915 hoc
1991 861 2178 914 infami
2205 861 2569 916 obscoenitatis
2584 880 2800 933 genere,

1776 941 1846 992 cf.
1876 943 2061 994 Carm.
2086 939 2321 1005 LXXX,
2351 944 2404 993 6.

1132 1149 1689 1237 CARMEN
1768 1134 2326 1236 LXXXIX.

1493 1384 1594 1429 DE

1652 1384 1982 1429 GELLIO.

770 1582 1085 1649 GELLms
1122 1588 1219 1642 est
1254 1574 1467 1641 tenuis
1493 1598 1508 1638 ε
1537 1572 1812 1666 quidni?
1851 1575 2009 1667 quoi
2045 1588 2182 1640 tam
2219 1573 2400 1642 bona
2433 1588 2652 1643 mater

875 1689 1171 1776 Tamque
1210 1679 1434 1748 valens
1476 1681 1690 1763 vivat,
1731 1695 2000 1773 tamque
2039 1695 2318 1749 venusta
2357 1706 2580 1769 soror,

762 1796 1057 1884 Tamque
1086 1789 1300 1856 bonus
1331 1801 1608 1881 patruus
1627 1840 1646 1867 ,
1680 1803 1949 1880 tamque
1976 1787 2200 1855 omnia
2228 1786 2425 1882 plena
2455 1786 2694 1883 puellis

876 1897 1195 1990 Cognatis
1222 1918 1464 1987 :quare
1505 1895 1558 1962 is
1600 1892 1856 1962 desinat
1890 1917 2036 1962 esse
2077 1892 2339 1962 macer?
2521 1950 2524 1953 ,
2787 1934 2808 1973 ,-

772 2007 907 2095 Qui
944 2018 1019 2071 ut
1056 2000 1216 2069 nihil
1249 2003 1565 2093 attingat,
1612 2002 1735 2068 nisi
1768 2000 1947 2093 quod
1978 1998 2076 2069 fas
2106 2014 2382 2094 tangere
2418 2026 2558 2070 non
2593 2016 2734 2090 est,

877 2110 1324 2200 Quantumvis
1368 2131 1573 2200 quare
1617 2109 1699 2173 sit
1742 2131 2000 2192 macer,
2044 2108 2353 2176 invenies.

745 2322 971 2374 ΑΜ..Νο
987 2321 1357 2391 quismiretur‚
1372 2338 1473 2371 cur
1487 2319 1692 2371 Gellius

668 2404 841 2455 tenuis
860 2419 1138 2471 macerque
1161 2399 1253 2459 sit,
1282 2417 1488 2450 causam
1504 2437 1518 2461 ‚
1548 2398 1692 2451 unde

670 2486 715 2535 vi
739 2495 1007 2535 contracta
1026 2484 1091 2532 sit
1106 2481 1217 2532 haec
1245 2480 1484 2550 corporis
1502 2481 1692 2531 macies

668 2578 719 2615 et
769 2562 1031 2623 tenuitas,
1081 2580 1143 2610 ox
1190 2559 1371 2609 insano
1413 2562 1525 2629 ejus
1567 2579 1689 2612 cum

670 2641 903 2712 cognatis
928 2641 1035 2692 suis
1059 2639 1283 2690 Veneris
1314 2657 1409 2689 usu
1443 2638 1690 2692 declarat.

760 2743 805 2773 1.
842 2723 1032 2772 Tenuis.
1071 2718 1267 2771 Statius
1299 2717 1366 2769 de
1403 2721 1691 2771 amantium

673 2802 841 2853 macie
880 2799 1059 2852 laudat
1097 2801 1310 2850 Lucret.
1360 2800 1456 2861 lv,
1506 2804 1690 2852 1160:

680 2909 700 2924 κ
727 2872 891 2948 ἰσχνὸν
938 2883 1188 2949 ἐρωμένων
1229 2891 1343 2930 tum
1382 2879 1480 2942 fit,
1526 2898 1692 2948 quom

674 2963 850 3013 vivere
877 2979 983 3011 non
1007 2960 1124 3031 quit
1141 2960 1255 3010 Prae
1276 2959 1459 3010 macie.
1482 2985 1503 3005 ι
1538 2961 1692 3026 Quoi,

674 3043 728 3092 in
758 3043 908 3111 cujus
933 3042 1150 3110 gratiam
1169 3077 1184 3102 ,
1211 3037 1278 3091 ad
1306 3041 1459 3108 cujus
1481 3039 1697 3108 explen-

677 3121 798 3173 dam
824 3119 1121 3172 libidinem.
1144 3120 1227 3170 Cs.
1248 3115 1405 3188 su‘pra
1427 3117 1490 3169 ad
1515 3119 1695 3172 Carm.

674 3202 798 3252 LXI
818 3240 832 3263 ,
874 3219 891 3251 ι
909 3218 999 3266 9²·
1031 3232 1101 3242 —
1137 3199 1280 3250 Bona
1297 3238 1310 3260 ,
1355 3198 1663 3270 obsequiosa
1681 3239 1695 3262 ,

676 3281 871 3340 facilis3
901 3277 1087 3330 eodem
1122 3298 1272 3329 sensu
1302 3292 1523 3347 patruus
1555 3277 1693 3329 dici-

676 3373 762 3411 tur
787 3360 932 3408 bonus
960 3378 1010 3410 v.
1041 3359 1088 3408 3.

1867 2340 1918 2371 ι.
1966 2320 2150 2371 Valens
2164 2356 2180 2379 ,
2242 2316 2423 2371 valido
2475 2321 2805 2391 robustoque

1782 2418 2008 2470 corpore
2039 2397 2108 2452 ad
2139 2398 2439 2470 palaestram
2465 2399 2697 2453 Veneris
2718 2401 2809 2452 in·

1781 2493 1998 2532 structo.
2033 2481 2184 2531 Vivat
2213 2480 2531 2552 exquisitim
2555 2499 2661 2552 pm
2685 2485 2764 2533 sit.

1867 2568 1917 2621 4.
1968 2561 2135 2629 Quare
2175 2564 2215 2611 is
2254 2561 2446 2612 desinat
2477 2581 2580 2612 esse
2614 2567 2809 2612 moer?

1782 2660 1878 2691 cur
1903 2659 2010 2691 non
2050 2642 2118 2692 sit
2143 2658 2348 2705 macer,
2388 2640 2488 2712 qui
2519 2641 2809 2694 necessario

1783 2722 1836 2770 in
1860 2718 2124 2789 ejusmodi
2150 2738 2270 2772 cum
2296 2720 2536 2790 cognatis
2558 2721 2671 2773 suis
2690 2739 2807 2773 oon-

1785 2798 2065 2851 suetudine
2094 2819 2203 2852 esse
2235 2811 2291 2850 et
2317 2818 2535 2853 manere
2560 2798 2756 2853 debet?

1870 2880 1922 2930 5.
1967 2881 2192 2950 Attc'ngit
2233 2880 2337 2949 legi
2364 2880 2519 2950 jubet
2557 2879 2806 2951 &angen

1788 2958 1940 3028 quod
1955 2959 2205 3012 exhibent
2215 2977 2360 3011 nunc
2368 2957 2808 3015 edittvmcan·

1788 3038 1925 3090 tabr.
1945 3039 2188 3109 Gotting.
2210 3040 2591 3110 Bimae-Ut
2604 3030 2804 3110 (quum)

1787 3119 1912 3169 nihil
1931 3124 2170 3188 attingat,
2199 3119 2512 3172 etenullam
2539 3120 2696 3172 aliam
2715 3119 2802 3171 nisi

1788 3211 2095 3268 cognatam;
2140 3199 2362 3251 observa
2407 3202 2463 3252 in
2508 3199 2617 3252 hoo
2663 3216 2800 3250 verm

1786 3278 2021 3349 leporem
2046 3279 2210 3331 facete
2240 3297 2371 3332 cum
2400 3278 2510 3332 sale
2531 3280 2766 3332 mixtum.

1868 3361 1919 3406 6.
1956 3360 2303 3426 Quantumm‘s,
2339 3359 2463 3412 satis
2493 3375 2764 3430 superque-
