2986 4935
724 480 873 575 390

1247 489 1321 553 C.
1366 487 1798 554 VALERII
1855 487 2317 554 CATULLI

822 620 922 684 Tu
955 619 1131 710 quod
1171 619 1469 712 promisti
1506 619 1702 703 mihi,
1737 617 1916 712 quod
1949 620 2260 705 mentita,
2292 620 2556 689 inimica
2597 646 2720 703 ες,

926 724 1127 812 Quod
1173 750 1293 793 nec
1338 724 1474 809 daS,
1525 739 1592 792 et
1635 725 1765 792 fers
1806 750 2008 818 saepe,
2053 724 2214 793 facis
2260 726 2533 794 facinus.

821 832 955 896 Aut
988 830 1202 899 facere
1233 833 1531 924 ingenuae
1562 845 1689 916 est,
1726 847 1840 898 aut
1869 856 2004 898 non
2036 832 2360 924 promisse
2393 831 2697 926 pudicae,

926 936 1261 1022 Aufilena‚
1307 937 1448 1004 fuit.
1493 936 1624 1005 Sed
1665 937 1818 1004 data
1863 938 2197 1029 corripere

819 1043 870 1105 F
873 1041 1248 1126 raudandO,
1284 1043 1572 1110 efficitur
1603 1041 1751 1136 plus
1782 1068 1979 1136 quam
2014 1044 2377 1111 meretricis
2410 1067 2671 1126 avarae,

928 1149 1094 1235 Quae
1132 1172 1272 1216 sese
1309 1163 1449 1216 toto
1491 1174 1771 1242 corpore
1810 1149 2163 1242 prostituit.

713 1357 1078 1428 deprehendit.
1116 1356 1323 1429 Nempe
1363 1359 1628 1411 latinitatis
1661 1359 1739 1409 in-

711 1439 924 1506 genium
954 1445 1026 1507 τῷ
1061 1439 1227 1504 facere
1257 1437 1413 1507 adjici
1445 1441 1501 1491 τὸ
1530 1442 1735 1506 pretium

709 1519 886 1585 jubet,
926 1529 985 1570 ut
1014 1517 1270 1587 quadrent
1306 1518 1442 1569 inter
1481 1537 1533 1569 se
1566 1531 1616 1569 et
1645 1537 1735 1570 co·

710 1597 941 1648 haereant
964 1597 1124 1648 ambo
1154 1598 1420 1648 sententiae
1449 1610 1702 1649 commata
1722 1637 1736 1661 ,

709 1676 817 1727 scil.
840 1677 942 1728 hoc
959 1695 1110 1727 sensu
1130 1695 1144 1728 :
1171 1676 1468 1744 -accipiunt
1480 1677 1732 1745 pretium,

712 1777 827 1828 quae
868 1755 1149 1807 instituunt
1191 1756 1361 1806 facere
1396 1760 1600 1824 pretium
1638 1759 1736 1806 suis

712 1837 975 1889 muneribus
985 1838 1247 1887 amatoriis.
1263 1836 1648 1902 Poetiumsacere
1660 1835 1740 1887 di·

710 1917 847 1969 citur
861 1914 927 1968 de
947 1917 1011 1966 iis
1027 1916 1119 1986 qui
1144 1915 1302 1967 rebus
1315 1934 1441 1985 quas
1452 1928 1542 1967 aut
1559 1933 1736 1966 emere

707 2010 798 2050 aut
824 1994 1055 2047 vendere
1086 1996 1273 2047 volunt
1304 1994 1541 2064 pretium
1575 2007 1736 2046 statu·

712 2090 820 2129 unt.
849 2076 1020 2128 Plaut.
1054 2075 1196 2126 Pers.
1226 2075 1326 2139 IV,
1357 2081 1389 2138 4
1409 2113 1425 2139 ‚
1456 2076 1530 2142 37
1557 2093 1570 2127 :
1604 2076 1733 2124 «In-

711 2156 829 2208 dica
849 2194 864 2216 ,
896 2156 978 2207 fac
1006 2155 1236 2224 pretium
1254 2194 1268 2218 ‚
1297 2167 1385 2205 tua
1427 2173 1578 2205 merx
1623 2166 1732 2204 est·
1718 2191 1734 2216 ,

712 2249 799 2287 tua
831 2234 1083 2287 indicatio
1114 2247 1205 2286 est.
1227 2260 1247 2279 ι
1283 2235 1454 2302 [gitur
1491 2252 1551 2284 ea
1589 2251 1736 2283 mens

709 2334 818 2366 esse
841 2314 972 2365 mihi
992 2312 1202 2364 videtur
1228 2311 1437 2364 distichi
1459 2314 1616 2380 hujus
1637 2330 1734 2363 cae-

710 2394 919 2463 terique
961 2392 1392 2463 epigrammatis:
1428 2405 1569 2442 vates
1608 2390 1738 2442 duas

712 2475 1001 2526 amicarum
1030 2472 1212 2523 classes
1232 2470 1423 2522 dividit
1445 2511 1459 2534 ,
1482 2473 1617 2523 hanc
1647 2472 1733 2522 bo·

710 2574 877 2604 uarum
895 2592 911 2614 ‚
938 2571 1054 2622 quae
1077 2551 1197 2602 satis
1220 2551 1413 2602 habent
1440 2551 1635 2602 laudari
1662 2552 1733 2603 ob

710 2633 872 2684 animi
896 2629 1261 2683 liberalitatem
1283 2669 1297 2693 ‚
1315 2633 1530 2682 alteram
1554 2649 1732 2682 earum

709 2732 825 2781 quae
884 2713 1089 2762 venales
1144 2710 1434 2773 habentur,
1502 2711 1731 2779 pretium

708 2793 877 2843 facere
905 2791 1186 2842 instituunt
1213 2801 1263 2840 et
1299 2789 1583 2859 accipiunt.
1624 2792 1730 2839 Au-

712 2871 864 2922 filena
891 2883 1089 2933 autem,
1113 2868 1233 2938 quia
1256 2869 1471 2920 mentita
1495 2866 1730 2939 estquod

711 2952 1050 3022 promiserat,
1089 2968 1195 2999 non
1239 2948 1405 2999 amica
1446 2949 1584 2999 bona
1626 2961 1730 3008 est,

708 3034 871 3083 immo
895 3030 1135 3091 inimica,
1166 3041 1216 3079 et
1237 3028 1359 3098 quia
1388 3028 1486 3080 fert
1512 3046 1729 3080 munera

705 3131 801 3164 nec
849 3109 936 3162 dat
988 3107 1277 3180 quidquam
1297 3146 1312 3170 ,
1359 3107 1570 3159 scelesta
1615 3118 1690 3157 est
1711 3146 1724 3170 ,

707 3191 826 3242 facit
859 3189 1071 3242 facinus.
1094 3190 1279 3256 Itaque
1297 3204 1393 3237 nec
1410 3185 1608 3256 pudica
1627 3200 1725 3249 est,

703 3290 821 3340 quae
864 3266 1186 3339 promiserit,
1222 3284 1319 3316 nec
1356 3268 1498 3317 bona
1524 3279 1613 3317 aut
1645 3266 1725 3316 in·

704 3369 898 3418 genua,
936 3366 1052 3417 quae
1084 3365 1191 3396 non
1224 3344 1409 3406 saciat,
1437 3365 1545 3396 non
1582 3365 1723 3396 exse-

701 3440 891 3499 quatur
905 3425 1050 3496 quod
1069 3423 1384 3495 promiserit.
1403 3424 1547 3488 Quin
1565 3424 1721 3476 etiam

699 3507 969 3560 avaritiam
989 3503 1272 3555 meretricis
1288 3522 1613 3573 supergressa
1632 3518 1721 3564 est,

699 3586 899 3658 quippe
932 3601 1098 3655 quum
1127 3580 1405 3651 perfidiam
1428 3599 1549 3634 cum
1583 3584 1726 3654 turpi

699 3669 849 3718 lucro
875 3665 1174 3733 conjungat.
1224 3661 1291 3712 N.

784 3747 835 3798 3.
879 3745 1009 3797 Mihi
1046 3754 1093 3792 et
1141 3741 1271 3811 quod
1307 3741 1362 3791 in
1406 3741 1556 3792 libris
1599 3755 1723 3794 vett.

700 3824 1010 3878 Passeratii:
1039 3819 1179 3874 unde
1210 3819 1298 3871 ille
1328 3820 1454 3891 legit
1479 3835 1533 3872 et
1561 3822 1722 3873 inter-

700 3905 889 3974 pungit
919 3905 993 3955 Ta
1013 3901 1143 3970 quod
1153 3903 1399 3970 promistl,
1427 3904 1491 3950 mi
1515 3914 1564 3951 ee
1578 3902 1720 3973 quod.

696 3985 1000 4053 ——Jungez
1031 3982 1105 4032 Tu
1130 4001 1177 4031 es
1199 3983 1387 4031 inimica
1414 3971 1580 4047 (haud
1600 3982 1724 4032 bona

698 4056 875 4128 amica)
903 4063 1032 4132 quod
1054 4065 1247 4112 mentita
1273 4077 1329 4111 es
1356 4058 1409 4111 id
1429 4099 1444 4124 ,
1467 4061 1597 4132 quod
1610 4063 1724 4113 mihi

691 4146 906 4208 promisti
925 4183 938 4203 ,
968 4142 1020 4192 h.
1053 4155 1096 4191 e.
1129 4153 1358 4191 noctem.

1909 1365 1960 1421 4.
2007 1358 2109 1408 Nec
2151 1357 2279 1421 das,
2322 1378 2409 1409 nec
2429 1360 2542 1425 ser-s
2577 1360 2783 1413 vitiose
2815 1363 2861 1412 in

1823 1437 1971 1489 MSS.
1994 1437 2164 1490 Statii.
2192 1469 2273 1480 —-
2295 1438 2431 1501 Das,
2465 1438 2719 1511 intellige
2746 1460 2863 1511 pro-

1825 1517 1980 1569 missa
1996 1517 2222 1570 Veneris
2254 1519 2589 1570 munuscula.
2628 1520 2727 1572 sic
2756 1522 2863 1571 dm

1823 1597 2013 1666 passim
2045 1595 2099 1647 in
2133 1617 2192 1649 re
2213 1598 2469 1658 venerea.
2502 1597 2640 1651 Lus·
2677 1600 2767 1662 11,
2800 1600 2859 1651 3:

1833 1703 1853 1721 -
1869 1677 1949 1727 Da
1970 1675 2102 1728 mihi
2117 1715 2133 1737 ‚
2150 1675 2298 1747 quod
2316 1677 2501 1748 cupies
2515 1676 2726 1731 fruar:
2744 1677 2864 1731 dare

1823 1756 2039 1807 forsitan
2080 1755 2241 1819 olim,
2273 1757 2413 1807 Dum
2449 1770 2598 1807 tenet
2636 1760 2866 1810 obse-ns

1825 1833 2005 1887 invida
2025 1835 2190 1886 barba
2215 1853 2386 1904 genas.
2411 1862 2433 1882 ι
2470 1836 2560 1889 Cf.
2587 1837 2859 1890 Bm

1817 1913 1889 1966 *ad
1921 1913 2082 1967 ovid.
2106 1917 2232 1967 Arte
2264 1916 2386 1967 Am.
2417 1916 2477 1980 l,
2505 1918 2651 1978 448.
2689 1918 2763 1970 Et
2795 1916 2866 1969 sie

1823 1995 2051 2063 παρέχειν
2079 2007 2133 2046 et
2150 1994 2428 2064 χαρίζεσθαι
2445 1993 2599 2065 apud
2626 1997 2860 2050 Granum

1823 2106 1901 2116 —-
1931 2075 2080 2137 Fer-s,
2099 2075 2274 2127 aufem
2299 2092 2536 2126 munera.

1906 2153 1958 2205 5.
1989 2155 2248 2222 lugeam,
2270 2151 2460 2217 fidem,
2481 2172 2656 2224 qum
2684 2154 2867 2219 dedit,

1823 2233 2131 2302 praestantis.
2165 2265 2245 2274 —
2267 2231 2422 2286 Idem
2454 2232 2610 2303 quod
2647 2236 2828 2289 boae
2813 2255 2863 2287 n

1824 2331 1956 2364 vers.
1994 2330 2039 2364 1.
2075 2313 2145 2364 N.

1896 2397 1927 2443 6
1938 2430 1949 2442 .
1971 2393 2107 2442 Data
2122 2396 2373 2462 corr-ipen,
2390 2411 2622 2445 munera
2632 2396 2864 2467 eripete,

1824 2470 2204 2524 corradere.-
2217 2473 2355 2523 Data
2372 2490 2471 2543 pro
2483 2472 2633 2525 donis
2646 2478 2860 2545 passim.

1826 2552 1925 2603 Ov.
1945 2552 2073 2605 Met.
2090 2554 2170 2603 VI
2184 2591 2199 2616 ,
2216 2552 2358 2614 463:
2381 2578 2403 2598 ι
2418 2568 2518 2604 nec
2537 2571 2660 2605 nou
2679 2556 2861 2627 ingen·

1823 2631 1962 2682 tibus
1980 2631 2146 2700 ipsam
2168 2632 2458 2684 Sollicitare
2484 2633 2644 2686 datis.
2669 2661 2697 2681 ·

1906 2730 1958 2779 7.
1983 2710 2159 2779 Efficit
2178 2724 2232 2763 et
2252 2713 2414 2779 effecit
2427 2710 2483 2761 in
2501 2711 2671 2765 MSS.
2695 2714 2856 2766 satit.

1822 2821 1899 2830 -—
1927 2792 2126 2857 Effeaait
2151 2791 2203 2841 in
2230 2791 2379 2843 libris
2403 2789 2616 2859 seriptis
2640 2794 2851 2855 vossii,

1821 2867 1965 2921 unde
1994 2867 2084 2921 ille
2105 2872 2336 2940 reposuit
2359 2871 2529 2936 esseni
2540 2889 2564 2931 ,·
2591 2871 2702 2924 sed
2726 2887 2856 2926 recte

1819 2946 2056 3002 defendit
2084 2949 2284 3001 Statius
2306 2947 2541 3018 efficitur,
2578 2950 2752 3020 quod
2778 2972 2856 3003 ex·

1817 3027 1992 3080 hibuit
2012 3030 2121 3099 jam
2143 3028 2487 3090 Parthenius;
2510 3041 2563 3080 et
2586 3030 2677 3082 sic
2709 3046 2790 3084 ατ
2810 3032 2856 3082 in

1817 3105 1963 3160 editt.
2010 3106 2221 3178 Gryph.
2268 3107 2458 3160 Μαι-ει.
2506 3106 2856 3182 Hmricpetr.

1815 3187 2116 3257 Cantabrig.
2159 3187 2322 3258 Vulp.
2379 3218 2455 3227 —-
2510 3186 2851 3250 qudado,

1813 3279 1884 3316 est
1893 3268 2092 3330 facilen-5
2112 3266 2405 3336 ingeniose,
2429 3263 2521 3318 sed
2541 3283 2757 3337 prater
2779 3289 2857 3320 ne-

1812 3345 2099 3399 cessitatem
2126 3347 2175 3396 T
2170 3344 2388 3398 olliusad
2410 3346 2617 3398 Auson.
2639 3368 2705 3418 p.
2733 3368 2852 3417 ²7⁰·

1814 3457 1891 3465 —
1911 3427 1960 3476 E
1950 3424 2160 3494 ffoeieur,
2186 3424 2370 3496 supple
2397 3444 2459 3476 ex
2476 3443 2643 3478 versu
2665 3444 2853 3499 qlnno

1803 3506 2028 3569 faciteam
2063 3523 2163 3558 nec
2198 3505 2501 3573 infrequens
2535 3519 2614 3556 αἱ
2647 3507 2852 3559 locutio

1813 3583 1998 3653 efficere
2018 3603 2117 3655 pro
2124 3585 2294 3650 sacer-e
2301 3585 2551 3649 ‚lixanum
2572 3616 2665 3626 —
2687 3587 2854 3656 Repe·

1815 3674 1924 3715 tere
1967 3667 2019 3717 τὸ
2062 3666 2251 3725 facium
2290 3681 2320 3715 a
2356 3680 2411 3713 v.
2457 3669 2487 3724 4
2535 3680 2650 3716 non
2697 3684 2848 3736 opus.

1814 3742 2246 3813 Frequentissima
2275 3741 2512 3805 locutio,
2535 3753 2608 3792 est
2621 3747 2848 3813 judicu,

1811 3835 1885 3873 est
1918 3827 2032 3875 τίνι.
2078 3823 2195 3874 Hoc
2231 3824 2350 3874 loco
2392 3820 2603 3890 qfficitm·
2641 3832 2736 3875 τοῦ
2777 3837 2848 3875 est

1811 3902 1979 3954 vicem
2018 3903 2246 3965 obtinet,
2284 3919 2456 3972 neque
2493 3904 2550 3954 τὸ
2580 3903 2847 3976 plusqu-

1811 3981 2099 4053 quidquam
2135 3982 2425 4034 mutaverit.
2464 3983 2639 4034 «Dat-
2670 3985 2841 4036 corti·

1810 4080 1935 4131 pere
1975 4059 2269 4113 fraudando
2307 4073 2382 4112 est
2409 4060 2698 4131 plusquam
2734 4081 2845 4115 me-

1811 4141 2014 4193 retricis
2040 4157 2221 4194 avarae.
2250 4165 2271 4185 ι
2315 4140 2382 4191 Ν.
