2986 4935
864 412 1322 481 C-ARMEN
1378 413 1590 479 XIX.

2198 412 2292 484 83

267 542 475 629 Alter,
519 544 783 613 assidua
830 544 1057 614 colens
1098 541 1473 639 diligentia,
1522 558 1594 611 ut
1637 544 1844 612 herba

267 654 594 737 Dumosa,
630 676 997 746 asperaque
1034 677 1071 720 a
1109 676 1259 720 meo
1293 652 1375 719 sit
1412 665 1665 719 remota
1704 650 1977 736 sacello;

267 756 474 843 Alter,
511 782 722 851 parva
765 759 984 826 ferens
1029 781 1231 826 manu
1276 782 1536 850 semper
1581 781 1858 825 munera
1902 756 2101 853 larga.

263 863 532 932 Florido
567 864 729 933 mihi
766 865 1039 959 ponitur
1083 865 1261 958 picta
1296 888 1450 931 vere
1487 862 1735 931 corolla
2271 907 2315 931 ω

263 967 586 1055 Primitu’‚
617 985 685 1040 et
717 986 948 1041 tenera
980 972 1200 1041 virens
1230 972 1410 1064 spica
1449 968 1663 1039 mollis
1697 970 1932 1055 arista3

264 1081 497 1146 Luteae
529 1076 720 1147 violae
753 1078 948 1159 mihi,
985 1075 1368 1172 luteumque
1406 1100 1727 1171 papaver,

264 1181 725 1277 Pallentesque
768 1184 1169 1271 cucurbitae,
1205 1197 1272 1252 et
1311 1207 1511 1251 suave
1548 1180 1792 1251 olentia
1835 1183 2041 1270 mala3

263 1293 420 1360 Uva
467 1291 822 1386 pampinea
865 1291 1113 1360 rubens
1157 1289 1436 1358 educata
1477 1290 1600 1357 sub
1644 1289 1900 1358 umbra.

172 1538 258 1591 13.
297 1537 420 1591 Uvoe
443 1537 713 1590 autemvel
740 1537 970 1590 maxime
999 1535 1067 1590 ad
1094 1551 1192 1590 tra·

165 1619 251 1670 ille
289 1618 530 1671 tentabat
541 1615 774 1688 filiusque
804 1618 979 1681 coloni,
1012 1618 1101 1670 hic
1116 1615 1192 1685 fi·

161 1699 342 1770 [imque
366 1698 586 1749 tenellus.
613 1698 683 1750 Et
704 1697 836 1749 mihi
860 1696 1196 1750 succurrebat

154 1791 415 1846 patronum
436 1818 454 1842 ,
500 1776 649 1848 quod
702 1796 812 1830 non
854 1774 1194 1829 incommode

158 1858 344 1910 referri
400 1869 579 1928 potest
619 1855 687 1909 ad
732 1861 960 1927 pauperis
995 1860 1193 1926 tugurii.

158 1935 268 1990 Sed
292 1937 367 1990 de
396 1937 599 2006 Priapo
626 1934 769 2007 apud
794 1936 986 2006 virgil.
1012 1936 1197 2005 Eclog.

160 2019 288 2083 vn,
311 2018 415 2083 34,
434 2039 458 2061 α
471 2029 645 2068 custos
664 2035 717 2068 es
733 2015 981 2087 pauperis
994 2015 1154 2067 horti.
1166 2042 1190 2062 ι

158 2096 265 2149 Sed
300 2096 507 2149 rectius
545 2095 758 2147 fortasse
793 2096 1011 2147 intactas
1041 2096 1198 2165 plane

155 2175 431 2247 ejusmodi
463 2176 522 2227 in
547 2175 716 2246 poetis
739 2174 1088 2245 relinquimus
1123 2175 1198 2226 la-

159 2276 344 2308 cunas.
376 2258 542 2326 Paup.
575 2258 786 2325 tagus-il,
810 2252 936 2306 inde
966 2254 1200 2306 colorem

161 2334 382 2388 duxisse
403 2334 621 2389 videtur
649 2335 798 2405 Virg.
825 2334 1004 2404 Eclog.
1029 2336 1054 2384 Ι
1071 2372 1085 2397 ,
1106 2338 1137 2385 6
1152 2352 1201 2396 1,

169 2442 193 2461 ι
214 2417 482 2487 Pauperis
506 2429 562 2467 et
591 2416 764 2486 tuguri
788 2427 1091 2485 congestum
1121 2430 1203 2464 ce-

168 2498 301 2567 spite
335 2498 577 2549 culmen.
609 2522 630 2542 ι
669 2529 748 2538 —-
778 2497 930 2546 Pater
953 2493 1200 2564 filiusque.

168 2576 300 2627 Fere
314 2577 552 2628 similem
568 2574 812 2627 Tibullus
822 2574 1106 2643 imaginem
1116 2572 1204 2624 ad-

171 2656 479 2718 umbravit,
506 2655 566 2718 1,
598 2672 688 2714 10,
727 2661 909 2721 19-24.
934 2653 1002 2705 N.

249 2754 307 2804 7.
327 2736 529 2787 Sensus
543 2747 620 2785 est
634 2734 786 2786 :alter
806 2753 890 2785 mc
908 2744 1201 2789 veneratur,

173 2812 304 2866 dnm
326 2813 542 2867 assidua
564 2810 837 2884 diligentia
865 2814 934 2865 ita
957 2813 1081 2864 colit
1112 2831 1205 2862 cu·

178 2907 360 2964 ratque
389 2912 574 2946 meum
607 2893 850 2945 sacellum
870 2932 884 2957 ,
906 2905 962 2943 ut
986 2889 1115 2943 illud
1138 2893 1205 2943 ab

180 2974 324 3024 omni
347 2972 577 3026 dumosa
603 2991 887 3043 asperaque
921 2972 1082 3024 herba
1123 2991 1206 3022 re·

185 3066 387 3105 motum
436 3067 492 3105 et
527 3066 804 3124 purgatum
850 3051 927 3102 sit.
961 3051 1209 3120 Suspecta

188 3131 313 3184 mihi
342 3134 478 3185 olim
501 3130 945 3183 videbaturlectio
959 3131 1113 3182 colens
1140 3131 1209 3182 ob

185 3211 434 3280 ingratam
449 3212 815 3282 repetitionem
830 3213 877 3278 ej
884 3208 1212 3262 usdemverbi

190 3308 251 3340 ex
268 3309 423 3343 versu
444 3292 502 3355 5,
517 3304 569 3342 et
593 3291 717 3343 hinc
740 3309 839 3360 pro
862 3291 1019 3340 colens
1044 3290 1213 3359 legen·

195 3368 319 3421 dum
339 3390 449 3423 esse
468 3372 714 3440 putabam
727 3389 893 3421 cavens
914 3410 927 3430 ,
959 3368 1047 3420 sed
1066 3387 1213 3422 nunc

198 3448 276 3500 vix
299 3468 435 3521 opus
461 3448 674 3501 videtur
693 3449 793 3501 hac
815 3449 1118 3500 mutatione.

276 3551 326 3599 9.
357 3531 522 3592 Alter,
546 3550 704 3599 parca
724 3548 866 3579 manu
883 3530 1047 3595 set-ens
1072 3549 1214 3597 usque

206 3630 384 3662 munem
416 3611 560 3679 larga
593 3628 657 3661 ex
689 3609 985 3660 ementione
1012 3608 1217 3659 Dorvil-

207 3691 275 3755 lii,
292 3710 449 3762 quem
471 3688 651 3742 laudat
670 3690 1003 3740 Burmannus
1025 3688 1218 3740 Secun-

209 3768 297 3823 dus
323 3773 377 3823 in
409 3769 629 3823 Anthol.
663 3767 733 3820 ad
772 3769 825 3819 h.
864 3768 898 3818 l.
933 3766 1026 3819 sed
1054 3767 1219 3836 magis

211 3849 386 3903 arridet
419 3848 709 3903 Schraderi
752 3849 807 3899 τὸ
844 3867 1022 3917 semper
1067 3847 1219 3897 metri

211 3948 341 3984 cansa
377 3932 430 3985 in
471 3951 604 4003 ,ωερε
647 3927 899 3979 mutantis
938 3927 1217 3981 correctio.

205 4030 399 4067 mamm
428 4013 668 4066 ObserV.
702 4008 798 4059 lib.
828 4008 909 4069 11,
936 4026 981 4058 c.
1012 4008 1038 4057 Ι
1063 4044 1077 4067 ,
1105 4025 1222 4076 pag.

1280 1535 1533 1589 sententia
1547 1550 1651 1589 est:
1669 1557 1862 1589 manee-a
1871 1558 2046 1608 parva,
2058 1558 2175 1611 quae
2188 1542 2308 1611 quis

1280 1616 1374 1685 pio
1417 1618 1596 1668 animo
1642 1617 1802 1669 offert
1850 1637 1945 1669 suo
1989 1638 2042 1671 se
2089 1621 2309 1674 metiens

1280 1693 1500 1747 modulo
1518 1735 1534 1760 ,
1560 1711 1680 1748 sunt
1709 1716 1896 1768 magna
1918 1711 1968 1751 et
1988 1699 2102 1751 Diis
2127 1713 2307 1770 gratis-

1281 1775 1427 1828 sima.
1445 1775 1584 1827 Hinc
1602 1776 1803 1829 Tibull.
1823 1778 1848 1827 1
1867 1817 1883 1844 ‚
1913 1796 1961 1840 ι,
1987 1798 2013 1830 2
2030 1797 2076 1832 ι.
2100 1806 2122 1827 ι
2148 1781 2304 1834 Tunc

1282 1855 1447 1906 vitula
1475 1855 1782 1908 innumeros
1811 1857 2062 1910 lustrabat
2085 1878 2209 1911 caesa
2229 1864 2315 1931 ju·

1284 1952 1474 1985 vencos
1496 1935 1682 1987 :Nunc
1701 1955 1835 2006 agna
1853 1937 2026 2007 exigui
2045 1952 2120 1990 est
2139 1939 2305 1993 hostia

1284 2032 1472 2083 magna
1500 2014 1613 2065 soli.
1642 2014 1846 2067 ·-Ad
1868 2035 1980 2067 rem
2005 2017 2175 2070 facere
2187 2021 2310 2073 alla·

1285 2105 1397 2144 tum
1438 2094 1737 2163 exemplum
1773 2114 1880 2146 non
1909 2094 2135 2161 videtur,
2162 2118 2312 2151 nam-

1286 2192 1388 2243 que
1446 2173 1696 2224 Tibullus
1763 2194 1870 2226 non
1935 2176 2309 2245 benignitatem

1288 2254 1523 2303 Deorum
1548 2270 1705 2318 parva
1731 2272 1948 2305 munera
1973 2258 2148 2325 magni
2176 2259 2309 2310 aesti-

1289 2332 1545 2382 muntium
1563 2371 1577 2396 ,
1619 2329 1707 2383 sed
1758 2334 1869 2402 agri
1913 2350 2273 2404 paupertatem
2296 2379 2311 2402 ‚

1289 2410 1377 2461 cui
1397 2411 1478 2461 vel
1499 2414 1808 2464 munuscula
1826 2433 2016 2485 magno
2043 2431 2277 2471 constant
2296 2460 2311 2484 ,

1291 2492 1561 2560 expressit.
1600 2494 1667 2544 N.

1379 2588 1463 2622 ιο.
1491 2573 1638 2622 Picta
1664 2574 1872 2635 corolla,
1909 2577 2062 2628 variis
2094 2577 2312 2630 floribus

1298 2649 1541 2701 distincta
1553 2689 1567 2712 ,
1592 2665 1648 2703 ut
1672 2657 1818 2721 pictae
1836 2657 2071 2708 volucres.

1382 2747 1401 2779 1
1421 2748 1466 2781 1.
1493 2731 1742 2794 Primieu·,
1785 2735 2180 2804 quamprimum
2213 2737 2312 2788 fto-

1293 2828 1410 2860 rum
1445 2810 1595 2880 copia
1625 2814 1698 2864 fit.
1726 2812 1849 2863 Vid.
1878 2812 1944 2864 dc
1975 2815 2073 2867 hac
2097 2818 2313 2886 antiqua

1295 2908 1421 2940 voce
1446 2890 1681 2941 Nonium
1716 2893 1927 2944 Marcel.
1952 2915 2001 2962 p.
2036 2912 2055 2944 1
2073 2898 2161 2957 54.

1385 2988 1404 3020 1
1422 2989 1448 3020 2
1461 3009 1472 3019 .
1498 2971 1810 3042 lacteumque
1826 2993 2039 3043 papaver·
2058 2976 2204 3044 apud
2218 2978 2314 3026 Vi-

1296 3062 1437 3100 etum
1465 3062 1516 3100 et
1539 3049 1752 3102 Aldum.
1778 3050 1883 3103 Sed
1912 3054 2084 3104 luteum
2106 3076 2320 3125 papaver

1297 3142 1347 3180 et
1374 3129 1511 3179 infra
1534 3127 1729 3182 dicitur
1758 3133 1905 3192 LXI,
1952 3153 1967 3184 1
1985 3136 2077 3202 95.
2115 3135 2314 3187 Eadem

1297 3208 1485 3259 harum
1549 3228 1743 3261 vocum
1805 3214 2122 3279 permutatio
2175 3215 2318 3287 apud

1299 3288 1456 3339 Mart.
1490 3290 1598 3352 III,
1633 3291 1729 3353 58,
1766 3311 1831 3341 22
1850 3332 1864 3353 ,
1892 3294 1983 3343 ubi
2006 3293 2092 3345 alii
2124 3314 2221 3365 pro
2249 3297 2320 3346 la-

1299 3371 1390 3418 ctei
1411 3388 1573 3419 verme
1595 3371 1794 3422 malunt
1814 3372 1945 3424 lutei.

1386 3466 1404 3498 1
1421 3455 1469 3510 4.
1511 3448 1615 3499 Πνα
1654 3469 1818 3520 [ηιηψ.
1865 3452 1952 3502 suh
1979 3456 2143 3505 tenebra
2184 3458 2318 3507 edne.

1303 3528 1649 3579 maturitatem
1675 3546 1820 3582 nacta
1847 3550 1857 3582 ε
1894 3533 2152 3604 eleganter
2179 3557 2323 3589 cnnn

1303 3607 1479 3658 herbae
1508 3608 1589 3659 vel
1616 3610 1788 3679 fruges
1814 3611 2025 3664 educari
2054 3613 2330 3681 dicuntur,

1305 3705 1422 3756 quae
1460 3700 1565 3737 tam
1615 3691 1747 3740 aeris
1791 3694 2040 3762 temperie
2081 3696 2325 3748 foventur

1307 3765 1584 3817 commoda
1607 3808 1620 3831 ,
1658 3788 1812 3836 quam
1854 3790 1974 3822 cura
1998 3811 2012 3831 ‚
2058 3775 2237 3833 cultu,
2272 3790 2323 3826 ct

1307 3848 1504 3897 caeteris
1522 3887 1535 3908 ,
1556 3847 1746 3916 quibus
1761 3848 1828 3900 ad
1844 3853 2189 3904 maturitatem
2212 3874 2328 3924 pcr-

1310 3927 1523 3978 veniant
1562 3966 1576 3989 ,
1653 3927 1913 3979 alimentis
1971 3944 2019 3980 et
2081 3931 2325 3985 subsidiis

1313 4006 1575 4057 fruuntur.
1607 4006 1691 4058 Sic
1714 4008 1846 4059 infra
1872 4011 2042 4065 LX11.
2065 4018 2093 4073 4
2111 4030 2129 4062 1
2161 4025 2211 4063 et
2235 4016 2330 4077 50,

207 4111 284 4160 Η,
308 4114 330 4149 1
347 4087 842 4148 1.-N0bilissima
868 4086 1024 4155 hujus
1048 4103 1229 4136 versus
1317 4086 1370 4137 in
1416 4086 1642 4137 Lusibus
1670 4088 1798 4151 LII,
1835 4106 1854 4139 t
1871 4088 1900 4139 5
1921 4102 1936 4150 ;
1959 4089 2158 4144 Tibuli.
2188 4094 2213 4143 1
2237 4133 2251 4157 ,
2286 4113 2331 4157 1,

1876 4201 1922 4263 t)
1945 4196 1960 4217 '⁴
