2986 4935
782 436 1228 504 CARMEN
1282 440 1637 510 LXXIV.

2123 444 2255 554 353

253 567 471 634 Immo
503 566 699 632 etiam
734 563 959 648 taedet,
994 565 1190 635 taedet
1226 569 1543 662 obestque
1589 573 1828 665 magis;

147 673 243 739 Ut
287 672 483 754 mihi,
523 695 715 764 quem
755 695 947 737 nemo
984 674 1247 764 gravius
1291 699 1411 741 nec
1446 676 1744 744 acerbius
1780 694 2005 772 urget,

2247 719 2266 752 5

251 779 473 864 Quam
499 775 695 843 modo
718 777 830 868 qui
853 802 958 844 me
983 803 1185 846 unum
1207 794 1403 871 atque
1427 782 1692 850 unicum
1714 785 1994 852 amicum
2018 786 2262 856 habuit.

143 991 405 1044 cantilena
440 993 540 1060 jam
570 989 708 1061 apud
734 990 950 1042 Homer.
970 990 1162 1062 Odyss.

464 1097 485 1116 ι
509 1066 645 1121 Οὐδὲ
671 1090 742 1129 τις
771 1071 875 1122 ι’στὶ
908 1070 1046 1139 χάρις
1076 1092 1164 1139 με·

145 1074 249 1132 IV,
285 1073 436 1138 695:

144 1153 335 1202 τόπισθ’
368 1151 614 1220 εὐεργέων.
638 1175 659 1195 ·

233 1236 283 1292 4.
320 1230 423 1280 Imo
457 1233 598 1280 etiam
634 1228 806 1288 taedet,
838 1241 1025 1299 statque
1060 1247 1162 1278 ma-

145 1311 313 1380 gisque
334 1312 486 1377 magis
518 1308 573 1359 in
601 1308 849 1359 omnibus
877 1309 985 1359 fere
1012 1308 1159 1360 MSS.

145 1388 274 1439 Stat.
308 1401 360 1440 et
393 1387 465 1440 sic
493 1388 638 1440 hunc
664 1405 902 1451 versum,
924 1405 1020 1438 nec
1045 1406 1159 1438 sen-

1253 993 1532 1046 lectionem
1562 1008 1799 1048 veterum
1820 999 2074 1052 librorum
2098 1018 2269 1056 aucto-

1252 1073 1405 1125 ritate
1432 1073 1766 1127 confirmavit
1793 1077 2087 1143 Guarinus,
2112 1096 2160 1134 et
2188 1086 2263 1135 sic

1251 1165 1327 1204 est
1359 1153 1411 1204 in
1457 1154 1600 1205 libris
1637 1154 1787 1207 MSS.
1828 1155 1969 1227 apud
2008 1157 2262 1215 editorem

1252 1232 1502 1284 Cantabr.
1522 1233 1604 1284 cui
1628 1234 1884 1288 accedunt
1904 1235 2125 1304 statiua,
2149 1242 2268 1294 Mu·

1250 1323 1421 1375 retus,
1436 1312 1653 1364 Vossius
1681 1328 1732 1365 et
1760 1315 1864 1366 alii.

1332 1390 1381 1442 5.
1416 1392 1466 1439 V
1466 1412 1509 1441 ιε
1533 1393 1647 1442 mihi
1675 1392 1933 1464 Scaliger,
1955 1396 2181 1468 Vulpius
2209 1414 2258 1452 et

147 1485 231 1518 sus
265 1485 362 1518 nec
403 1466 674 1519 latinitatis
710 1468 913 1517 ratione
953 1466 1158 1531 habita,
1247 1467 1354 1520 alii.
1378 1502 1454 1510 -
1487 1471 1554 1521 Ut
1577 1472 1719 1532 mihi,
1747 1492 1820 1525 sc.
1845 1475 2033 1527 obfuit.
2063 1510 2141 1519 —-
2170 1480 2267 1530 Ur.

146 1547 322 1598 multae
337 1544 483 1598 editt.
508 1557 633 1596 vett.
664 1545 928 1597 exhibent.
954 1546 1016 1596 In
1046 1565 1153 1597 uno

144 1626 268 1677 Stat.
310 1637 451 1688 erat,
492 1625 605 1677 Stat
627 1628 778 1693 magis
810 1638 951 1696 atque
982 1629 1153 1693 magis.

145 1705 412 1756 Mamilius
462 1702 772 1755 emendabat
797 1738 814 1765 ‚
863 1705 965 1755 Imo
1014 1708 1154 1754 etiam

145 1786 326 1846 toedet,
360 1797 406 1834 el
438 1786 590 1852 magis
621 1795 760 1853 atque
788 1789 955 1852 magis.
991 1783 1152 1835 Guie·

145 1877 262 1926 tus,
298 1864 443 1914 Nihil
466 1865 642 1928 secisse
680 1862 879 1931 benigne
915 1864 1153 1924 Prodest,-

147 1946 234 1993 e'mo
265 1946 410 1993 etiam
437 1944 582 1993 toedet
616 1942 832 2013 obestque
866 1945 1032 2010 mage's.
1074 1944 1151 1994 Ex

145 2023 264 2073 libr.
312 2021 447 2073 Bibl.
492 2019 792 2073 Bodleianae
818 2020 986 2072 editor
1020 2024 1153 2074 Can-

146 2103 330 2171 tabrig.
363 2101 597 2172 profert,
630 2101 863 2165 Prodest3
892 2100 979 2151 sed
1012 2101 1154 2152 toedet

134 2184 237 2246 jam
274 2185 428 2251 magis
460 2193 605 2250 aeque
623 2185 791 2248 magis.
814 2213 892 2221 —
909 2181 1150 2232 Nostram

1241 1561 1358 1615 get,
1389 1563 1539 1600 vexat
1567 1562 1616 1601 et
1644 1553 1992 1623 persequitur.

1323 1632 1375 1680 6.
1406 1629 1561 1679 Unum
1583 1642 1725 1700 atque
1742 1633 2257 1707 unicum.Tautologia

1242 1719 1317 1757 est
1341 1726 1449 1758 non
1471 1709 1676 1774 vitiosa,
1701 1710 1863 1762 immo
1878 1730 1994 1780 quae
2015 1714 2122 1765 vim
2146 1735 2259 1768 ora-

1241 1786 1397 1837 tionis
1409 1785 1681 1857 adaugeat;
1694 1808 1800 1859 prae
1814 1792 1997 1843 ceteris
2009 1795 2257 1847 eximium

1240 1877 1294 1916 et
1308 1868 1790 1935 proestantissimum
1806 1871 2033 1921 amicum
2053 1874 2251 1926 habuit.

1240 1944 1369 1996 Fere
1418 1946 1661 1998 eumdem
1702 1947 1768 1999 ad
1829 1949 1988 2001 finem
2033 1954 2257 2021 pertinet

1240 2024 1341 2075 hoc
1374 2025 1540 2076 Bolaei
1569 2027 1917 2096 epigramma:

1343 2119 1389 2156 Je
1411 2119 1588 2158 l'assimi
1614 2121 1708 2159 dana
1731 2123 1956 2175 l'indigencr
1979 2154 1989 2169 ,

1346 2189 1378 2225 n
1404 2203 1452 2227 ne
1482 2203 1543 2226 me
1565 2191 1693 2228 rendit
1713 2192 1849 2242 jamnis
1867 2196 1951 2230 rien
1973 2222 1983 2235 .
2008 2203 2079 2229 etr.
2113 2197 2157 2233 Ν.

647 2410 1206 2499 CARMEN
1290 2410 1742 2497 LXXIV.

921 2645 1006 2688 IN
1063 2645 1472 2690 GELLIUM.

137 2846 449 2910 Ganos
483 2837 807 2918 audierat,
851 2852 1157 2930 patruum
1202 2836 1551 2931 objurgare
1594 2839 1831 2917 solere,

234 2950 302 3015 Si
353 2948 497 3039 quis
537 2943 797 3012 delicias
842 2943 1121 3026 diceret,
1161 2958 1273 3009 aut
1312 2943 1570 3012 faceret.

138 3057 277 3121 Hoc
328 3078 414 3119 ne
458 3052 575 3144 ipsi
617 3049 970 3127 accideret,
1015 3049 1229 3142 patrui
1275 3049 1653 3143 perdepsuit
1695 3054 1900 3145 ipsam

210 3274 351 3322 Aac.
372 3268 574 3320 Insame
588 3267 748 3336 hujus
767 3266 1151 3337 epigrammatis

129 3362 502 3421 argumentum
560 3359 793 3398 versatur
847 3347 900 3397 in
955 3344 1151 3398 descri-

133 3429 304 3481 bendo
315 3425 564 3480 adultero
575 3425 914 3478 infamissimo
927 3463 941 3487 ,
954 3425 1050 3477 Ge}
1060 3425 1149 3486 lio,

130 3527 286 3578 quem
321 3505 574 3560 eumdem
603 3524 713 3557 esse
747 3517 964 3575 putant,
996 3505 1088 3573 qui
1120 3522 1148 3555 a

133 3590 390 3642 Cicerone
436 3588 488 3637 in
533 3586 786 3636 Oratione
831 3585 935 3635 Pro
976 3584 1148 3634 Sextio

129 3667 524 3737 perstringitur.
558 3664 969 3733 —Turpiorem
1016 3682 1147 3731 quo-

128 3766 226 3818 que
256 3747 437 3817 patrui
474 3742 611 3795 haud
642 3744 894 3814 gratuito,
929 3755 985 3794 ut
1008 3740 1149 3793 vide-

130 3840 212 3878 tur
235 3864 251 3889 ,
293 3823 631 3879 conniventis
676 3823 970 3876 facilitatem
1009 3835 1146 3873 vates

127 3906 311 3977 carpit.
343 3905 416 3956 N.

211 4004 259 4037 1.
303 3987 545 4037 Parmam
588 3982 841 4052 objurgare
866 4020 877 4039 ,
928 3999 1144 4050 prover·

128 4064 247 4117 biali
269 4065 384 4115 fere
418 4061 680 4113 locutione
704 4074 829 4113 nota
851 4072 924 4111 est
940 4072 1146 4128 patruo-

1204 3270 1355 3316 ‘rum
1397 3266 1448 3315 in
1487 3266 1704 3319 fratrum
1751 3268 1947 3321 liberos
1987 3274 2246 3326 severitas.

1240 3345 1422 3397 Horat.
1442 3345 1545 3397 Sat.
1568 3347 1642 3411 11,
1669 3347 1697 3396 3
1716 3384 1731 3411 ,
1754 3350 1852 3401 88:
1872 3350 1946 3399 Ne
1973 3354 2036 3400 sis
2047 3366 2246 3420 patrum

1237 3426 1380 3485 mihi,
1429 3438 1481 3475 et
1522 3424 1625 3477 Otl.
1663 3428 1742 3477 III
1764 3466 1778 3490 ,
1823 3447 1883 3479 12
1912 3469 1927 3491 ,
1962 3429 1991 3480 3
2013 3448 2024 3480 2
2049 3433 2247 3484 Patruus

1236 3505 1435 3554 verbera
1487 3505 1681 3575 lingum.
1715 3505 1838 3559 vid.
1887 3528 2018 3578 quos
2071 3511 2246 3567 laudat

1237 3585 1435 3634 Ernesti
1461 3584 1605 3635 Clav.
1651 3585 1761 3636 Cic.
1795 3605 1845 3637 v.
1868 3602 2086 3656 patrum.

1321 3683 1369 3712 α.
1399 3662 1457 3712 Si
1488 3667 1591 3733 quis
1626 3665 1845 3726 delicias,
1891 3681 1994 3718 etc..
2034 3670 2087 3719 Si
2126 3672 2246 3740 quis

1237 3742 1316 3792 vel
1352 3741 1503 3792 dictis
1539 3743 1618 3793 vel
1648 3745 1794 3795 factis
1826 3747 2006 3815 paullo
2032 3748 2244 3800 liberius

1236 3820 1289 3871 in
1322 3840 1378 3871 re
1408 3823 1652 3874 amatoria
1682 3823 1903 3876 luderet.

1284 3898 1288 3901 Δ
1317 3900 1367 3950 3.
1402 3901 1680 3970 Per-despuit
1707 3903 1839 3953 male
1864 3905 1918 3954 in
1944 3904 2089 3956 libris
2114 3909 2245 3958 anti-

1234 3980 1384 4048 quis,
1424 3992 1478 4030 ut
1513 3995 1652 4032 recte
1683 3980 1866 4033 docuit
1898 3982 2139 4053 Scaliger.
2177 4022 2242 4027 w-

1240 4060 1531 4126 perdepsuit.
1547 4061 1656 4127 Qui
1676 4061 1941 4114 notionem
1965 4082 2137 4115 veram
2151 4066 2245 4117 hu-
