2986 4935
790 497 1238 572 CARMEN
1303 506 1731 610 Lxxxv„

2135 512 2284 586 365

236 630 385 693 Hoc
433 625 631 693 misso
677 627 744 694 in
780 630 1035 721 Syriam
1059 686 1077 717 ‚
1122 635 1504 726 requierant
1528 640 1851 709 omnibus
1892 667 2126 733 aureS‚

344 731 682 801 Audibant
717 735 949 803 eadem
988 738 1128 806 haeo
1167 738 1400 808 leniter
1437 757 1505 810 et
1543 743 1792 815 leviter.

231 843 376 907 Nec
417 839 539 907 sibi
576 839 836 933 postilla
874 846 1262 915 metuebant
1303 847 1457 915 talia
1502 851 1740 935 verba,

348 948 579 1033 Quum
619 949 843 1016 subito
884 950 1186 1020 adfertur
1223 957 1498 1023 nuntius
1536 957 1905 1047 horribilis,

230 1054 457 1121 Ionios
488 1052 763 1139 fluctus,
805 1070 1159 1150 postquam
1196 1058 1350 1129 illuc
1392 1065 1623 1131 Arrius
1667 1068 1855 1153 isset,

338 1162 483 1226 Jam
525 1185 660 1227 non
702 1164 928 1230 Ionios
962 1190 1136 1251 esse,
1180 1166 1293 1234 sed
1339 1171 1633 1238 Hionios.

98 1367 313 1438 quaerit
338 1365 781 1436 adspirationem,
815 1370 1054 1443 illudque
1085 1375 1157 1426 sic

98 1446 404 1517 legendum
424 1448 691 1518 opinatur,
713 1476 734 1496 ι
750 1449 925 1503 Credo
948 1453 1022 1504 sic
1042 1454 1158 1507 Ma·

101 1529 265 1592 ther,
300 1528 374 1579 sic
402 1528 565 1580 Liber
592 1528 923 1582 havunculus
953 1532 1023 1583 eii
1052 1546 1158 1593 est,

98 1608 201 1659 Sic
235 1607 542 1660 mathemus
570 1608 734 1660 havus
753 1608 977 1674 dixerit,
1002 1625 1158 1683 atque

100 1687 324 1739 lixivia.»
358 1718 434 1728 —-
457 1689 741 1738 Dixerit—
754 1694 853 1752 sic,
885 1692 1055 1754 credo,
1087 1694 1159 1743 de·-

100 1771 242 1817 xerit
262 1807 275 1827 ‚
304 1768 570 1837 eleganter
587 1809 601 1832 ,
630 1785 693 1820 ex
723 1771 775 1821 vi
804 1770 951 1822 modi
979 1786 1159 1842 poten·

104 1847 257 1898 tialis
277 1886 291 1910 ,
312 1867 413 1917 pro
435 1851 503 1898 sic
530 1848 709 1899 dixisse
733 1850 945 1903 videtur.
967 1853 1159 1903 Exem-

100 1928 265 1997 plum
326 1926 395 1978 de
458 1927 562 1980 hoc
618 1927 768 1980 modi
827 1932 1125 1999 potentialis
1141 1973 1157 2001 ,

101 2024 278 2076 quem
300 2020 506 2069 vocant,
525 2027 638 2071 usu,
659 2028 919 2078 ponamus
944 2030 1007 2062 ex
1032 2012 1148 2064 Liv.

100 2087 193 2137 111
211 2125 227 2147 ‚
250 2092 323 2154 47
349 2104 361 2137 ε
391 2087 598 2150 «Quem
616 2086 828 2140 decreto
848 2110 1146 2144 sermonem

98 2164 480 2235 praetenderit‚
505 2170 679 2233 forsan
708 2168 933 2238 aliquem
958 2189 1144 2222 verum

98 2258 355 2297 auctores
398 2247 601 2316 antiqui
643 2248 956 2313 tradiderint,
983 2277 1005 2297 ι
1044 2269 1145 2320 pro

100 2326 372 2376 tradidi5sc
394 2327 632 2378 videntur.

1329 1396 1383 1444 7.
1413 1377 1515 1426 Hic
1540 1381 1681 1429 misso
1711 1379 1765 1431 in
1790 1380 1944 1436 MSS.
1979 1384 2156 1449 Statii,
2186 1391 2277 1459 qui

1246 1453 1372 1507 inde
1391 1467 1576 1519 tentat,
1594 1460 1729 1511 Hinc
1749 1463 2116 1517 missa—Hoc
2134 1474 2274 1519 misso

1245 1534 1301 1587 in
1331 1535 1553 1606 Syriam,
1585 1537 1730 1590 haud
1762 1539 1925 1594 dubie
1963 1546 2018 1597 in
2052 1565 2274 1602 munere

1248 1614 1478 1684 quodam
1506 1618 1813 1689 reipublicae
1843 1641 1996 1676 causa
2016 1643 2270 1699 suscepto.

1250 1696 1542 1764 Requierant
1556 1699 1770 1750 omnibus
1787 1721 1943 1765 aures,
1960 1706 2156 1758 nullius
2161 1710 2273 1778 jam

1246 1777 1475 1844 amplius
1524 1797 1676 1831 aures
1733 1781 2082 1850 ingratissimo
2132 1789 2270 1840 male

1245 1855 1498 1908 affectata:
1529 1857 1901 1929 adspirationis
1931 1882 2061 1915 sono
2085 1865 2269 1937 fatiga·

1244 1934 1454 1987 bantur.

1326 2018 1377 2068 8.
1414 2016 1609 2067 Leniter
1632 2030 1680 2068 et
1707 2020 1866 2071 leviter
1891 2021 2003 2073 sine
2033 2021 2270 2094 adspira·

1236 2105 1397 2148 tione.

1315 2192 1367 2240 9.
1406 2176 1615 2226 Postilla
1650 2177 1704 2228 h.
1734 2198 1778 2229 e.
1799 2192 2001 2248 postem
2030 2186 2267 2255 exempla

1235 2251 1439 2306 dabunt
1465 2254 1658 2307 Statius
1684 2270 1736 2309 et
1763 2259 2007 2330 Vulpius.

1324 2352 1404 2386 10.
1443 2335 1708 2388 Horribilc's
1744 2338 2001 2392 nimirum
2032 2343 2265 2397 auribus.

614 2542 1172 2630 CARMEN
1257 2548 1759 2637 LXXXV.

847 2806 946 2847 DE
1008 2805 1293 2851 AMORE
1355 2807 1529 2854 SUO.

207 2997 359 3060 Om
399 3005 466 3058 et
507 3014 679 3058 amo.
723 2992 952 3079 Quare
995 2993 1057 3058 id
1104 2992 1377 3078 faciam,
1413 2995 1690 3063 fortasse
1726 3001 2021 3091 requiris.

321 3099 567 3167 Nescio
601 3124 613 3164 ε
646 3098 760 3167 sed
798 3098 940 3166 fieri
978 3101 1189 3167 sentio
1225 3115 1287 3166 et
1330 3104 1692 3170 excrucior.

174 3313 325 3360 Ano.
399 3307 672 3370 Quaerenti
728 3307 943 3358 fortasse
966 3343 979 3362 ,
1038 3326 1134 3358 cur

96 3407 263 3440 unam
316 3385 662 3456 eamdemque
718 3385 952 3456 puellam
1020 3398 1129 3438 tam

91 3487 282 3521 amore
338 3485 499 3537 quam
554 3464 682 3518 odio
753 3479 1095 3536 persequatur
1113 3506 1128 3530 ‚

94 3548 226 3617 quid
247 3546 604 3616 respondeat,
623 3565 676 3597 se
703 3545 904 3597 nescire
921 3585 935 3608 ,
956 3546 1128 3597 ait.—

92 3626 208 3680 Hoc
226 3626 503 3680 distichon
520 3627 572 3677 in
586 3625 819 3678 editione
833 3625 1059 3676 Guarini
1074 3639 1125 3677 et

89 3707 210 3759 Ald.
236 3709 327 3769 11,
355 3707 445 3758 hic
477 3706 878 3776 praetermissum
899 3744 914 3769 ‚
937 3718 990 3757 et
1013 3706 1126 3776 epi·

88 3787 376 3854 grammati
400 3786 608 3837 LXXII
633 3802 896 3837 annexum
924 3797 1015 3837 est.
1046 3819 1127 3828 —

90 3865 220 3919 vid.
243 3866 460 3918 ibiVar.
484 3866 625 3917 Lect.
650 3897 728 3906 -
751 3862 854 3916 Sed
879 3866 1031 3935 plena
1048 3878 1132 3918 -est

91 3948 433 4016 perfectaque
463 3945 746 4007 sententia,
786 3957 839 3996 et
874 3946 1127 4014 exquisita

1222 3307 1432 3359 dicendi
1469 3311 1723 3380 elegantia
1748 3315 1820 3366 sic
1852 3332 2066 3385 oruata,
2095 3338 2150 3377 ut
2174 3327 2254 3377 in-

1221 3401 1368 3457 tegro
1391 3390 1788 3459 epigrammati,
1806 3415 1978 3468 neque
1997 3420 2103 3455 non
2128 3425 2254 3458 con.

1216 3469 1402 3536 spicuo
1419 3510 1433 3533 ,
1461 3470 1568 3523 sola
1596 3471 1836 3528 sufficiat.
1871 3478 1937 3529 N.

1306 3565 1349 3598 1.
1394 3550 1497 3602 Odi
1535 3563 1581 3600 et
1615 3572 1722 3603 amo
1756 3555 1967 3611 Terent.
2003 3562 2246 3619 Eunuch.

1215 3628 1271 3690 1,
1304 3647 1359 3685 ι,
1395 3650 1460 3698 ²7
1493 3650 1504 3681 :
1536 3633 1642 3683 «Et
1669 3633 1850 3698 taedet,
1876 3652 1926 3690 et
1953 3659 2133 3696 amore
2164 3664 2248 3697 ar-

1216 3707 1336 3758 deo.
1356 3734 1377 3754 ι

1302 3805 1352 3838 2.
1383 3790 1558 3841 Nescio
1576 3832 1589 3852 ‚
1623 3793 1847 3846 formam
1877 3798 2127 3854 nimirum
2152 3823 2251 3873 pu·

1216 3867 1331 3918 ellae
1358 3871 1591 3935 amabat,
1617 3885 1670 3923 at
1693 3876 1804 3943 ejus
1827 3893 1998 3928 mores
2023 3878 2250 3938 detesta-

1216 3947 1389 3999 batur.
1413 3950 1499 4001 Cs.
1527 3951 1707 4022 Epigr.
1733 3954 1967 4019 LXXII,
1993 3979 2048 4028 7,
2074 3964 2126 4015 8.
