2986 4935
532 461 652 527 ET
707 461 1336 529 VARIETATEM
1394 463 1956 533 LECTIONIS.

270 590 448 641 Caelius
473 579 581 654 (M.
613 579 818 657 Rufus)
847 588 1056 650 LVIII,
1098 610 1139 642 1.

269 671 419 719 Coenu
443 688 573 738 rogo
597 669 837 739 imposita
867 688 892 720 a
918 671 1198 739 pauperio-

169 749 334 801 ribus
363 747 524 817 diripi
556 749 739 809 solita,
768 749 915 811 LIX,
952 749 1006 800 3.

275 829 500 889 Colonia,
543 828 722 879 XVII.

268 908 554 958 Commodus
580 907 745 976 quid?
775 908 824 958 X
843 947 856 966 ,
897 913 985 962 26.

271 987 578 1056 Comparatio
642 988 836 1039 amoris
915 988 1201 1058 conjugalis

173 1085 308 1119 cum
345 1069 451 1118 vite
480 1067 655 1118 arbori
689 1066 1006 1131 inhaerente,
1045 1069 1200 1131 LXI,

185 1149 324 1197 106.
343 1179 421 1188 —-
443 1145 766 1215 frigescentis
788 1165 907 1198 cum
933 1147 1065 1198 flore
1087 1166 1202 1200 sue·

171 1227 297 1278 ciso
314 1264 329 1289 ,
348 1225 427 1276 XI
441 1263 456 1286 ,
483 1245 509 1276 ι
526 1245 544 1277 1
559 1265 570 1276 .
594 1257 672 1268 --
692 1225 916 1277 flammae
938 1228 1201 1280 rutilantis

174 1323 311 1357 cum
335 1305 571 1356 crinibus
591 1339 605 1364 ‚
637 1304 757 1356 LXI
774 1344 788 1367 ,
812 1310 902 1373 76.
929 1339 1004 1346 —
1026 1306 1199 1375 magni

174 1385 398 1436 numeri
444 1403 567 1436 cum
606 1384 773 1436 aristis
790 1424 804 1447 ,
848 1386 1080 1437 XLVIII
1100 1424 1114 1450 ,
1147 1388 1196 1438 5.

174 1494 268 1507 —-
290 1465 473 1536 puellae
495 1482 614 1517 cum
651 1463 816 1516 hoedis
835 1503 849 1528 ,
877 1466 1036 1517 XVII
1062 1507 1077 1530 ,
1113 1484 1132 1517 1
1148 1467 1197 1518 5.

174 1574 268 1584 —-
292 1557 493 1613 myrto,
532 1543 654 1595 LXI
677 1583 692 1607 ,
736 1565 762 1597 2
779 1563 823 1595 ι.
853 1577 932 1586 --
953 1547 1162 1597 Venere
1183 1584 1197 1604 ,

174 1624 339 1685 LXI,
371 1624 460 1691 98.
485 1657 564 1665 —
583 1642 701 1675 cum
725 1625 867 1688 uvis,
890 1625 1052 1676 XVII
1070 1665 1084 1690 ,
1113 1630 1197 1678 16.

273 1702 531 1771 Compom’,
559 1704 780 1754 verbum
820 1703 870 1754 in
904 1723 960 1757 re
987 1705 1200 1758 funebri

175 1782 438 1834 usitatum
461 1822 476 1846 ,
502 1783 763 1844 LXVIII,
799 1786 890 1850 98.

273 1862 570 1913 concubinus
614 1874 795 1933 nuptae
828 1865 973 1931 jusso
1012 1862 1199 1915 tonde-

177 1956 308 2005 tur,
332 1941 484 2003 LXI,
520 1942 642 1995 138.

273 2022 551 2072 Consecutio
591 2034 887 2092 temporum
928 2022 1160 2092 neglecta
1187 2062 1203 2086 ,

178 2100 385 2163 LXIV,
425 2104 551 2154 126.

273 2180 569 2231 Conturbare
610 2179 677 2232 de
711 2179 1079 2233 decoctoribus
1119 2180 1200 2233 di-

179 2261 329 2315 citur
347 2297 361 2322 ,
383 2260 454 2323 V,
488 2280 509 2313 1
530 2279 548 2311 ι
563 2301 576 2313 .

272 2341 435 2391 Cornu
476 2340 740 2392 aduncum
777 2340 1020 2412 Phrygiae
1061 2341 1202 2393 tibiae

172 2422 458 2490 junctum,
484 2421 681 2484 LXIV,
714 2423 844 2483 264.

273 2500 455 2568 Corpus
477 2519 576 2570 pro
592 2512 758 2569 pectus
782 2519 809 2552 a
833 2499 1060 2553 librariis
1082 2501 1200 2551 sub·

179 2579 429 2632 stitutum
449 2619 463 2644 ,
495 2580 695 2647 LXIV,
724 2600 789 2632 22
807 2600 853 2633 1.

272 2658 502 2710 Cor-ruere
539 2660 706 2711 active
737 2679 836 2730 pro
874 2672 1201 2730 prosternere

179 2738 413 2802 (licitur,
442 2740 711 2801 LXVIII,
742 2742 833 2791 52.

273 2820 476 2870 Credere
518 2831 570 2870 et
621 2820 807 2870 undere
857 2838 991 2888 saepe
1030 2838 1200 2889 perm.

180 2899 425 2958 LXVII,
460 2919 512 2966 9.

270 2979 491 3046 Crepidae
517 2979 796 3030 carbatinae
813 3016 828 3041 ,
857 2978 1121 3039 XCVIII,
1150 2986 1199 3039 4.

271 3058 498 3127 Cybelle,
526 3059 732 3118 LXIII,
761 3060 979 3128 Argum.

270 3137 461 3206 Qrcnea
493 3156 609 3198 arx,
640 3138 878 3200 LXVII,
910 3137 998 3189 32.

271 3217 485 3286 Cyrene,
508 3218 612 3268 vll
630 3255 645 3280 ‚
682 3223 732 3279 4.

271 3298 478 3366 Cytorus
498 3337 510 3358 ,
543 3298 640 3360 lv,
682 3303 765 3349 13.

657 3454 738 3516 D.

264 3617 476 3666 Daulias
504 3615 709 3683 Progne
740 3608 881 3662 unde
912 3609 987 3661 sic
1029 3609 1165 3661 dicta
1187 3648 1201 3673 ,

181 3697 355 3758 LXV,
388 3702 475 3759 ¹4·
501 3722 582 3733 —
601 3692 862 3744 dissensus
898 3689 949 3740 in
988 3692 1099 3759 ejus
1127 3691 1201 3741 fa·

179 3777 310 3829 bula
334 3814 350 3838 ,
378 3775 494 3825 ibid.

264 3855 345 3906 De
389 3852 475 3905 die
515 3870 613 3923 pro
662 3850 827 3902 multa
868 3847 1039 3901 adhuc
1079 3847 1200 3909 dic,

180 3935 418 3995 XLVII,
449 3938 500 3984 6.

263 4016 345 4065 Dc
389 4026 439 4064 et
478 4012 551 4063 Di
590 4011 643 4062 in
684 4009 857 4060 verbis
901 4007 1201 4077 compositis

179 4094 464 4165 saepissime
494 4110 659 4162 perm.
689 4091 885 4150 LXIV,
923 4088 1047 4139 ²08.

263 4176 452 4225 Dedere
473 4213 487 4237 ,
512 4172 661 4235 LXI,
699 4169 784 4236 59.

1369 593 1617 661 Deprecor
1651 596 1796 646 casui
1847 595 2006 648 tertio
2044 598 2312 668 jungitur,

1292 672 1450 733 CIII,
1480 673 1532 724 3.

1370 751 1647 820 Deprendi,
1682 754 1835 817 LVI,
1872 756 1922 805 5.

1370 830 1672 882 Desidet-ium
1695 834 1870 902 puella
1889 833 2086 886 dicitur
2104 875 2118 900 ,
2142 837 2225 899 11,
2256 841 2303 888 5.

1369 910 1649 978 Despuendi
1698 931 1858 964 omen
1908 915 2105 966 malum
2161 935 2306 979 mos,

1289 987 1361 1049 L,
1405 1007 1496 1058 19.

1368 1068 1682 1132 Destittatus,
1712 1072 1875 1133 VIII,
1909 1091 1995 1139 19.

1370 1148 1539 1199 Diana
1584 1169 1679 1201 cur
1722 1153 1919 1220 οὐρανία.
1957 1165 2009 1203 et
2054 1156 2306 1223 ὀρεοκόμος

1289 1225 1477 1279 dicta?
1544 1229 1806 1292 XXXIV,
1871 1252 1922 1299 9.
1967 1265 2045 1273 —
2084 1231 2302 1296 Trivia,

1289 1307 1548 1371 XXXIV,
1598 1308 1683 1359 13.
1711 1333 1788 1341 —
1815 1310 1861 1360 ei
1890 1311 2142 1363 tribuitur
2184 1331 2307 1365 cura

1291 1386 1538 1456 frugum,
1574 1387 1834 1451 XXXIV,
1875 1408 1960 1459 ¹7·
2005 1420 2082 1430 -—
2124 1391 2307 1444 Sancta

1291 1480 1458 1517 mater
1500 1466 1718 1536 Σώτειρα.
1759 1481 1811 1520 et
1847 1475 2101 1537 πολιοῦχος
2144 1470 2310 1535 dicta,

1293 1546 1553 1609 XXXIV,
1585 1566 1610 1597 2
1628 1564 1672 1598 ι.

1369 1625 1462 1676 Dii
1491 1625 1722 1678 litorales
1748 1627 1875 1696 qui,
1905 1629 2001 1691 IV,
2037 1649 2125 1681 αι.

1371 1704 1595 1771 Diliget-e
1622 1718 1673 1757 et
1703 1724 1879 1758 amare
1908 1707 2180 1776 quomodo
2210 1708 2311 1760 dif-

1294 1784 1460 1835 ferant
1486 1823 1500 1846 ,
1526 1784 1730 1835 LXXII
1751 1823 1765 1848 ,
1801 1794 1851 1848 4.

1375 1863 1672 1933 Dindymus,
1703 1865 1913 1927 LXIII,
1948 1885 1997 1918 2.

1374 1943 1568 1994 DLcerit
1626 1962 1725 2013 pro
1797 1944 1974 1994 dixisse

1292 2023 1596 2087 LXXXIV,
1639 2026 1688 2072 6.

1374 2103 1653 2170 Dispicere,
1680 2102 1859 2154 LXVI
1879 2141 1894 2165 ,
1929 2122 1972 2154 1.

1373 2182 1636 2232 Dissidium
1665 2195 1716 2234 et
1753 2181 2001 2233 dekcidium
2033 2183 2307 2252 quomodo

1290 2258 1570 2324 differant,
1604 2262 1808 2323 LXVI,
1844 2282 1932 2315 2².

1368 2341 1594 2391 Dominoe
1616 2353 1876 2392 vocantur
1899 2341 2086 2412 puellae
2105 2357 2156 2394 et
2177 2362 2306 2394 uxo·

1289 2439 1398 2484 res,
1427 2422 1581 2482 LXI,
1617 2422 1646 2473 3
1664 2437 1708 2473 1.

1369 2502 1559 2552 Ducere
1591 2515 1640 2553 et
1664 2501 1819 2551 dicere
1845 2522 2015 2572 perm.
2044 2503 2307 2565 LXVIII,

1292 2582 1344 2633 8.
1371 2614 1447 2623 --
1482 2582 1699 2632 Ducebat
1725 2595 1776 2632 et
1812 2583 2028 2645 dicebat,
2053 2583 2186 2632 VIII
2205 2621 2218 2644 ,
2252 2591 2302 2645 4.

1368 2661 1501 2711 Dum
1533 2674 1584 2712 et
1613 2681 1716 2711 cum
1744 2680 1909 2731 perm.
1944 2662 2139 2724 LXIV,
2169 2663 2299 2728 389.

1372 2741 1691 2792 Durrachium
1707 2781 1722 2805 ,
1749 2741 1849 2792 XX
1861 2742 2015 2802 XVI,
2052 2759 2070 2791 1
2088 2745 2135 2792 5.

1758 2878 1829 2939 E.

1370 3036 1481 3085 an
1511 3032 1684 3095 unda,
1716 3035 1823 3097 XI,
1862 3037 1910 3087 3.

1373 3116 1751 3182 Epithalamium
1794 3113 1965 3185 quid?
1999 3115 2158 3179 LXI,
2189 3135 2304 3186 pag.

1300 3196 1442 3324 '7335
1471 3286 1523 3323 et
1544 3286 1616 3322 est
1641 3292 1810 3342 perm.
1846 3274 2079 3336 LXVII,
2112 3278 2164 3325 6.

1369 3355 1571 3404 Etrusci
1614 3351 1755 3404 unde
1810 3354 1989 3416 obesi,
2034 3353 2308 3414 XXXIX,

1299 3450 1317 3482 ¹
1338 3452 1355 3483 ι
1374 3471 1667 3580 ‘Eu-promere
1728 3524 1778 3562 et
1845 3532 2074 3580 exponere
2140 3529 2306 3583 pcrm.

1292 3592 1461 3655 LXV,
1490 3594 1540 3644 3.

1371 3672 1614 3722 Externus
1683 3683 1735 3722 et
1791 3683 2022 3721 exeremus
2079 3687 2306 3741 permut.

1289 3749 1555 3814 LXVIII,
1595 3768 1719 3802 100.

2049 1944 2263 1998 videtur
2296 1989 2309 2010 ,

1799 3854 1870 3916 F.

1366 4003 1521 4054 Faces
1553 4002 1605 4053 in
1642 4019 1834 4070 pompa
1866 4001 2090 4069 nuptiali
2125 4004 2310 4072 praela-

1291 4097 1387 4140 τε,
1417 4083 1576 4142 LXI,
1613 4082 1699 4132 15.

1371 4162 1526 4212 Facta
1557 4162 1744 4224 ctsata
1782 4172 2008 4230 permut.
2045 4160 2216 4226 va,
2255 4180 2309 4229 9.
