2986 4935
1192 442 1266 506 C.
1311 442 1751 507 VALERll
1810 443 2273 509 CATULLI

1200 647 1758 734 CARMEN
1835 649 2272 742 XXXII.

1363 858 1467 900 AD
1526 856 2103 903 IPSITHJLLAM.

678 464 812 507 112

994 1030 1292 1110 Amano,
1328 1050 1476 1094 mea
1520 1023 1728 1094 dulcis
1762 1026 2121 1120 Ipsithilla‚

992 1136 1160 1200 Meae
1205 1131 1486 1217 deliciae,
1519 1134 1647 1200 mei
1690 1132 1984 1226 leporeS,

992 1239 1159 1306 Jube
1196 1238 1277 1305 ad
1319 1254 1381 1305 te
1429 1241 1687 1306 veniam
1736 1238 2173 1309 meridiatum.

996 1344 1196 1433 Quod
1240 1345 1291 1411 si
1319 1345 1623 1436 jusseris,
1658 1343 1816 1412 illud
1855 1345 2199 1438 adjuvatO,

996 1451 1097 1517 Ne
1135 1453 1277 1543 quis
1316 1450 1552 1518 liminis
1595 1450 1856 1519 obseret
1900 1450 2241 1537 tabellam,
2804 1492 2826 1524 ε.

997 1557 1144 1624 Neu
1191 1557 1308 1623 tibi
1349 1555 1571 1624 lubeat
1615 1556 1790 1624 foras
1832 1557 2045 1642 abire3

1000 1663 1128 1731 Sed
1172 1662 1348 1730 domi
1394 1688 1694 1747 maneas,
1735 1688 2053 1757 paresque
2094 1665 2283 1731 nobis

1001 1772 1259 1837 Novem
1305 1771 1648 1836 continuas
1697 1769 2071 1838 fututiones.

1001 1877 1289 1957 Verum,
1327 1877 1378 1943 si
1417 1876 1574 1969 quid
1607 1900 1798 1968 ages,
1829 1878 2045 1944 statim
2073 1876 2337 1968 jubete,

1003 1982 1173 2048 Nam
1218 2006 1496 2075 pransus
1531 1982 1756 2074 jace0,
1787 1997 1853 2048 et
1895 1997 2075 2049 satur
2118 1983 2387 2076 supinus

1001 2088 1335 2156 Pertundo
1376 2090 1831 2181 tunicamque,
1877 2088 2294 2182 palliumque.

770 2274 908 2323 Aac.
937 2271 1068 2321 Tam
1097 2271 1255 2335 cibis,
1287 2290 1444 2341 quam
1483 2270 1708 2323 libidine
1795 2284 1845 2322 et
1881 2271 2181 2341 compositae
2215 2284 2334 2322 sunt
2358 2273 2571 2341 januam
2602 2272 2700 2325 has
2743 2288 2825 2326 ta·

691 2365 807 2422 post
847 2349 1132 2419 prandium
1184 2351 1402 2420 plenuS,
1438 2351 1709 2402 meridiari
1796 2350 1941 2401 bulas
1992 2363 2141 2401 vocat
2197 2351 2459 2402 Homerus
2511 2349 2725 2413 σανίδας
2770 2350 2822 2405 εὖ

692 2445 742 2483 ct
775 2430 998 2500 ineptire
1037 2430 1148 2481 vult
1187 2428 1329 2501 apud
1369 2432 1709 2500 Ipsithinam,
1798 2431 2053 2500 ἀραρυῖας,
2076 2428 2263 2501 Odyss.
2278 2431 2465 2495 XXII,
2500 2433 2825 2506 128.Super

694 2529 848 2580 qnam
868 2550 881 2572 ‚
907 2523 962 2560 ut
994 2510 1201 2579 copiam
1230 2510 1327 2560 sibi
1361 2510 1633 2578 explendae
1652 2511 1711 2561 li·

694 2588 891 2640 bidinis
919 2589 1068 2639 faciat
1089 2626 1102 2651 ‚
1141 2588 1260 2639 satis
1298 2588 1577 2641 libidinose
1609 2590 1711 2641 sol·

692 2669 870 2720 licitat.

781 2766 819 2799 1.
848 2748 1058 2809 Amabo,
1080 2748 1197 2816 jube
1220 2748 1273 2798 h.
1299 2766 1346 2797 e.
1367 2748 1493 2817 jube
1519 2765 1711 2816 quaeso,

699 2846 937 2897 magnam
971 2828 1188 2896 gratiam
1226 2824 1369 2897 apud
1402 2846 1486 2878 me
1517 2827 1675 2878 inibis
1699 2866 1712 2891 ,

700 2908 740 2958 si
780 2908 1009 2977 jusseris,
1049 2906 1196 2976 Saepe
1243 2907 1353 2956 haec
1402 2904 1717 2958 blandientis

698 2987 952 3056 particula
982 2987 1133 3038 obvia
1169 2999 1242 3037 est
1279 2984 1420 3056 apud
1453 2986 1713 3038 Comicos.

699 3067 953 3136 Hispieilla
993 3068 1193 3136 profert
1236 3067 1453 3117 Vossius
1481 3085 1545 3116 ex
1578 3065 1714 3116 libro

698 3147 895 3206 veteri,
929 3148 1209 3217 Hypsithila
1232 3146 1398 3216 Vulp.

772 3233 822 3288 4.
841 3227 1164 3277 Mer-icliatum.
1190 3224 1533 3276 Meridiantes
1548 3224 1714 3275 amori

701 3305 886 3357 ludum
930 3304 1131 3356 dedisse
1170 3303 1309 3373 apud
1346 3306 1594 3367 Veteres,
1633 3303 1714 3354 vel

702 3386 811 3435 sine
831 3385 1081 3453 exemplis
1096 3384 1245 3435 facile
1268 3384 1358 3435 tibi
1384 3380 1716 3454 persuadeas,

700 3483 795 3516 nec
821 3462 1017 3514 indicio
1046 3483 1163 3514 meo
1199 3463 1411 3514 sortasse
1443 3463 1614 3530 egebit
1645 3462 1717 3512 la·

705 3545 841 3596 sciva
871 3543 958 3594 illa
1000 3541 1296 3594 meridiatio
1327 3541 1506 3594 Ovidii
1534 3544 1715 3592 Amor.

705 3626 727 3674 1
743 3663 756 3686 ,
772 3624 990 3691 Eleg.V.
1004 3622 1325 3690 —Adjubeto
1340 3621 1452 3672 vult
1480 3620 1722 3672 Gifanius

706 3704 758 3754 iu
780 3700 961 3754 Indice
984 3703 1192 3752 Lucret.
1217 3722 1256 3750 s.
1277 3720 1326 3750 v.
1356 3701 1638 3751 adcrescere.

788 3784 838 3833 5.
871 3785 1067 3833 Liminis
1114 3781 1213 3830 obs.
1254 3781 1492 3831 tabellam.
1523 3780 1720 3831 Ornate

705 3863 877 3913 liminis
902 3861 1075 3912 tabella
1091 3880 1187 3929 pro
1202 3861 1313 3929 ipsa
1328 3863 1483 3930 janua
1503 3897 1516 3922 ,
1531 3878 1710 3928 quam,

706 3956 762 3994 ut
824 3943 957 3993 bene
1005 3941 1245 3992 observat
1273 3939 1514 3996 Vossius,
1565 3939 1718 3989 etiam

707 4021 875 4074 Graeci
907 4015 1089 4073 σανίδα
1123 4020 1206 4072 καὶ
1236 4021 1405 4086 πτύχα
1432 4031 1685 4070 vocarunt
1704 4056 1719 4080 ,

706 4102 827 4168 quia
847 4121 906 4153 ex
929 4099 1115 4152 tabulis
1136 4097 1397 4149 sectilibus
1413 4110 1721 4148 constructum

1798 2512 1961 2562 verbo
1989 2511 2205 2561 obserare
2234 2509 2448 2562 vidend.
2479 2510 2722 2581 sagittar.
2754 2512 2827 2565 de

1795 2590 1979 2641 Januis
2011 2592 2291 2654 Veterum,
2319 2609 2431 2659 cap.
2456 2591 2539 2654 X,
2576 2586 2627 2653 5.
2667 2596 2702 2644 6
2725 2632 2741 2655 ,
2770 2612 2823 2663 7.

1798 2688 1915 2739 pag.
1943 2671 2012 2721 68
2030 2710 2042 2730 ‚
2075 2674 2168 2737 69.

1881 2767 1934 2816 7.
1953 2748 2035 2799 Cf.
2058 2749 2158 2800 Ov.
2189 2750 2371 2801 Amor.
2390 2750 2471 2801 111
2490 2789 2506 2814 ,
2532 2769 2587 2818 7,
2604 2750 2698 2814 25,
2725 2755 2825 2805 ²6.

1882 2847 1935 2895 9.
1965 2827 2022 2879 Si
2052 2829 2170 2899 quid
2201 2847 2332 2896 ages.
2362 2829 2471 2879 Nos
2498 2846 2512 2880 :
2549 2848 2705 2882 wenn
2748 2830 2826 2883 du

1800 2919 1950 2958 etwas
1991 2907 2124 2958 thun
2174 2908 2340 2961 willst.
2360 2941 2442 2950 —-
2459 2906 2517 2958 Si
2559 2909 2680 2981 quid
2726 2930 2830 2981 ago

1801 2998 1957 3038 tentat
1976 2987 2205 3057 Vulpius
2230 2999 2281 3039 et
2317 2987 2577 3058 explieat:
2612 2989 2655 3040 si
2688 2988 2829 3061 quid

1799 3067 2045 3135 precibus
2069 3067 2308 3135 proficio.
2323 3066 2458 3118 —Si
2477 3085 2599 3118 vere
2623 3086 2714 3120 me
2739 3069 2833 3123 ad·

1798 3147 1981 3213 juvare
2006 3146 2404 3217 velismamqne
2429 3146 2470 3197 si
2499 3144 2829 3214 tardaveris,

1801 3225 1932 3278 nihil
1956 3227 2136 3294 egeris.
2167 3227 2234 3278 N.

1893 3324 1912 3356 1
1926 3324 1980 3357 o.
2000 3304 2173 3357 Satur:
2194 3325 2293 3376 pro
2316 3303 2461 3375 quod
2489 3304 2683 3358 Statius
2713 3328 2832 3361 ma-

1804 3384 1918 3434 vult
1942 3384 2088 3437 Satlce
2104 3404 2134 3436 a
2156 3404 2319 3454 graeca
2339 3402 2467 3437 voce
2486 3385 2611 3441 σάθη
2631 3382 2832 3447 (mem-

1804 3464 1960 3514 brum
1978 3460 2143 3527 virile)
2153 3483 2330 3534 quam,
2343 3482 2447 3514 non
2464 3482 2725 3535 sagacem,
2737 3468 2831 3521 sed

1805 3543 1995 3594 rectius
2007 3543 2222 3595 salacem
2237 3545 2587 3613 conjecturam
2608 3543 2831 3599 dixeris.

1891 3640 1913 3672 1
1934 3641 1953 3674 1
1966 3662 1978 3673 .
1998 3623 2241 3674 Pet-tundo
2256 3636 2356 3676 eun.
2369 3623 2494 3691 pall.
2521 3624 2745 3676 Plenius
2775 3626 2832 3679 id

1807 3702 2057 3770 expressit
2081 3702 2336 3755 Martialis
2358 3741 2373 3765 ‚
2395 3703 2472 3753 XI
2491 3740 2506 3766 ‚
2539 3722 2559 3755 ι
2574 3706 2607 3754 6
2622 3742 2637 3766 ,
2669 3704 2728 3758 5.
2752 3736 2835 3748 —

1807 3782 2018 3832 Pallium
2063 3795 2203 3833 recte
2244 3782 2469 3852 explicat
2498 3783 2738 3854 Vulpius
2765 3785 2835 3838 de

1806 3874 1944 3911 veste
1971 3863 2211 3932 stragula.
2240 3859 2366 3913 Vid.
2398 3861 2741 3914 Burmannus
2763 3864 2834 3918 ad

1809 3938 1967 3992 ovid.
1995 3943 2174 3994 Amor.
2195 3941 2249 4006 Ι,
2273 3960 2300 3993 2
2315 3978 2332 4003 ‚
2358 3959 2410 4006 α,
2432 3942 2673 4012 profecto
2686 3945 2833 3997 enim

1806 4038 1915 4071 non
1944 4020 2103 4090 pallio
2127 4018 2341 4072 indutus
2367 4021 2586 4089 jacuisse
2616 4021 2839 4077 videtur

1807 4099 2037 4168 supinus.
