2986 4935
817 481 1267 551 CARMEN
1323 484 1698 552 LXVIII.

2171 490 2320 567 335

278 611 495 702 Quale
534 612 760 681 ferunt
796 613 982 682 Graii
1023 613 1362 681 Pheneum
1404 639 1614 710 prope
1652 615 2042 710 Cylleneum

386 722 650 789 Siccare
693 717 944 788 emulsa
981 721 1226 815 pingue
1264 719 1506 815 palude
1541 721 1792 810 solum3

282 828 485 916 Quod
529 826 868 922 quondam
913 829 1095 895 caesis
1138 829 1380 896 montis
1424 827 1663 898 fodisse
1699 832 2001 903 medullis

384 933 589 1003 Audit
626 931 1010 1027 falsiparens
1041 934 1704 1027 Amphitryoniades;

170 1115 438 1170 trudentis
452 1113 666 1168 miseros
683 1114 1042 1187 descriptione
1062 1134 1207 1168 com·

173 1210 326 1268 parat
365 1196 598 1268 Vulpius
638 1196 1015 1266 Fragmentum
1061 1197 1203 1247 Ana-

1297 1116 1443 1186 quod
1462 1119 1730 1190 explicant
1748 1123 1971 1185 audebat,
1989 1146 2133 1180 ausus
2149 1143 2319 1182 est.—

1297 1197 1499 1249 Fodisse
1528 1212 1704 1253 autem
1734 1201 1790 1253 in
1820 1221 1971 1256 versu
2001 1210 2190 1279 majori
2218 1231 2318 1281 pro

169 1278 424 1341 creontis,
438 1275 583 1347 quod
599 1289 763 1328 exstat
778 1275 918 1345 apud
934 1276 1199 1346 Hepbaest.
1280 1277 1456 1342 fodere
1478 1293 1726 1341 sumunt;
1762 1282 1909 1352 quod
1932 1303 2091 1355 quam
2119 1287 2317 1360 durum

170 1378 222 1428 p.
263 1365 364 1419 40,
393 1369 445 1409 et
476 1358 532 1409 in
559 1355 687 1407 edit.
715 1355 951 1408 Fischeri
978 1376 1030 1427 p.
1062 1362 1201 1424 269,

172 1446 224 1507 μ’
248 1428 383 1506 Epeo<
402 1437 622 1507 χειμερίῃ
644 1425 851 1489 &ouem
877 1439 923 1488 ἐν
950 1433 1199 1506 χαράδρῃ.

262 1536 387 1586 ¹⁰9·
445 1518 507 1568 In
560 1516 809 1587 plurimis
859 1515 1036 1569 Codd.
1088 1517 1200 1568 sine

171 1597 491 1668 aspiratione
512 1597 739 1649 Peneium
767 1597 851 1648 vel
875 1597 1099 1647 Peneum.
1119 1629 1200 1638 —--

170 1679 393 1730 Error-es
413 1677 755 1729 librariorum
784 1677 842 1728 in
869 1695 998 1727 voce
1033 1675 1199 1746 Cylle-

169 1778 308 1812 neum
330 1755 456 1809 vide
491 1755 635 1828 apud
661 1756 803 1809 Sant.
837 1757 996 1808 multi
1024 1769 1198 1809 tamen

168 1839 297 1890 libri
357 1837 517 1890 MSS.
569 1837 854 1907 genuinam
915 1837 1197 1889 lectionem

171 1920 453 1988 Cylleneum
492 1930 718 1970 servant.
761 1918 968 1968 Peneum
1002 1928 1200 1987 propter

169 2019 405 2050 amoenum
429 1998 662 2050 tentabat
675 1997 989 2050 Parthenius
1004 2036 1018 2060 ,
1038 2016 1197 2069 quem

168 2078 416 2132 nonnulli
447 2078 613 2130 secuti
643 2089 783 2130 sunt.

252 2177 280 2212 1
299 2178 382 2211 ιο.
408 2158 595 2211 Sia-ari
624 2157 680 2208 iu
729 2157 975 2209 omnibus
1012 2156 1192 2211 Codd.

165 2253 218 2290 et
241 2237 404 2292 editt.
436 2257 539 2310 pro
583 2256 691 2309 quo
720 2238 850 2289 olim
874 2240 983 2308 jam
1018 2240 1197 2288 siccare

164 2317 453 2390 legendum
500 2337 610 2370 esse
663 2318 998 2387 suspicabar;
1049 2318 1198 2369 bara-

166 2399 353 2451 thrum
374 2399 512 2451 enim
533 2417 643 2450 non
663 2397 903 2461 siccatur,
928 2396 1015 2450 sed
1040 2398 1197 2450 siccat

165 2476 1196 2551 paludosalooe.Vid.not.infr.—Nunc

163 2560 326 2613 video
379 2579 450 2613 ex
492 2570 623 2611 nota
658 2559 930 2619 Santenii,
965 2556 1107 2610 idem
1140 2559 1193 2609 in

162 2654 404 2694 mentem
420 2639 623 2692 venisse
636 2638 904 2692 Schrader-o
916 2637 1194 2691 Emendat.

161 2740 217 2792 p.
255 2720 560 2791 17.-Nou
582 2719 826 2771 dubitavi
847 2732 1021 2771 autem
1050 2737 1198 2788 aper-

162 2813 281 2854 tum
324 2800 522 2852 vitium
560 2799 746 2852 tollere
787 2813 838 2851 et
875 2799 1155 2850 lectionem
1180 2839 1194 2860 ‚

161 2899 330 2951 quam
372 2880 487 2951 ipsa
518 2898 601 2932 res
640 2878 863 2949 flagitat,
894 2880 953 2930 in
994 2891 1193 2930 textum

159 2961 421 3033 recipere.
441 2991 521 3002 —-
533 2959 637 3011 Pro
647 2962 828 3028 pingue
849 2957 991 3010 idem
1012 2959 1196 3011 Schra-

160 3040 329 3094 der-us
357 3040 585 3092 malebat
616 3050 773 3107 putre.
815 3070 899 3080 —
930 3039 1090 3103 Quale
1119 3058 1188 3090 sc.

158 3121 483 3173 barathrum
507 3118 658 3173 Graii
668 3119 841 3184 serunt
863 3122 1041 3169 siccare
1065 3119 1119 3171 h.
1144 3137 1189 3170 e.

158 3202 466 3263 exsiccare,
514 3218 742 3269 purgare
789 3195 931 3258 (non
985 3201 1189 3261 siccari,

158 3300 284 3333 nam
339 3280 421 3333 sic
478 3280 640 3331 scribi
694 3297 910 3349 quoque
968 3276 1195 3329 debebat

162 3352 400 3429 Quali),
442 3363 623 3428 pingue
685 3360 837 3409 solum
890 3351 1193 3424 (lutosum)

155 3443 346 3493 ern-dm
368 3439 549 3511 palude
573 3435 852 3500 (exhausta
881 3450 933 3489 et
960 3436 1196 3490 derivata

156 3520 366 3591 palude
420 3519 476 3570 in
538 3519 852 3570 barathrum
886 3507 901 3579 )
959 3518 1198 3570 Pheneum

149 3621 309 3671 prqoe
334 3599 637 3669 Cylleneum.
672 3598 802 3650 Erat
841 3599 1080 3648 Pheneum
1113 3598 1197 3649 vel

157 3681 394 3732 Phemius
422 3679 596 3749 prisca
624 3680 751 3731 urbs
775 3675 1012 3730 Axmdiae
1045 3669 1068 3745 ζ
1092 3677 1198 3729 Ho-

155 3762 295 3813 meri
346 3760 502 3822 Ilias,
543 3761 637 3823 11,
684 3760 789 3810 605
813 3756 864 3820 )‚
910 3759 964 3808 in
1018 3769 1198 3810 monte

157 3842 397 3910 Cyllene
417 3839 531 3891 sita.

246 3940 311 3973 ιι
334 3940 383 3973 1.
417 3919 621 3971 Fudisse
660 3936 938 3989 perperam
988 3918 1040 3967 in
1084 3916 1199 3967 Lei·

155 3999 311 4052 densi
349 4012 406 4050 et
433 4017 546 4049 uno
575 3998 857 4050 Saibautis.

244 4100 268 4133 ι
288 4099 388 4133 1².
444 4079 613 4131 Audet
661 4079 715 4130 in
770 4077 1018 4129 omuibus
1085 4076 1196 4128 fere

156 4160 314 4213 MSS.
344 4172 401 4210 et
429 4156 751 4210 editionibus
776 4156 1160 4227 antiquioribus
1182 4195 1196 4220 ,

1290 1358 1388 1420 sit,
1415 1359 1639 1428 quilibet
1669 1360 1821 1413 facile
1847 1366 2026 1419 sentit.
2055 1371 2316 1423 -Amus

1291 1436 1545 1490 exhibent
1583 1439 1736 1494 editt.
1784 1442 1991 1514 Grypb.
2036 1446 2233 1504 Mutet.
2264 1464 2318 1504 et

1288 1517 1421 1570 aliae.
1437 1518 1701 1589 Equidem
1714 1522 1923 1591 juvenis
1937 1526 2134 1593 adhuc,
2150 1548 2314 1601 quum

1288 1597 1520 1667 primum
1541 1600 1596 1650 in
1623 1600 1769 1654 hunc
1789 1602 1966 1657 locum
1989 1607 2313 1673 incidissem,

1284 1679 1393 1746 jam
1439 1691 1552 1730 tum
1591 1697 1696 1748 pro
1736 1682 1907 1733 Audet
1943 1688 2312 1756 reponendum

1288 1775 1396 1808 esse
1420 1762 1746 1828 conjeceram
1769 1763 1941 1825 audit,·
1961 1770 2199 1836 quamvis
2224 1771 2313 1825 hic

1287 1836 1436 1888 verbi
1472 1857 1597 1890 usus
1629 1858 1740 1892 non
1774 1843 1897 1894 satis
1926 1846 2088 1899 Poeta
2119 1847 2311 1918 dignus

1288 1916 1420 1967 mihi
1437 1916 1752 1985 videbatur-3
1774 1921 1866 1974 sed
1888 1943 2032 1977 nunc
2052 1946 2115 1978 eo
2129 1930 2310 1985 minus

1285 1992 1353 2047 de
1391 1996 1549 2066 hujus
1580 1999 1966 2055 emendationis
2007 2009 2311 2064 necessitate

1285 2073 1492 2140 dubito,
1508 2097 1673 2147 quum
1689 2080 1927 2134 eamdem
1946 2102 1975 2135 a
1994 2084 2162 2139 tribus
2176 2089 2309 2154 aliis,

1285 2173 1312 2205 a
1360 2156 1626 2209 Palmerio
1669 2160 1722 2210 in
1759 2160 1936 2230 Spicil.
1965 2184 2023 2234 p.
2057 2170 2169 2233 716
2194 2206 2210 2232 ,
2241 2172 2309 2221 ab

1284 2240 1572 2308 Anonymo
1624 2238 1860 2310 quodam
1913 2241 1968 2294 in
2024 2248 2312 2317 exemplari

1284 2315 1628 2372 Gronoviano
1642 2357 1656 2380 ,
1679 2331 1731 2371 et
1752 2323 2060 2390 nuperrime
2079 2343 2110 2378 a
2130 2326 2311 2380 Sente-

1283 2396 1374 2446 nio
1402 2398 1730 2467 propositam
1758 2399 1996 2469 videam;
2039 2422 2141 2476 qua
2181 2408 2304 2478 qui-

1284 2475 1405 2528 dem
1438 2478 1495 2528 in
1544 2491 1745 2531 textum
1783 2497 1992 2554 recepta
2032 2489 2307 2542 consulere

1284 2557 1550 2622 latinitati,
1569 2578 1688 2629 quae
1718 2562 1863 2615 illam
1884 2564 2099 2635 flagitat,
2122 2569 2305 2637 malui,

1285 2655 1444 2706 quam
1477 2641 1836 2708 superstitiose
1864 2643 2203 2700 librariorum
2228 2668 2308 2703 er·

1285 2717 1495 2769 roribus
1523 2718 1811 2774 adhaerere.
1845 2755 1925 2765 —
1947 2726 2135 2790 Audit,
2171 2729 2304 2781 sicut

1283 2797 1433 2858 cluet,
1464 2798 1522 2851 h.
1541 2800 1578 2850 l.
1601 2798 1773 2853 doctis
1796 2806 2188 2860 commentandi
2214 2828 2307 2860 an-

1282 2894 1392 2928 sam
1436 2879 1654 2947 praebet.
1691 2883 1863 2933 Audet
1894 2883 2203 2954 simplicius.
2236 2889 2304 2941 Et

1282 2957 1354 3008 sic
1395 2977 1622 3026 proesens
1663 2980 1763 3029 pro
1815 2965 2079 3030 preterito
2117 2968 2305 3037 saepius

1282 3051 1451 3106 poetae
1493 3052 1798 3108 posuerunt.
1830 3042 1927 3093 Ex.
1956 3063 2005 3112 g.
2046 3069 2068 3090 ιι
2090 3045 2302 3099 Tiburti

1283 3118 1514 3168 Remulo
1547 3116 1836 3171 ditissimus
1865 3123 1977 3173 olim
2005 3142 2124 3193 quae
2156 3130 2304 3178 mittit

1282 3195 1441 3248 dona.
1463 3237 1475 3248 .
1496 3237 1507 3249 .
1530 3237 1543 3249 .
1574 3197 1663 3248 ille
1693 3218 1791 3251 suo
1823 3202 2052 3255 moriens
2080 3203 2170 3256 dae
2207 3206 2302 3258 ha-

1282 3277 1407 3327 bere
1439 3277 1619 3346 nepoti
1646 3304 1693 3330 ·.
1725 3281 1917 3350 virgil.
1943 3282 2155 3335 AEneid.
2192 3287 2270 3338 lx
2286 3325 2302 3350 ‚

1288 3355 1418 3409 360.
1442 3358 1508 3408 N.
1530 3390 1609 3398 —-
1626 3359 1807 3421 Audit,
1837 3362 2003 3413 fertur
2025 3360 2153 3423 (vid.
2176 3368 2303 3418 Var.

1286 3438 1415 3488 Lect.
1442 3435 1463 3498 )
1488 3476 1504 3499 ‚
1543 3438 1839 3507 falsiparens
1897 3439 1918 3501 (
1941 3440 2302 3516 ψιυὸοπάτωρ)

1285 3517 1407 3587 quia
1428 3516 1555 3569 falsa
1579 3520 1989 3593 Amphitryonis
2011 3525 2187 3593 proles
2217 3526 2306 3577 ba·

1286 3597 1509 3649 bebatur
1532 3596 1784 3652 Hercules
1801 3639 1816 3662 ,
1830 3620 1994 3672 quum
2017 3622 2175 3656 verus
2193 3608 2305 3675 ejus

1286 3689 1436 3746 pater
1484 3691 1616 3729 esset
1674 3680 1899 3749 Jupiter.
1955 3715 2036 3723 —
2073 3683 2300 3736 Omnem

1286 3774 1400 3808 rem
1418 3757 1642 3808 illustrat
1671 3760 1818 3812 locus
1842 3761 2107 3814 Pausaniae
2129 3763 2182 3814 in
2202 3765 2302 3815 Ar-

1286 3833 1481 3887 cadicis
1522 3838 1689 3900 vul,
1743 3858 1789 3892 c.
1849 3849 1914 3904 ¹⁴5
1938 3880 1953 3903 ,
1999 3843 2092 3910 qui
2142 3843 2302 3897 tradit

1293 3941 1314 3961 α
1327 3915 1611 3968 Herculem
1631 3919 1898 3989 Tirynthe
1917 3921 1983 3971 ab
2003 3922 2302 3991 Eurystheo

1285 3995 1496 4064 pulsum
1551 3997 1821 4049 Pheneum
1877 4018 1932 4049 se
1987 4002 2241 4072 recepisse
2288 4026 2298 4054 :

1286 4093 1559 4145 quumque
1590 4077 1779 4129 Olbius
1820 4080 1986 4131 amnis
2021 4080 2304 4136 immodica

1286 4155 1534 4207 eluvione
1555 4156 1928 4211 Pher-caticum
1954 4179 2138 4229 agrum
2170 4165 2305 4215 obsi·
