2986 4935
629 407 774 479 362

1162 418 1238 482 C.
1281 415 1727 483 VALERII
1784 411 2243 480 CATO-Lm

1132 652 1692 740 CARMEN
1777 651 2281 739 LXXXII.

1393 878 1499 923 AD
1556 877 2021 935 QmN‘rlUM.

743 1063 1047 1148 QU1NT1‚
1083 1058 1134 1124 si
1177 1056 1297 1124 tibi
1336 1058 1433 1123 vis
1472 1055 1702 1125 oculos
1737 1056 1979 1124 debere
2017 1054 2355 1126 Catullum
2382 1110 2401 1141 ,

846 1168 978 1232 Aut
1022 1161 1234 1244 aliud,
1283 1165 1334 1231 si
1376 1162 1536 1255 quid
1580 1164 1796 1232 carius
1838 1177 1939 1231 est
1976 1162 2225 1250 oculis;

741 1273 1018 1364 Eripere
1063 1271 1124 1338 ei
1167 1269 1336 1355 noli,
1381 1268 1591 1338 multo
1630 1269 1811 1363 quod
1850 1271 2064 1338 carius
2107 1268 2199 1337 illi

848 1381 969 1445 Est
1011 1375 1255 1461 oculis,
1292 1379 1343 1445 si
1384 1377 1541 1468 quid
1578 1378 1793 1445 carius
1831 1391 1929 1445 est
1972 1376 2198 1445 oculis.

718 1582 854 1631 Ano.
878 1578 1188 1643 Quintium,
1213 1576 1448 1630 sodalem
1469 1597 1624 1629 suum
1645 1617 1660 1641 ‚

638 1659 848 1711 flectere
877 1658 1053 1711 studet
1084 1658 1334 1729 precibus
1352 1698 1366 1723 ,
1390 1677 1482 1718 ne,
1513 1656 1663 1729 quod

642 1740 819 1790 animo
866 1758 960 1790 suo
999 1740 1156 1808 longe
1203 1738 1530 1790 carissimum
1565 1738 1663 1801 sit,

641 1814 914 1888 (intellige
940 1809 1203 1890 puellam)
1239 1819 1341 1871 sibi
1372 1818 1660 1889 praeripiat.

641 1931 721 1940 -
747 1899 1028 1968 Eleganter
1068 1900 1171 1950 hoc
1212 1899 1537 1971 epigramma
1575 1916 1663 1949 ex·

643 1979 830 2048 pressit
864 1980 1045 2031 Joann.
1079 1978 1241 2030 Nicol.
1287 1978 1443 2033 Goetz
1481 1980 1672 2030 Vermi-

646 2060 776 2110 schte
812 2058 1046 2112 Gediclate
1073 2072 1204 2111 tom.
1233 2062 1288 2111 II
1305 2099 1320 2123 ‚
1346 2079 1398 2130 p.
1435 2079 1460 2110 2
1477 2060 1564 2111 15.

732 2157 753 2190 1
774 2179 789 2203 ‚
814 2159 863 2192 α.
892 2140 1121 2192 Sensus:
1157 2165 1179 2186 ι
1207 2141 1247 2191 si
1269 2141 1379 2203 vis,
1405 2140 1479 2190 mi
1502 2139 1672 2202 Quin·

645 2219 715 2279 ti,
742 2220 1010 2272 Catullum
1037 2220 1134 2271 tibi
1160 2219 1365 2290 aliquid
1388 2232 1669 2290 acceptum

645 2300 846 2351 referre
865 2338 879 2362 ,
906 2299 1050 2370 quod
1076 2318 1223 2369 aeque
1251 2320 1311 2352 ac
1343 2300 1528 2351 oculos
1554 2318 1674 2350 suos

645 2393 785 2430 amet
807 2417 823 2443 .,
847 2381 929 2430 vel
959 2379 1077 2449 plus
1105 2378 1238 2432 adeo
1266 2380 1435 2432 oculis
1462 2379 1599 2442 suis,
1629 2378 1672 2430 si

649 2457 781 2529 quid
810 2460 928 2529 plus
950 2460 1116 2511 oculis
1139 2460 1303 2511 amari
1332 2473 1534 2530 potest,
1562 2458 1673 2511 noli

641 2552 739 2590 etc.
780 2573 860 2581 —-
902 2541 1003 2590 Per
1045 2539 1329 2602 Quintium
1375 2540 1673 2608 intelligen-

641 2615 773 2668 dum
812 2638 920 2670 esse
950 2619 1336 2670 nobilissimum
1369 2619 1520 2671 illum
1550 2618 1678 2671 ado·

642 2697 925 2750 lescentem
941 2700 1306 2751 veronensem
1325 2739 1340 2763 ‚
1354 2701 1439 2768 cuj
1447 2719 1506 2750 us
1525 2718 1677 2750 men·

650 2775 724 2828 tio
762 2779 824 2829 fit
865 2779 1002 2831 infra
1027 2780 1278 2834 Carmine
1305 2782 1347 2833 C
1380 2780 1676 2849 suspicatur

1764 1579 2014 1650 Vulpius.
2047 1612 2125 1620 --
2170 1578 2344 1631 Cat-ius
2388 1590 2461 1630 ese
2505 1579 2687 1641 oculis,
2716 1578 2775 1630 cf.

1756 1660 1823 1713 C.
1854 1660 1968 1721 ΙΙΙ,
2001 1659 2050 1711 5.

1836 1741 1888 1791 3.
1926 1741 1996 1790 Εἰ
2027 1738 2460 1808 monosyllabum
2490 1756 2591 1809 per
2619 1756 2781 1807 synae·

1753 1820 1930 1883 resiu3
1958 1818 2199 1886 exempla
2231 1818 2496 1887 congessit
2519 1817 2727 1871 Statius.

1839 1905 1890 1961 4.
1939 1899 2036 1950 Seu
2076 1898 2195 1968 quid
2238 1898 2293 1949 in
2336 1898 2594 1951 omnibus
2636 1897 2776 1950 editt.

1762 1992 1886 2031 vett.
1907 1992 1957 2030 et
1975 1978 2221 2049 plurimis
2243 1979 2651 2033 recentioribus.
2672 1997 2786 2031 con-

1760 2072 1840 2111 tra
1891 2077 2101 2110 sensum
2153 2071 2206 2109 et
2255 2058 2512 2111 orationis
2567 2076 2781 2120 nexuum

1760 2139 1959 2190 nam'si
1998 2136 2130 2209 quid
2169 2141 2277 2208 jam
2319 2152 2396 2190 est
2424 2138 2599 2191 multo
2625 2139 2786 2191 carius

1760 2218 1961 2284 oculiS‚
2000 2219 2122 2289 qui,
2161 2236 2376 2288 quaem,
2419 2216 2586 2289 adjici
2625 2229 2786 2289 poten

1761 2319 1842 2348 seu
1863 2299 1981 2369 quid
1998 2302 2155 2350 carius
2178 2310 2250 2349 est
2270 2299 2420 2349 oculis
2437 2319 2457 2359 ,-
2485 2311 2549 2350 ut
2577 2312 2785 2360 tacoem,

1762 2379 2080 2449 particulam
2118 2399 2199 2429 seu
2229 2396 2338 2429 non
2369 2379 2520 2446 quid,
2552 2376 2643 2430 sed
2670 2377 2791 2448 quod

1764 2459 1818 2511 in
1868 2458 1972 2512 hoc
2016 2458 2270 2511 orationis
2317 2477 2460 2511 nexu
2503 2458 2783 2530 postulare.

1764 2538 1902 2591 Hinc
1930 2553 2070 2591 recte
2102 2538 2337 2591 Achilles
2362 2538 2562 2591 Statius
2589 2557 2689 2609 pro
2713 2557 2788 2588 seu

1768 2620 1887 2691 quid
1902 2618 2185 2688 legendum
2206 2620 2496 2688 suspicatus
2514 2633 2594 2671 est
2610 2617 2786 2689 siquid,

1768 2719 1927 2770 quem
1961 2713 2150 2770 praeter
2178 2698 2432 2751 Vossium
2461 2713 2513 2752 et
2539 2699 2788 2769 Vulpium

1768 2798 2040 2831 nemmem
2068 2791 2311 2832 secutum
2337 2797 2445 2831 esse
2474 2798 2699 2832 mireris.

1098 2992 1661 3080 CARMEN
1744 2992 2341 3078 LXXXIII.

1239 3220 1325 3262 IN
1386 3218 1804 3263 MARITUM
1862 3218 2190 3263 LESBIAE.

751 3402 1016 3467 LESBIA
1048 3400 1176 3483 mi,
1212 3413 1534 3492 praesente
1573 3399 1755 3486 viro,
1794 3397 1968 3465 mala
2008 3397 2292 3492 plurima
2334 3398 2532 3482 dicit;

726 3600 861 3650 Ano.
884 3594 1042 3647 Ridet
1064 3596 1315 3648 stolidum
1339 3596 1542 3648 Lesbiae
1565 3615 1671 3647 ma·

648 3679 807 3731 ritum
827 3717 842 3742 ‚
867 3677 986 3747 qui,
1008 3696 1173 3746 quum
1198 3679 1310 3746 ejus
1332 3695 1466 3728 uxor
1496 3677 1672 3728 Catul-

647 3760 759 3811 lum
788 3757 1041 3810 conviciis
1071 3775 1250 3809 coram
1285 3755 1398 3827 ipso
1427 3757 1671 3827 proscin-

651 3838 827 3902 deret,
857 3850 910 3891 et
943 3856 1152 3890 causam
1190 3835 1399 3889 rixandi
1440 3856 1567 3888 cum
1606 3856 1670 3888 eo

649 3931 942 3988 quaereret,
976 3918 1211 3985 impense
1251 3915 1320 3968 de
1346 3918 1457 3987 ejus
1482 3915 1590 3968 fide
1622 3930 1671 3969 et

649 3999 884 4050 castitate
902 4037 917 4061 ‚
972 4016 1132 4067 quam
1191 3995 1314 4048 inde
1365 3998 1671 4066 colligebat,

651 4078 940 4131 laetabatur,
980 4080 1045 4128 At
1082 4078 1352 4138 CatulluS,
1388 4077 1672 4130 mulierum

1760 3594 1996 3647 indolem
2013 3596 2202 3649 melius
2220 3610 2555 3668 perspectam
2575 3598 2788 3656 hahens,

1759 3676 1917 3746 longe
1953 3676 2101 3728 aliter
2139 3675 2205 3729 de
2242 3677 2348 3730 hoc
2378 3678 2586 3730 Lesbia
2630 3697 2683 3730 se
2712 3695 2787 3746 ge·

1760 3755 2092 3808 rendi‘more
2123 3757 2284 3809 sentit
2317 3775 2380 3810 ac
2401 3756 2621 3827 judicat.
2656 3759 2786 3809 Cou-

1764 3835 2048 3889 ferendum
2091 3835 2312 3889 omnino
2353 3856 2477 3890 cum
2520 3839 2626 3892 hoc
2666 3836 2786 3908 Epi-

1762 3934 2002 3986 gramma
2026 3917 2198 3969 XCII.

1851 4014 1896 4047 1.
1923 3997 2063 4047 Mala
2085 3997 2298 4066 plurima
2319 3997 2459 4060 dicit,
2483 3998 2720 4050 convicia
2741 3994 2786 4046 in

1766 4096 1848 4127 me
1873 4077 2225 4144 jacit.Tibull.
2253 4078 2298 4139 Ι,
2328 4097 2381 4141 2,
2413 4095 2432 4129 1
2453 4095 2471 4129 ι
2494 4096 2507 4130 ;
2534 4078 2630 4130 uEt
2658 4075 2780 4129 mala
