2986 4935
738 475 884 544 316

1246 481 1322 543 C.
1368 478 1797 544 VALERII
1860 474 2312 543 CATULLI
2907 325 2913 584 i

1644 674 1940 719 IANUA-

851 804 1140 871 Primum
1171 804 1398 895 igitur,
1429 805 1618 896 virgo
1650 802 1827 895 quod
1865 801 2072 869 fertur
2104 799 2344 866 tradita
2376 797 2595 880 nobis,

955 907 1214 976 Falsum
1251 922 1365 976 est.
1403 907 1555 976 Non
1595 906 1770 976 illam
1810 909 1914 973 vir
1949 908 2129 999 prior
2159 905 2495 997 attigerat,

854 1013 1256 1107 Languidior
1286 1027 1510 1082 tenera
1538 1015 1693 1106 quoi
1723 1012 2014 1106 pendens
2047 1009 2249 1080 sicula
2278 1010 2459 1093 beta,

958 1123 1312 1211 Nunquam
1351 1144 1419 1186 se
1451 1119 1734 1188 mediam
1767 1116 2026 1187 sustulit
2060 1117 2143 1184 ad
2183 1116 2508 1200 tunicam;
2919 1147 2920 1208 χ

855 1224 979 1292 Sed
1016 1239 1203 1317 pater
1235 1223 1401 1293 illius
1432 1227 1568 1293 nati
1606 1224 1881 1294 violasse
1913 1221 2126 1291 cubile

961 1332 1252 1408 Dicitur,
1284 1346 1351 1398 et
1379 1333 1685 1399 miseram
1722 1327 2196 1399 conscelerasse
2228 1327 2539 1408 domum;

859 1439 1007 1504 Sive
1041 1436 1218 1530 quod
1248 1438 1448 1530 impia
1480 1462 1664 1504 mens
1702 1461 1876 1505 caeco
1913 1434 2231 1528 flagrabat
2257 1456 2516 1513 amore,

961 1544 1092 1610 Seu
1128 1541 1306 1636 quod
1342 1544 1516 1610 iners
1556 1543 1761 1610 sterili
1799 1543 2044 1610 semine
2081 1552 2271 1607 natus
2305 1552 2469 1606 erat.

855 1649 942 1714 Et
976 1648 1397 1740 quaerendum
1438 1649 1610 1715 unde
1647 1649 1818 1716 unde
1854 1647 2023 1715 soret
2058 1645 2399 1713 nervosius
2430 1642 2626 1726 illud,

963 1752 1158 1840 Quod
1198 1768 1417 1846 posset
1451 1779 1684 1821 zonam
1722 1754 1973 1821 solvere
2006 1754 2386 1844 virgineam.

1569 1938 2031 1982 CATULLUS.

857 2063 1213 2156 Egregium
1255 2087 1481 2130 narras
1518 2065 1679 2131 mira
1723 2063 1961 2155 pietate
2003 2075 2375 2155 parentem,

843 2271 930 2303 20.
987 2251 1203 2324 Namque
1251 2253 1381 2302 illam
1421 2284 1498 2293 —
1538 2255 1765 2319 attigerat

759 2331 881 2381 Stat.
910 2360 989 2370 —
1016 2331 1129 2382 Non
1156 2335 1237 2398 qai
1267 2331 1397 2381 illam
1422 2335 1504 2381 vir
1522 2334 1660 2399 prior
1689 2343 1764 2380 at·

763 2412 925 2479 tigerit
949 2409 1194 2472 Vossius,
1237 2407 1515 2460 accedente
1548 2410 1763 2480 Vulpio.

762 2522 840 2530 —-
876 2489 1077 2557 Nonque
1110 2489 1242 2539 illam
1271 2493 1352 2539 vir
1374 2492 1513 2557 prior
1541 2494 1768 2559 attigerat

762 2569 933 2619 GraeV.
975 2596 1055 2606 —
1096 2568 1210 2617 Non
1260 2569 1407 2621 illam.
1462 2567 1766 2639 Suspectam

761 2647 895 2698 hanc
938 2646 1214 2697 lectionem
1264 2666 1369 2698 esse
1387 2684 1403 2710 ‚
1442 2661 1658 2717 apparet
1705 2668 1766 2699 ex

765 2726 820 2774 V
814 2745 888 2777 ar.
927 2726 1056 2776 Lect.
1092 2755 1170 2764 —
1195 2724 1455 2797 Equidem
1489 2726 1767 2796 legendnm

760 2817 887 2874 puto
911 2805 1165 2876 Nunquam
1186 2806 1317 2856 illam
1332 2847 1347 2869 ,
1373 2804 1517 2875 qnod
1537 2807 1684 2858 facile
1708 2825 1766 2857 ex

761 2884 1017 2954 corruptis
1056 2883 1365 2936 lectionibus
1408 2886 1525 2937 elici
1569 2898 1768 2954 potest3

759 2976 808 3014 et
830 2963 902 3014 sic
928 2963 1097 3015 oratio
1119 2966 1283 3016 multo
1307 2965 1367 3016 fit
1387 2965 1692 3016 concinnior
1719 2977 1770 3015 et

756 3042 966 3111 gravior
998 3044 1067 3095 ob
1102 3044 1462 3112 repetitionem
1503 3043 1770 3114 particula

762 3141 999 3193 'tunquam
1026 3122 1081 3173 in
1109 3141 1260 3175 versu
1297 3144 1384 3175 22.
1416 3155 1492 3164 ——
1520 3124 1767 3174 Retinen-

765 3200 831 3251 da
860 3201 1067 3271 vulgata
1098 3202 1255 3253 lectio
1287 3222 1401 3274 quae
1437 3204 1538 3254 fert
1573 3222 1585 3254 :
1623 3230 1642 3249 ι
1661 3221 1767 3252 non

768 3279 909 3330 illam
936 3280 1019 3330 vir
1045 3276 1259 3346 (conjassc)
1278 3321 1316 3333 ..
1334 3323 1345 3333 .
1373 3281 1464 3334 sed
1493 3295 1690 3352 pater..
1713 3307 1760 3330 .-

843 3377 868 3408 2
887 3378 906 3409 1
921 3397 933 3409 .
958 3358 1122 3410 Sicula
1139 3398 1153 3419 ,
1183 3359 1436 3428 gladiolus
1453 3401 1467 3425 ,
1491 3360 1765 3412 diminuti·

764 3455 887 3487 vum
905 3455 936 3488 a
958 3436 1077 3489 sica.
1099 3437 1307 3490 Similes
1321 3439 1609 3491 locutiones
1623 3478 1638 3502 ‚
1655 3439 1767 3508 qui·

762 3516 860 3566 bus
879 3534 1013 3584 pars,
1026 3535 1129 3586 qua
1147 3517 1248 3569 viri
1263 3536 1456 3580 sumus,
1474 3518 1767 3588 petulanter

758 3595 1083 3664 exprimitur,
1105 3615 1213 3647 non
1224 3610 1461 3666 gravatus
1481 3611 1557 3649 est
1576 3616 1604 3647 e
1625 3616 1766 3667 penu

767 3693 857 3726 sua
876 3672 1187 3744 depromere
1198 3676 1440 3746 Vulpius.
1460 3675 1615 3728 Conf.
1641 3677 1764 3728 Stat.

845 3773 931 3807 22.
962 3754 1167 3817 Sustulit
1196 3754 1317 3805 hanc
1348 3759 1552 3806 tunicam
1583 3755 1635 3806 in
1658 3776 1767 3807 om-

759 3833 913 3886 nibus
946 3833 1095 3886 MSS.
1129 3834 1252 3886 Stat.
1286 3833 1426 3886 unde
1468 3835 1555 3887 ille
1590 3839 1765 3904 conje-

758 3926 859 3964 ctat
889 3931 902 3965 ε
933 3914 1253 3983 -Nunquam
1287 3934 1339 3967 se
1374 3915 1527 3966 media
1563 3914 1768 3967 sustulit

758 3992 863 4042 leinc
888 3997 1062 4045 eunica.

846 4071 931 4122 23.
972 4074 1124 4142 Ipsius
1158 4075 1208 4124 in
1248 4074 1528 4127 nonnullis.
1568 4107 1641 4116 -—-
1678 4075 1764 4125 Ille

761 4152 834 4197 .ναὶ
858 4161 1013 4201 tentat
1042 4153 1285 4221 Scaliger.

1935 2257 2024 2312 24.
2053 2250 2405 2302 Conscelerasse
2434 2249 2642 2299 domum.
2665 2246 2739 2299 Cf.
2765 2264 2831 2296 su·

1850 2348 1946 2398 pra
1970 2328 2148 2381 Carm.
2171 2329 2368 2391 LXIV,
2399 2326 2532 2390 405.
2557 2323 2830 2380 «conscele-

1851 2421 1960 2459 rate
1988 2426 2139 2460 aures
2164 2420 2405 2479 paternas
2424 2433 2446 2452 n
2481 2407 2602 2459 Liv.
2625 2406 2732 2466 XL,
2755 2407 2800 2458 8.

1935 2489 2027 2541 25.
2060 2489 2445 2541 Tecto....amore
2469 2486 2528 2539 in
2559 2482 2832 2558 quibusdam

1853 2566 2002 2619 MSS.
2026 2565 2167 2620 ‘Stat.
2203 2600 2282 2611 —-
2323 2568 2466 2620 Coeco
2514 2587 2704 2627 amore,
2752 2582 2836 2632 quo

1852 2645 1918 2698 ad
1947 2645 2260 2717 explendam
2285 2645 2600 2711 libidinem,
2622 2644 2755 2697 nulla
2778 2642 2835 2694 le·

1854 2744 1977 2795 gum
2023 2726 2369 2779 humanarum
2414 2726 2618 2779 ratione
2653 2722 2807 2776 habita
2824 2758 2837 2781 ,

1857 2824 2020 2856 caecns
2050 2805 2236 2874 agitur.

1940 2888 2028 2937 26.
2064 2884 2160 2935 Seu
2190 2885 2319 2956 qaod
2352 2889 2476 2935 iners
2506 2885 2661 2936 sterili
2695 2884 2838 2933 semim

1855 2976 1993 3014 natus
2016 2976 2119 3013 erat
2136 3004 2151 3026 ‚
2182 2962 2327 3034 quod
2353 2964 2529 3016 virum
2558 2983 2613 3016 se
2631 2974 2842 3034 prostare

1856 3062 1961 3093 non
1990 3056 2207 3113 poterat.

1941 3124 2131 3191 27-28.
2170 3122 2580 3193 Queri-creduntque.
2628 3142 2710 3172 nec
2746 3115 2842 3169 ande

1844 3205 1979 3266 soret
2011 3202 2255 3255 Parthen.
2289 3202 2444 3252 Voss.
2478 3200 2650 3271 Vulp.
2681 3231 2752 3242 —
2785 3196 2844 3249 Ne

1857 3280 2155 3353 quaerendam
2174 3280 2366 3332 aliunde
2372 3282 2509 3347 soret
2529 3280 2736 3353 Gryph.
2753 3276 2849 3329 Mu·

1854 3373 2007 3412 retus.
2024 3361 2187 3412 —Et
2204 3360 2504 3428 quat-endam
2532 3360 2658 3412 unde
2672 3354 2848 3428 sentin

1854 3440 2101 3491 omnibns
2138 3439 2290 3492 MSS.
2335 3440 2461 3492 Stat.
2506 3440 2598 3509 qui
2641 3438 2848 3511 primum

1855 3517 2019 3582 vidit,
2071 3518 2382 3588 particulam
2437 3519 2562 3569 unde
2601 3516 2852 3589 geminan-

1855 3596 1976 3649 dam
2006 3615 2129 3650 esse.
2145 3630 2224 3639 —
2248 3598 2323 3649 Et
2348 3598 2654 3668 quaerendam
2676 3589 2851 3647 «uude

1842 3678 1977 3742 soret
2002 3674 2173 3729 editor
2200 3678 2445 3730 Cantahr.
2479 3673 2854 3731 Graev.--Sen·

1854 3775 1937 3808 sus
1960 3773 1973 3806 :
2003 3782 2023 3803 ι
2048 3755 2112 3807 Et
2134 3756 2265 3807 alius
2292 3757 2581 3828 quispiam,
2604 3753 2856 3808 undecun-

1854 3854 1957 3905 que
1979 3833 2188 3887 tandem
2213 3837 2373 3899 foret,
2393 3836 2596 3907 exquiri
2618 3833 2832 3887 debebat
2848 3866 2861 3885 ‚

1855 3914 1944 3984 qui
1961 3913 2026 3966 ad
2043 3913 2370 3985 eripiendam
2389 3916 2740 3985 virginitatem
2753 3927 2861 3962 ner·

1855 3995 2045 4057 vosior,
2075 3993 2131 4044 h.
2155 4014 2199 4046 e.
2235 3995 2287 4045 vi
2325 3995 2552 4047 mascula
2591 3991 2757 4063 magis
2787 3990 2863 4039 in·

1853 4086 2075 4125 structus
2100 4085 2277 4124 esset.-
2305 4073 2559 4126 Nervosius
2578 4073 2703 4124 hinc
2729 4071 2865 4123 Grn-

1855 4154 1927 4203 εἰς
1953 4159 2117 4221 νεῦρα,
2148 4153 2211 4203 τὰ
2248 4151 2432 4206 aideb.
2464 4186 2539 4197 --
2562 4154 2757 4204 Zonam
2780 4146 2864 4198 sol·
