2986 4935
909 459 1354 529 CARMEN
1413 463 1706 527 XXIX.

2240 458 2375 528 105

564 592 864 685 Hebebat
903 593 1084 662 uncti
1121 608 1186 661 et
1218 592 1445 660 ultima
1491 592 1867 660 Britannia?

561 697 824 768 Cinaede
861 698 1178 785 Romule,
1216 699 1356 766 haec
1397 696 1650 766 videbis
1688 713 1753 766 et
1793 698 2003 766 feres?
2351 730 2370 764 ⁵

563 807 653 872 Es
696 804 1099 897 impudicuS‚
1137 820 1202 872 et
1244 828 1481 889 vorax,
1521 820 1587 873 et
1631 802 1793 873 aleo.

561 912 647 978 Et
681 908 786 978 ille
822 936 1001 979 nunc
1041 911 1363 1005 superbus
1400 925 1467 978 et
1508 911 1918 1005 superfluens

559 1014 1045 1084 perambulabit
1088 1019 1382 1085 omnium
1428 1016 1703 1099 cubilia,

566 1123 657 1189 Ut
700 1119 959 1191 albulus
1002 1122 1378 1207 columbus,
1423 1138 1539 1189 aut
1573 1120 1924 1190 Adoneus?

234 1333 578 1406 provinciam
595 1369 614 1398 ,
628 1332 754 1384 utin
774 1334 961 1404 vulgus
977 1346 1262 1385 notum.—

247 1416 437 1467 Ultima
459 1413 720 1465 Britannia
733 1411 841 1464 vid.
859 1413 1038 1465 Carm.
1055 1413 1151 1477 xl,
1175 1430 1197 1464 1
1215 1432 1234 1464 ι
1248 1454 1259 1464 .

321 1500 373 1555 4.
389 1492 621 1544 Habebat
637 1496 786 1543 omnis
804 1493 1071 1558 Muretus;
1093 1504 1262 1544 cuncta

235 1573 488 1643 Soeliger,
510 1569 653 1623 unde
673 1572 785 1643 ipse
805 1572 1031 1624 restituit
1056 1585 1259 1624 unctum.

234 1654 302 1703 In
339 1651 494 1704 MSS.
527 1650 680 1703 Statii
720 1666 830 1704 erat
865 1671 967 1702 cum
999 1664 1074 1714 ee,
1125 1650 1265 1703 unde

237 1732 473 1784 Faernus
497 1730 792 1782 acutissime
820 1732 1090 1783 revocavit
1117 1735 1260 1783 uncti.

325 1811 376 1863 5.
408 1809 607 1862 Cinoede
637 1810 850 1862 Romule.
881 1811 1137 1862 Romulus
1171 1831 1264 1861 vo-

237 1902 394 1942 catur
410 1889 585 1941 Julius
598 1889 768 1942 Caesar
781 1890 863 1941 vel
883 1889 937 1940 in
961 1890 1262 1941 universum

236 1988 342 2039 pro
369 1969 586 2020 Romano
600 2007 617 2030 ,
645 1980 704 2020 ut
722 1988 839 2036 gens
858 1970 1061 2020 Romula
1081 2010 1095 2031 ‚
1129 1970 1264 2019 tellus

237 2049 448 2100 Romula
473 2088 488 2111 ,
527 2049 617 2108 ,vel
651 2049 778 2119 quia
833 2048 1029 2099 virtute
1079 2049 1265 2100 bellica

235 2147 390 2199 aeque
413 2147 474 2180 ac
491 2127 748 2178 Romulus
768 2126 835 2179 de
866 2129 1034 2197 patria
1059 2147 1262 2179 merue-

236 2221 356 2270 ηις
407 2205 473 2258 de
505 2206 702 2258 virtute
736 2207 920 2260 bellica
952 2208 1090 2258 euim
1130 2207 1261 2258 nihil

239 2284 478 2338 detrahit
500 2284 686 2337 Caesari
711 2285 887 2350 Poeta,
903 2286 1010 2337 imo
1034 2305 1153 2338 eum
1178 2306 1269 2337 vo·

235 2379 324 2418 cat
351 2371 674 2436 nuper-ctorem
700 2369 887 2417 unicum
906 2386 925 2428 ,·
965 2384 1027 2417 eo
1058 2366 1266 2435 gravius

233 2442 458 2498 additur
483 2445 693 2498 cinoedus
719 2447 789 2499 ob
819 2457 1106 2517 suspectam
1138 2463 1263 2497 con-

233 2524 570 2577 suetudinem
606 2544 727 2577 eum
754 2526 1047 2586 Mamurra,
1085 2544 1266 2595 quam·

233 2624 399 2675 quam
436 2607 543 2675 jam
576 2604 880 2657 Nicomedis
916 2604 1264 2658 contubernio

233 2697 436 2736 aterna
474 2685 581 2735 fere
615 2682 886 2755 pudicitia}
920 2687 1030 2755 ejus
1062 2684 1263 2736 macula

233 2764 411 2815 intuta
451 2763 656 2823 suerat,·
695 2763 839 2815 unde
874 2764 1144 2816 notissima
1176 2763 1264 2815 illa

233 2842 502 2895 mutilena
534 2860 548 2894 :
595 2842 791 2897 Gallias
834 2844 1003 2894 Coesae·
1040 2843 1258 2911 subegit,

233 2922 520 2974 Nicomedes
540 2921 793 2973 Caesar-em.
818 2921 946 2973 Vid.
969 2922 1110 2974 Suet.
1134 2923 1262 2975 Caes.

233 3020 361 3073 cap.
397 3007 487 3070 49.
512 3002 751 3054 Muretus
787 3014 836 3054 et
860 3002 978 3053 Jan.
1006 3004 1182 3053 Dousa
1213 3003 1262 3053 in

232 3081 406 3133 Prae.
430 3099 476 3132 c.
508 3082 538 3134 3
558 3119 573 3145 ‚
612 3081 670 3133 in
696 3093 1057 3151 contemptum
1088 3081 1265 3150 potius

231 3161 468 3212 Romulos
481 3158 652 3213 dictos
669 3160 824 3213 fuisse
841 3161 1024 3212 volunt
1038 3178 1145 3222 eos,
1169 3160 1262 3230 qui

233 3240 444 3291 Romulo
466 3252 631 3291 essent
653 3238 1015 3303 dissimillimi;
1051 3241 1104 3290 in
1130 3258 1262 3310 quo·

233 3339 362 3372 rum
391 3320 698 3371 sententiam
729 3319 798 3370 cf.
825 3317 1038 3370 Curtius
1061 3318 1129 3370 ad
1152 3318 1262 3371 Sal·

230 3400 362 3451 lust.
394 3398 448 3449 in
488 3396 678 3469 Lepid.
716 3398 921 3469 Fragm.
956 3418 1009 3467 p.
1041 3398 1176 3468 937,
1208 3401 1261 3450 6.

231 3480 315 3530 Es
346 3479 620 3547 mpudicus.
657 3478 710 3530 Si
736 3478 838 3529 hoc
867 3490 1012 3548 potes
1042 3479 1179 3530 serre
1211 3491 1264 3528 et

229 3555 424 3609 videre
458 3570 512 3609 tu
547 3557 690 3627 ipse,
721 3576 774 3609 es
805 3556 1137 3626 impudicu5‚
1164 3572 1262 3609 etc.

227 3670 314 3680 --
354 3637 467 3687 Hoc
489 3636 691 3688 videbis.
734 3637 912 3688 Heius.
956 3637 1010 3687 in
1042 3650 1156 3688 not.
1198 3636 1264 3689 ad

225 3717 432 3770 eamn.

312 3798 371 3845 6.
429 3796 702 3866 Expuuxit
753 3782 895 3847 hunc
948 3796 1261 3849 versiculum

225 3875 472 3939 vossius,
493 3894 653 3946 quem
674 3875 729 3927 in
749 3876 899 3926 libris
917 3875 1064 3927 MSS.
1088 3876 1262 3927 abesse

221 3967 424 4028 preter
457 3954 706 4007 vossium
745 3966 998 4006 testantur
1037 3954 1263 4023 Scaliger

220 4049 276 4088 et
303 4032 484 4087 editor
503 4033 964 4102 cantabrigiensis.
989 4034 1168 4086 Exstat
1186 4046 1259 4086 ta-

222 4135 351 4168 men
375 4115 429 4165 in
459 4112 584 4167 edd.
615 4112 831 4183 Gryph.
862 4113 1053 4165 Muret.
1084 4115 1256 4166 Graev.

1352 1346 1403 1385 et
1423 1333 1539 1385 aliis
1555 1371 1570 1397 ,
1595 1352 1690 1385 nec
1715 1335 1928 1385 turbare
1949 1374 1963 1396 ,
1988 1335 2151 1385 immo
2176 1336 2379 1405 egregie

1351 1432 1463 1464 rem
1484 1425 1535 1464 et
1555 1414 1866 1475 orationem,
1887 1432 2006 1464 meo
2024 1412 2241 1481 quidem
2263 1433 2377 1465 sen-

1350 1510 1410 1543 su
1428 1532 1442 1557 ,
1471 1496 1653 1560 juvare
1676 1490 1902 1545 videtur.

1435 1591 1485 1641 7.
1507 1570 1807 1642 Supeffluem
1831 1591 1937 1624 non
1960 1570 2198 1634 libidine,
2217 1585 2275 1622 ut
2295 1591 2376 1623 ar-

1349 1663 1598 1721 gutantur
1625 1652 1933 1722 interpretes
1954 1690 1968 1713 ,
1995 1649 2081 1703 sed
2106 1650 2304 1702 divitiis
2326 1664 2378 1701 et

1351 1731 1496 1781 omni
1527 1749 1705 1782 rerum
1734 1731 1888 1801 copia
1909 1729 1973 1780 ad
2006 1730 2251 1800 quaelibet
2276 1749 2374 1800 pro

1349 1809 1510 1861 animi
1556 1810 1779 1862 libidine
1827 1809 2159 1879 impetranda
2208 1810 2378 1861 abun-

1350 1887 1479 1940 dans
1521 1903 1572 1941 et
1613 1890 1923 1947 instructus,
1967 1901 2025 1940 ut
2062 1902 2278 1960 apparet
2311 1907 2372 1940 ex

1351 1968 1587 2020 instituta
1619 1968 2011 2040 comparatione
2040 1968 2093 2019 in
2133 1988 2282 2020 versu
2319 1987 2376 2035 9.

1351 2048 1488 2099 Hinc
1515 2069 1772 2117 arrogans,
1806 2048 2038 2111 insolens,
2064 2050 2370 2118 ὑπερφίαλος.

1355 2127 1843 2198 Circumstetens.Vid.
1857 2127 2101 2178 Bartbius
2110 2125 2347 2180 adClaud
2357 2166 2368 2177 .

1352 2207 1430 2258 IV
1447 2225 1588 2259 con-5.
1608 2208 1744 2259 Hon.
1771 2230 1787 2258 1
1804 2208 1895 2275 39.
1912 2206 2370 2268 -Perambulubie‚

1350 2286 1598 2356 graphice
1638 2306 1738 2356 pro
1779 2284 2125 2348 conscendet,
2154 2287 2372 2358 polluet.

1353 2398 1432 2406 —
1457 2365 1712 2418 Incedunt
1743 2385 1838 2435 per
1858 2385 1948 2417 ora
1979 2380 2142 2417 vestra
2178 2368 2376 2437 magni-

1352 2444 1466 2497 fice.
1503 2446 1632 2497 Sall.
1660 2447 1782 2517 Jug.
1811 2446 1901 2498 31.
1927 2446 1994 2497 N.

1433 2544 1485 2592 9.
1521 2527 1585 2577 Ut
1614 2527 1762 2578 albat.
1791 2526 1881 2576 col.
1909 2538 1996 2576 cmt
2024 2526 2190 2577 Adon.
2223 2528 2377 2579 Utra-

1351 2623 1453 2675 que
1488 2607 1814 2676 comparatio
1849 2625 1954 2657 non
1988 2605 2055 2657 ad
2089 2604 2381 2670 libidinem,

1355 2681 1430 2743 [iu
1463 2684 1617 2737 laude
1644 2687 1783 2737 enim
1814 2686 1989 2756 potius
2015 2699 2089 2737 est
2114 2685 2379 2738 columba-

1351 2783 1470 2815 rum
1506 2765 1724 2816 castitaS.
1763 2765 2006 2834 Propert.
2030 2767 2107 2829 11,
2140 2766 2204 2817 15
2222 2804 2237 2827 ,
2273 2785 2339 2832 27
2362 2783 2374 2815 ε

1360 2870 1380 2888 κ
1405 2844 1660 2914 Exemplo
1684 2846 1878 2914 junctae
1900 2844 1992 2896 tibi
2020 2857 2141 2894 suut
2162 2844 2215 2895 in
2238 2863 2378 2895 amo·

1352 2942 1410 2973 re
1437 2924 1715 2987 columbae,
1747 2924 2008 2975 Masculus
2037 2937 2087 2975 et
2116 2936 2284 2974 totum
2311 2923 2379 2974 fe·

1355 3003 1495 3055 mina
1524 2998 1943 3072 conjugium.·],
1975 3000 2064 3053 scd
2103 3001 2169 3053 ad
2210 3015 2379 3053 exter·

1351 3100 1478 3133 num
1510 3082 1842 3151 splendorem
1880 3093 1934 3131 et
1969 3082 2266 3151 superbiam
2293 3100 2376 3131 re·

1352 3159 1566 3213 ferenda
1592 3160 1816 3222 videtur,
1835 3158 2091 3231 quatenus
2113 3162 2378 3212 Mamurra

1351 3240 1588 3309 quolibet
1616 3252 2047 3293 ornamentorum
2072 3254 2122 3292 et
2146 3241 2381 3309 pigmen·

1354 3332 1528 3370 torum
1552 3339 1741 3389 genere
1766 3318 2144 3371 condecoratus
2173 3319 2381 3372 mulier-

1354 3400 1591 3450 cularum
1618 3399 1797 3455 oculos
1830 3398 2192 3469 prestringerc
2214 3411 2264 3448 et
2284 3418 2380 3450 au·

1355 3498 1440 3543 ro,
1473 3476 1648 3549 quod,
1683 3492 1742 3530 ut
1774 3478 2074 3530 Venusinus
2103 3476 2169 3529 de
2205 3479 2380 3530 Danae

1356 3559 1522 3622 canit,
1563 3559 1738 3609 medios
1766 3561 1834 3607 ire
1859 3570 1990 3607 amat
2009 3576 2099 3625 per
2124 3558 2373 3621 satellites,

1355 3638 1559 3690 facilem
1597 3656 1858 3689 accessum
1892 3638 1989 3688 sibi
2027 3656 2208 3705 parare
2246 3640 2377 3690 sole·

1354 3719 1457 3769 bat.
1478 3717 1768 3767 ——Albulus
1791 3717 2027 3766 columbus
2047 3729 2124 3767 est
2144 3716 2383 3786 pulcher,

1355 3797 1446 3865 qui
1486 3795 1655 3864 placet
1687 3795 1758 3846 ob
1795 3795 2056 3858 colorem,
2099 3809 2156 3847 ut
2191 3796 2382 3848 Adonis

1353 3876 1423 3926 ob
1446 3886 1714 3926 externam
1748 3875 1929 3926 formae
1952 3866 2176 3943 speciem
2205 3876 2378 3945 place·

1351 3955 1454 4006 bat.
1486 3954 1717 4005 Adoneus
1744 3973 1843 4024 pro
1874 3954 2095 4015 Adonis,
2141 3967 2198 4005 ut
2232 3953 2375 4025 apud

1351 4033 1518 4085 Plaut.
1539 4034 1850 4085 Menaechm.
1865 4034 1908 4095 1,
1931 4053 1980 4095 α,
2003 4033 2031 4084 3
2045 4035 2092 4084 5.
2111 4033 2195 4086 Sic
2214 4035 2381 4085 Achil-

1350 4113 1446 4164 leus
1463 4133 1562 4183 pro
1585 4114 1817 4173 Achilles,
1854 4114 2049 4163 Ulixem
2071 4133 2169 4183 pro
2198 4115 2375 4166 Usu-as.
