2986 4935
767 514 1202 582 CARMEN
1257 516 1456 581 LXI.
1536 566 1546 577 .
2030 518 2159 585 181

692 642 886 712 Nulla
918 647 1059 738 quit
1095 647 1230 712 sine
1267 658 1331 712 te
1368 646 1602 713 domus

484 748 754 818 Liberos
797 750 990 836 dare,
1023 775 1144 819 nec
1183 775 1419 844 parens

484 855 696 948 Stirpe
725 853 989 949 jungier
1029 883 1042 922 :
1087 871 1155 924 at
1200 871 1415 950 potest

482 962 573 1027 Te
615 958 895 1029 volente.
927 964 1093 1049 Quis
1130 962 1283 1030 huic
1319 963 1465 1030 Deo

483 1067 945 1159 Compararier
985 1066 1196 1135 ausit?
2132 1114 2178 1148 7..

693 1174 862 1259 Quae
895 1174 1025 1241 tuis
1059 1187 1280 1242 careat
1311 1177 1511 1242 sacris
1531 1225 1548 1255 ,

463 1277 639 1368 ⁶Non
675 1291 874 1370 queat
902 1277 1059 1346 dare
1097 1279 1404 1372 praesides

487 1383 688 1449 Terra
731 1382 970 1453 finibus
1000 1409 1015 1449 :
1050 1398 1119 1451 at
1154 1400 1385 1478 queat,

486 1489 577 1555 Te
622 1486 900 1556 volente.
936 1490 1105 1578 Quis
1140 1491 1296 1558 huic
1330 1492 1476 1559 Deo

488 1595 948 1687 Compararier
989 1594 1197 1663 ausit?
2138 1627 2186 1676 τε

526 1686 534 1695 ’
594 1697 897 1768 Claustra
943 1701 1208 1794 pandite
1237 1702 1482 1792 januae,

482 1805 696 1898 Virgo
738 1805 938 1874 adest.
961 1805 1220 1893 Viden'‚
1266 1821 1339 1874 ut
1381 1808 1556 1875 faces

170 2011 250 2061 56.
276 2010 423 2062 Nulla
454 2014 564 2082 quit
589 2015 690 2062 sine
726 2024 770 2062 te
801 2013 927 2064 dom.
960 2014 1014 2064 h.
1037 2032 1081 2063 e.
1161 2011 1257 2080 fin.
1291 2011 1463 2065 aditus
1493 2015 1633 2065 enim
1667 2012 1733 2065 ad
1766 2032 1995 2065 summos
2026 2015 2078 2064 in
2111 2029 2190 2064 re-

107 2087 224 2138 nulla
248 2088 434 2141 familia
461 2087 621 2142 edere
640 2103 691 2142 et
717 2092 975 2161 suscipere
992 2109 1087 2160 po·
1173 2092 1382 2162 publica
1414 2092 1640 2144 honores
1672 2111 1778 2143 non
1811 2094 2016 2163 patebat
2044 2090 2185 2163 apud

106 2176 184 2217 test
213 2166 395 2221 liberos
433 2169 722 2239 legitimos,
756 2171 859 2223 nisi
896 2172 986 2240 qui
1022 2189 1082 2223 ex
1176 2172 1437 2222 Romanos
1486 2170 1787 2222 hominibus
1830 2171 2033 2242 spuriis.
2085 2173 2187 2222 Per

104 2247 315 2316 conjugio
339 2247 574 2318 legitime
603 2261 868 2302 contracto
895 2261 948 2301 et
974 2249 1087 2321 Hy·
1167 2250 1397 2320 praesides
1415 2264 1589 2301 autem
1607 2248 1967 2319 intelliguntur
1989 2243 2189 2310 omnes,

104 2326 260 2378 menni
281 2327 434 2380 sam-is
465 2327 670 2379 initiato
696 2328 934 2399 prognati
962 2328 1084 2381 sint.
1176 2328 1268 2398 qui
1307 2327 1729 2381 administrandae
1765 2342 1815 2380 et
1849 2326 2056 2381 tuendae
2087 2331 2188 2381 rei·

168 2407 249 2462 68,
278 2404 437 2477 Seispe
471 2409 658 2459 viucier
691 2407 745 2459 in
782 2409 842 2459 L.
880 2407 995 2460 MS.
1038 2421 1088 2459 et
1175 2409 1397 2478 publicae
1421 2426 1737 2480 quocunque
1770 2407 1930 2460 modo
1959 2409 2040 2460 vel
2072 2427 2189 2459 mu-

106 2481 243 2535 trihus
282 2487 655 2557 antiquissimis
694 2485 835 2539 editt.
874 2500 1088 2540 testante
1176 2506 1299 2539 uere
1331 2501 1559 2558 presunt
1583 2502 1631 2540 et
1659 2487 1945 2559 invigilant.
1972 2489 2054 2542 Cf.
2075 2488 2193 2540 Sca·

103 2559 264 2616 editor.
294 2564 874 2635 Cantabrig.Eamdem
913 2567 1089 2621 lectio·
1175 2567 1262 2637 lig.
1310 2580 1360 2619 et
1401 2567 1553 2618 Voss..
1610 2596 1678 2608 --
1727 2569 1906 2639 Longe
1953 2588 1983 2620 a
2029 2587 2186 2625 vero,

105 2657 203 2692 nem
233 2645 423 2713 reperit
458 2662 674 2715 quoque
704 2644 960 2716 Scaliger,
1000 2644 1089 2697 sed
1178 2645 1500 2698 doctissimas
1541 2648 1780 2716 ambages
1819 2645 2192 2718 excogitando,

103 2715 219 2772 idem
236 2724 432 2793 jungier
456 2724 542 2775 vel
576 2741 637 2774 ex
670 2741 728 2775 ea
753 2740 902 2777 causa
934 2744 1090 2793 repo·
1177 2726 1460 2789 divertunt,
1479 2725 1572 2794 qui
1593 2730 1898 2795 magistratus
1915 2726 2038 2778 inde
2057 2744 2196 2795 quae-

102 2797 307 2852 nendum
343 2820 453 2855 esse
489 2815 698 2865 censet,
739 2802 884 2872 quod
917 2804 1090 2874 fugiti-
1178 2816 1317 2856 runt.
1347 2804 1630 2856 Praesidium
1660 2806 1935 2857 militarem
1967 2824 2072 2857 esse
2101 2824 2194 2874 op-

105 2894 183 2927 Vtu
203 2880 383 2934 oculus
411 2880 616 2934 librarii
631 2883 824 2949 juncier
852 2902 952 2954 pro
978 2886 1091 2951 jun·
1182 2881 1292 2952 pidi
1328 2884 1539 2935 tutelam
1580 2884 1698 2954 quis
1733 2883 1975 2954 ignorat?
2013 2886 2192 2952 Itaque

100 2961 192 3023 gia·
221 2960 272 3011 in
303 2962 469 3014 veteri
517 2958 701 3012 codice
743 2962 879 3015 forte
916 2980 1093 3014 exara·
1176 2962 1404 3031 praesidcs
1427 2962 1613 3031 fiiu'bus
1648 2964 1764 3014 dare
1808 2981 1972 3032 quum
2010 2962 2197 3013 Noster

104 3048 197 3087 tum
239 3037 454 3107 legentis
505 3039 748 3092 facillime
806 3042 858 3093 in
909 3038 1097 3092 descri—
1183 3041 1381 3111 scripsit
1400 3081 1414 3107 ‚
1440 3041 1571 3093 nihil
1602 3041 1744 3093 aliud
1770 3054 1925 3110 atque
1944 3042 2191 3110 juventu-

101 3112 250 3168 bmda
277 3136 412 3172 soce
449 3120 695 3171 aberrare
729 3121 973 3190 potuerit.
1009 3119 1096 3172 sic
1185 3134 1288 3171 tem
1336 3117 1680 3172 defendendae
1723 3121 1899 3190 patriae
1940 3131 2191 3171 armatam

97 3196 265 3258 janam
292 3209 344 3248 et
367 3203 566 3249 veho-tus
594 3199 782 3265 passim
815 3219 845 3251 a
875 3199 1098 3250 librariis
1184 3199 1471 3269 significare
1492 3198 1673 3251 voluit.
1704 3198 1770 3250 N.

105 3275 347 3339 permixta
381 3289 526 3329 aunt.
564 3274 672 3327 Vid
718 3278 1094 3329 Drackenborch.
1267 3297 1360 3347 77.
1394 3279 1446 3326 V
1444 3278 1594 3340 idw’,
1623 3292 1690 3330 ut.
1714 3277 1853 3329 Vide
1876 3276 1942 3330 de
1969 3278 2067 3329 hac
2089 3277 2196 3329 for·

102 3350 160 3402 ad
174 3354 456 3410 LimTom.
474 3356 590 3419 111,
608 3375 661 3426 p.
685 3358 775 3424 95.
799 3358 918 3409 Pari
939 3355 1098 3409 modo
1187 3358 1357 3418 mula,
1390 3376 1492 3427 qua
1533 3370 1744 3427 repente
1777 3357 1983 3409 animus
2018 3354 2084 3406 ad
2125 3356 2201 3408 rei

105 3428 147 3479 ’m
173 3437 376 3486 vinxisse
415 3448 471 3488 et
495 3437 714 3504 junxisse
744 3437 943 3488 variant
978 3436 1099 3487 libri
1188 3435 1457 3505 cujusdam
1496 3437 1990 3507 contemplationem
2021 3454 2206 3488 avoca·

103 3509 223 3579 ipud
240 3513 434 3568 Claud.
457 3513 689 3584 Epithal.
709 3515 907 3568 Pallad.
934 3529 985 3568 et
1007 3515 1102 3568 Ce-
1190 3528 1305 3580 tur,
1337 3515 1601 3567 Burmann.
1642 3529 1692 3568 et
1726 3516 1897 3566 Heius.
1929 3513 1996 3566 ad
2024 3515 2200 3567 Valer·

104 3586 182 3642 let.
203 3610 251 3645 v.
284 3594 386 3657 3²,
421 3594 516 3646 ubi
540 3592 647 3646 vid.
676 3596 911 3666 Interpp.
946 3594 1103 3664 Stirpe
1191 3594 1364 3646 Flacc·
1399 3596 1468 3659 V,
1523 3595 1667 3662 595,
1707 3607 1756 3645 et
1803 3594 2095 3646 Broucklms.
2136 3593 2203 3647 ad

105 3666 234 3721 dskzkr
260 3671 463 3726 Mutet.
502 3672 663 3743 Stiepe
694 3678 836 3725 nitier
864 3675 988 3727 Stat.
1027 3707 1095 3725 —.-
1192 3674 1389 3726 Tibull.
1425 3676 1510 3737 11,
1557 3692 1576 3726 1
1599 3714 1614 3738 ,
1656 3673 1745 3725 25.
1785 3672 1871 3724 Sic
1902 3672 2074 3725 Graeci
2101 3675 2203 3741 οὐχ·

106 3747 266 3803 Pastas
308 3757 461 3822 stirpe
494 3754 710 3822 jungisr‚
749 3754 975 3824 parentis
1008 3772 1103 3803 no·
1193 3755 1324 3822 ὁρᾷς.
1342 3786 1420 3793 -
1450 3753 1520 3804 Ut
1529 3754 1662 3816 faces
1681 3752 1912 3821 splendid.
1934 3764 2064 3821 quat.
2086 3772 2205 3804 com.

108 3843 210 3880 men
240 3832 477 3903 legitima
514 3832 673 3902 stirpe
702 3833 993 3903 propagari.
1034 3863 1095 3872 -
1195 3832 1466 3883 sublimius
1493 3851 1591 3902 pro
1608 3832 1884 3885 scintillant.
1913 3831 2095 3882 Paullo
2115 3850 2209 3883 au-

105 3904 272 3963 Nonne
335 3924 392 3963 et
455 3914 641 3979 cingier
694 3912 929 3963 substitui
987 3930 1107 3980 pos·
1198 3909 1375 3962 dacius
1410 3910 1548 3961 enim
1583 3911 1846 3963 rutilantes
1876 3909 2097 3961 flammae
2128 3928 2209 3962 ra·

107 3987 179 4049 sit,
201 3988 347 4063 quod
379 3990 764 4061 promptiorem
797 4009 999 4042 sensum
1034 3990 1109 4042 fa·
1200 3987 1275 4041 dii
1330 4009 1357 4039 a
1413 3990 1730 4042 sublimioris
1785 3989 1991 4057 spiritus
2048 3990 2215 4057 poetis

105 4066 223 4119 ciat?
255 4068 324 4122 N.
1201 4070 1492 4138 comparari
1508 4069 1674 4121 solent
1691 4068 1910 4120 crinibus.
1931 4068 2067 4118 Loca
2081 4080 2220 4136 quae·

175 4164 260 4213 72.
297 4149 416 4200 Non
446 4160 588 4216 queat
618 4148 732 4198 dare
757 4148 952 4215 proesid.
989 4160 1112 4199 terra
1204 4147 1323 4199 dam
1363 4148 1569 4216 collegit
1610 4148 1768 4215 Vulp.
1816 4146 1900 4197 Sic
1937 4150 2085 4196 crines
2128 4148 2218 4198 tri-

1786 4240 1912 4321 123
