2986 4935
859 451 1299 522 CARMEN
1360 464 1648 529 XXVI.

2217 503 2315 573 99

394 574 748 667 Deprensa
786 584 969 649 navis
1012 585 1080 651 in
1118 592 1312 674 mari,
1346 598 1723 663 vesaniente
1764 616 1977 670 vento.

200 793 250 825 re
283 778 499 832 nautica.
533 781 658 836 vid.
684 786 950 840 Bentleius
984 790 1050 842 ad
1071 794 1202 847 Hor.

198 852 289 907 Od.
309 856 364 921 1,
410 865 510 923 14,
559 880 658 929 10,
702 878 755 918 et
779 866 1110 924 Burmannus
1137 873 1204 926 ad

197 932 384 986 Phoar.
411 937 534 992 Fab.
566 942 639 1007 V,
675 949 736 1009 4,
773 963 855 998 ιο.
899 948 1094 1002 Minuta
1118 971 1201 1004 re-

194 1012 396 1081 spondet
432 1025 502 1086 τῷ
543 1040 724 1091 magno
740 1064 755 1086 ,
804 1045 910 1095 quo
945 1045 1201 1101 perpetuo

1293 800 1403 850 fere
1424 803 1656 872 epitheto
1683 827 1812 858 mare
1837 828 1865 860 a
1888 814 2056 881 poetis
2080 816 2317 888 insigniri

1292 879 1437 932 solet.
1480 881 1567 934 Sic
1589 884 1785 938 Graecis
1811 889 1893 949 ἃλς
1917 886 2034 957 δία,
2061 895 2181 965 ἱερά.
2209 899 2313 954 Adi

1292 958 1653 1014 Burmannum
1684 964 1750 1016 ad
1780 968 1900 1020 val.
1929 970 2094 1026 Plane.
2123 976 2181 1041 1,
2220 980 2314 1045 50,

1290 1049 1341 1087 et
1362 1057 1493 1107 quos
1519 1041 1592 1093 ibi
1615 1043 1806 1098 laudat.

742 1269 1280 1367 CARMEN
1389 1285 1723 1375 XXVI

984 1510 1087 1554 An
1142 1513 1492 1578 funum.

373 1692 425 1757 F
429 1714 594 1779 mu,
627 1693 851 1764 villula
897 1714 1121 1769 nostra
1165 1728 1298 1772 non
1340 1709 1421 1776 ad
1461 1713 1682 1782 Austri

371 1795 603 1866 Flatus
646 1805 951 1895 opposita
992 1822 1131 1890 est,
1162 1834 1284 1878 nec
1329 1814 1411 1881 ad
1451 1819 1730 1907 Favoni,

370 1903 513 1973 Nec
565 1908 722 1974 saevi
762 1911 1016 1998 Boreae,
1054 1928 1170 1982 aut
1206 1918 1553 2011 Apeliotae‚

246 2107 371 2158 Ano.
400 2110 798 2180 Argumentum
826 2114 982 2185 hujus
1004 2121 1187 2169 carmi-

178 2180 248 2234 nis
278 2185 461 2255 pendet
501 2208 535 2240 a
572 2187 737 2242 dubia
765 2191 984 2245 lectione
1016 2214 1193 2249 versus

178 2263 343 2330 primi,
376 2267 468 2320 ubi
499 2287 611 2339 pro
643 2282 803 2344 nostru
837 2273 890 2323 in
925 2276 1193 2328 nonnullis

178 2355 320 2395 exstat
333 2358 510 2399 vestrm
536 2347 597 2399 si
615 2361 776 2400 veste-a
791 2368 915 2402 vera
939 2353 1001 2404 sit
1021 2355 1190 2417 lectio,

176 2433 226 2472 ut
259 2425 402 2478 nobis
442 2424 694 2491 videtur,
743 2429 913 2482 omnis
946 2433 1088 2485 lusus
1121 2432 1189 2487 ad

176 2497 303 2553 Furii
325 2503 569 2576 inopiam
593 2505 934 2561 deridendam
959 2513 1188 2581 pertine-

171 2576 254 2643 bit,
271 2585 413 2655 cujus
428 2585 627 2638 villula
649 2586 889 2640 horribili
915 2605 1070 2643 vento
1096 2612 1191 2662 op·

171 2660 349 2726 posita,
383 2662 438 2716 h.
462 2684 510 2716 e.
538 2663 898 2720 creditoribus
929 2670 1187 2742 oppigne-

168 2750 261 2790 rata
279 2738 487 2796 dicitnr.
510 2744 843 2815 Responderi
863 2747 1076 2818 quidem
1097 2769 1189 2821 po·

167 2826 267 2881 test,
287 2833 336 2872 et
354 2840 385 2873 a
408 2823 620 2892 Vulpio
633 2826 743 2893 jam
768 2846 1073 2897 responsum
1093 2844 1185 2894 est,

171 2892 372 2950 Furium
393 2920 463 2953 ne
486 2903 733 2955 cimicem
756 2905 970 2974 quidem
999 2920 1048 2958 et
1068 2928 1183 2961 ara-

167 2992 308 3027 neum
329 2974 410 3037 (ut
433 2980 636 3033 Noster
657 2980 724 3033 de
739 2983 830 3036 illo
846 2985 984 3037 canit
1004 2987 1180 3040 Carm.

165 3048 385 3123 XXIII),
416 3058 625 3112 nedum
666 3061 899 3115 villulam
930 3066 1184 3135 possedis-

162 3148 238 3196 κς
275 3135 362 3188 sed
396 3139 647 3208 primum
686 3142 802 3210 quis
832 3145 993 3195 nescit
1022 3149 1183 3199 verba

161 3226 313 3278 poeta
331 3236 438 3268 non
461 3215 538 3270 ad
558 3218 739 3270 vivum
758 3221 1033 3274 resecanda
1056 3244 1181 3290 esse,

161 3286 337 3345 deinde
362 3296 640 3349 verissime
663 3298 818 3350 etiam
841 3301 943 3352 hoc
960 3300 1063 3354 dici
1084 3324 1180 3375 po·

159 3380 276 3423 terat
310 3372 379 3426 de
417 3374 670 3442 homine,
711 3380 858 3449 cujus
888 3400 998 3432 rem
1027 3382 1179 3436 fami·

157 3445 322 3503 liarem
347 3472 416 3505 as
445 3454 684 3507 alienum
715 3473 994 3528 superaret.
1021 3462 1181 3526 Quod

157 3526 193 3577 εἰ
225 3546 346 3583 vern
387 3535 483 3585 cui
516 3535 679 3587 altera
711 3537 865 3591 lectio
901 3552 1062 3591 nostra
1090 3560 1176 3594 ve-

157 3605 255 3659 rior
279 3609 559 3675 videatur,
596 3614 639 3665 is
663 3616 843 3669 animo
870 3618 967 3670 sibi
994 3619 1175 3690 fingat,

156 3682 361 3741 Furium
398 3711 432 3743 a
473 3693 683 3745 Catullo
713 3698 986 3765 pecuniam
1024 3712 1178 3770 atque

153 3764 357 3821 forsitan
406 3783 628 3823 eentum
681 3774 769 3825 illa
813 3777 1040 3829 sestertia
1077 3776 1179 3839 (de

152 3847 333 3911 quibus
376 3848 493 3902 vid.
541 3850 768 3904 Carmen
817 3853 1030 3920 XXIII,
1072 3856 1177 3920 23)

150 3925 379 3991 petiisse,
397 3928 672 3981 Catullum
698 3946 890 3996 autem,
906 3938 1080 4005 jocose
1105 3938 1181 3988 in·

150 3999 343 4069 dicato,
393 4026 505 4077 quo
551 4008 661 4079 ipse
703 4026 970 4080 prematur
996 4048 1012 4073 ‚
1058 4018 1174 4068 aeris

151 4079 301 4135 alieni
327 4084 573 4155 pondere
588 4125 604 4152 ,
622 4088 718 4141 has
746 4109 924 4160 preces
954 4114 983 4145 a
1015 4114 1067 4147 se
1090 4115 1172 4148 re·

1281 2127 1522 2178 movisse.
1555 2130 1656 2182 Sed
1692 2135 1822 2188 mihi
1855 2144 2166 2207 persuadere
2194 2171 2299 2206 non

1277 2220 1512 2272 possum,
1539 2221 1644 2261 tam
1678 2213 1900 2283 ingenue
1925 2222 2187 2279 Catullum
2215 2250 2303 2285 an·

1276 2297 1437 2348 gustae
1456 2288 1533 2337 rei
1558 2307 1660 2340 suae
1674 2306 1860 2346 statum
1880 2303 2176 2367 patefecisse
2195 2310 2299 2363 Fu-

1277 2361 1358 2411 rio
1377 2398 1392 2420 ‚
1424 2363 1476 2413 in
1513 2369 1660 2436 cujus
1693 2387 1909 2440 egestate
1935 2386 2194 2453 carpenda
2220 2390 2300 2442 in-

1275 2443 1488 2509 genium
1519 2463 1670 2499 snum
1700 2470 1939 2508 exercere
1966 2464 2178 2519 solebat.
2219 2503 2302 2514 -

1277 2519 1433 2573 Unde
1457 2535 1593 2577 tanta
1619 2528 1827 2583 Catullo
1847 2543 2167 2598 verecundia
2183 2587 2198 2611 ‚
2229 2570 2299 2603 ne

1268 2600 1417 2668 jocos
1442 2600 1510 2653 de
1536 2606 1641 2656 suis
1663 2615 1909 2679 angustiis
1932 2618 2148 2685 faceret,
2184 2629 2294 2684 vid.

1273 2678 1449 2732 Carm.
1467 2682 1518 2732 X
1531 2722 1545 2746 ,
1558 2685 1706 2737 XIII.
1728 2691 1842 2742 Imo
1861 2699 2033 2749 omnis
2049 2690 2295 2761 carminis

1271 2759 1408 2826 perit
1424 2761 1590 2828 lepor,
1606 2765 1645 2814 si
1662 2766 1895 2823 Catullus
1908 2776 1995 2827 alii
2008 2778 2210 2838 irridet.
2227 2788 2290 2839 N.

1359 2856 1405 2888 1.
1457 2841 1631 2892 Vestra
1672 2846 1723 2895 in
1772 2849 1830 2901 L.
1874 2852 1987 2905 MS.
2036 2874 2085 2911 et
2127 2865 2293 2918 tribus

1270 2913 1417 2968 editt.
1462 2922 1832 2991 antiquissimis
1850 2968 1862 2988 ,
1914 2944 2035 2986 teste
2092 2939 2292 2998 editore

1269 2994 1699 3068 Cantabrigiensi.
1730 3005 1983 3064 Eamdem
2010 3015 2289 3078 lectionem

1269 3073 1321 3123 in
1349 3075 1663 3144 quibusdam
1690 3083 1838 3137 libris
1863 3092 2107 3163 scriptam
2143 3099 2290 3155 inve-

1264 3152 1343 3204 nit
1376 3155 1605 3210 Vossius.

1354 3252 1400 3284 α.
1440 3236 1675 3305 Opposita
1711 3255 1797 3295 est.
1840 3246 2001 3302 Ludit
2041 3255 2193 3309 Poeta
2233 3261 2285 3313 in

1263 3312 1508 3382 ambigua
1542 3317 1697 3386 hujus
1721 3325 1867 3376 verbi
1894 3328 2288 3406 significatione,

1265 3408 1369 3459 qua
1394 3392 1576 3447 villula
1611 3400 1840 3466 primum
1871 3411 2058 3475 ventis,
2093 3414 2286 3473 deinde

1265 3470 1492 3537 pignori,
1516 3475 1586 3525 ob
1612 3478 1773 3531 millia
1796 3483 2096 3552 quindecim
2123 3510 2172 3548 et
2191 3497 2288 3551 du-

1266 3562 1442 3601 centos
1458 3556 1746 3608 sestertium
1768 3572 2007 3633 tanquam
2030 3570 2287 3643 hypothe-

1264 3644 1322 3677 ca
1336 3665 1350 3689 ,
1369 3642 1422 3679 ut
1443 3631 1562 3683 JCti
1585 3634 1890 3705 loquuntur,
1904 3652 2139 3718 opposita
2156 3655 2284 3709 dici-

1266 3717 1367 3757 tur.
1406 3710 1656 3777 Opponere
1688 3734 1785 3783 pro
1820 3727 2130 3792 oppignerare
2161 3737 2279 3790 Seu.

1266 3782 1332 3835 de
1356 3786 1534 3840 Benef.
1560 3792 1680 3853 VII,
1710 3815 1729 3846 1
1746 3801 1775 3856 4
1803 3817 1815 3849 :
1844 3803 2053 3856 «Rebus
2075 3815 2198 3864 meis
2215 3818 2279 3870 ad

1267 3866 1591 3920 securitatem
1636 3873 1911 3930 creditoris
1954 3893 2217 3954 oppositis.
2252 3923 2272 3943 ι.

1271 3943 1382 3994 Alia
1406 3951 1641 4018 exempla
1670 3955 1879 4025 collegit
1908 3963 2145 4034 Vulpius.

1317 4023 1368 4074 3.
1383 4027 1831 4095 Apeliotae,dehoc
1848 4045 2123 4099 ventnvid.
2136 4050 2275 4106 Plin.

1260 4102 1306 4165 1,
1335 4109 1424 4171 47,
1451 4119 1502 4156 ct
1521 4107 1655 4159 Gell.
1684 4112 1832 4167 Noct.
1854 4119 2006 4172 Attic.
2026 4124 2078 4174 11
2098 4165 2111 4187 ‚
2140 4148 2225 4183 υ.

1881 4226 1963 4317 7,
