2986 4935
122 540 1194 561 mmmmmnssussmmw
1200 545 1223 560 δ
1228 543 1560 562 mmmm
1564 544 2144 563 “mmmm
2148 545 2269 563 §Cn

246 824 385 947 C.
457 827 1231 948 VALERII
1323 829 2139 950 CATULLI

864 1098 1526 1203 CARMINA.
2077 1001 2083 1008 ‘

1615 1377 1624 1380 ι
1655 1377 1710 1386 ν..

739 1570 1293 1658 CARMEN
1363 1572 1667 1658 LXV.

885 1807 992 1849 AD
1040 1805 1526 1852 HORTALUM.

245 1950 488 2067 E‘rsi
530 2019 636 2060 me
672 1992 933 2061 assiduo
970 1993 1348 2061 confectum
1385 2019 1543 2062 cura
1582 1996 1810 2065 dolore

345 2102 628 2168 Sevocat
666 2123 704 2166 a
735 2098 975 2181 docti5‚
1017 2097 1317 2184 Hortale,
1341 2101 1741 2194 virginibus3

240 2207 386 2274 Nec
425 2205 595 2299 potis
632 2218 729 2272 est
770 2202 996 2273 dulces
1035 2208 1381 2274 Musarum
1421 2231 1808 2301 expromere
1845 2211 2040 2278 foetus

194 2418 337 2467 Aac.
350 2417 555 2487 Rogatu
571 2414 775 2466 Hortali
791 2452 807 2479 ‚
827 2414 1151 2486 provinciam

138 2509 438 2567 susceperat
463 2495 699 2547 Catullus
723 2493 960 2547 vertendi
982 2514 1010 2546 e
1034 2495 1156 2547 Cal-

136 2575 369 2627 limacho
389 2577 450 2626 de
463 2593 596 2626 coma
619 2576 865 2625 Berenices
885 2574 1155 2639 carminis;

136 2653 224 2706 sed
256 2656 408 2725 gravi
439 2653 654 2715 dolore,
686 2655 755 2706 ob
783 2667 1006 2705 mortem
1037 2652 1157 2705 du!-

136 2734 337 2787 ciseimi
367 2734 545 2787 fratris
562 2745 804 2803 suscepto
819 2770 832 2792 ‚
858 2752 966 2803 quo
986 2735 1159 2784 minus

139 2827 249 2865 tum
276 2832 468 2866 vacare
498 2826 669 2884 posset
695 2813 821 2864 huic
841 2812 1041 2876 labori,
1065 2813 1159 2865 im-

138 2892 354 2962 peditus
392 2894 508 2945 fuit.
540 2893 776 2945 Exsolvit
811 2904 1013 2956 tamen,
1040 2905 1160 2961 post

137 2972 356 3044 aliquod
372 2972 626 3043 temporis
647 2971 982 3025 intervallum
996 3012 1009 3034 ,
1024 2972 1160 3024 hanc

137 3050 315 3104 datam
357 3050 523 3103 fidem
568 3051 789 3104 Hortalo
813 3091 827 3115 ‚
865 3052 1160 3121 missoque,

137 3130 287 3202 qnod
320 3133 617 3200 subJectum
646 3143 751 3194 est,
774 3150 804 3181 e
835 3130 1161 3183 Callimacho

138 3210 210 3263 de
238 3228 395 3264 coma
421 3211 695 3262 Berenices
724 3228 876 3261 verso
900 3211 1159 3266 carmine.

140 3304 250 3342 tam
288 3308 499 3343 causam
534 3287 825 3351 tarditatis,
866 3308 1027 3360 quam
1054 3308 1164 3340 me·

141 3389 348 3423 morem
370 3369 751 3442 promissorum
776 3370 1011 3421 animum
1033 3369 1164 3419 mol-

138 3450 355 3502 lissimis
381 3449 620 3501 versibus
645 3445 890 3501 declarat.
918 3450 1018 3500 Per
1032 3448 1167 3499 Hor-

139 3530 309 3581 talum
363 3528 610 3597 intelligit
656 3528 872 3580 Vossius
918 3529 985 3597 Q.
1032 3529 1166 3579 Hor-

141 3613 287 3660 tensii
297 3608 525 3660 oratoris
548 3621 795 3677 nepotem
816 3645 831 3670 ‚
853 3606 997 3678 quod
1018 3608 1166 3660 nullo

142 3686 311 3740 modo
347 3687 609 3759 permittit
645 3700 945 3757 temporum
986 3687 1121 3739 ratio
1151 3704 1165 3737 :

143 3770 315 3819 immo
332 3767 441 3838 ipse
462 3785 590 3818 avus
608 3768 673 3835 Q.
691 3768 975 3819 Hortensius
993 3779 1168 3819 orator

144 3844 530 3917 intelligendus
572 3850 678 3911 eit,
717 3864 875 3917 quem
924 3864 1070 3917 aeque
1110 3864 1170 3896 ac

144 3927 325 3978 filium
366 3939 418 3978 et
459 3937 706 3996 nepotem
751 3924 955 3979 dictum
1016 3926 1171 3977 fnisse

145 4007 417 4057 Hor-talum
448 4006 531 4057 vel
578 4024 609 4057 e
639 4005 897 4058 Cicerone
930 4017 1170 4069 constat;

144 4085 263 4139 vid.
308 4083 376 4136 ad
406 4084 638 4137 Atticum
676 4086 754 4149 11,
788 4083 855 4137 25
883 4123 897 4147 ,
930 4085 1028 4147 lv,
1068 4085 1134 4136 15
1158 4125 1171 4148 ‚

148 4166 222 4218 cf.
250 4166 451 4217 Ernesti
474 4162 541 4215 ad
568 4163 782 4216 Sueton.
799 4163 977 4216 Tiber.
1002 4184 1048 4215 c.
1083 4170 1173 4233 47,

1252 2435 1305 2486 p.
1344 2434 1480 2480 220,
1511 2414 1635 2470 edit.
1659 2436 1785 2471 nov.
1812 2430 1863 2470 et
1891 2418 1943 2470 in
1974 2419 2119 2473 Clav.
2146 2443 2182 2473 s.
2217 2444 2267 2477 v.

1248 2496 1500 2547 Hortalus.
1518 2530 1595 2538 --
1613 2499 1922 2550 Vernacuioe
1950 2499 2144 2570 linguae
2172 2522 2271 2555 nu·

1248 2576 1403 2626 meris
1445 2577 1551 2627 hoc
1593 2595 1802 2628 carmen
1846 2576 2123 2633 adstrinxit
2179 2585 2262 2636 Ct.

1248 2654 1381 2706 Rode
1412 2659 1461 2706 ln
1493 2656 1817 2709 carminibus
1847 2677 1876 2709 e
1911 2658 2066 2711 latina
2091 2661 2266 2732 lingua

1247 2734 1437 2798 versis,
1464 2754 1518 2805 p.
1545 2753 1637 2803 77.

1334 2832 1382 2865 1.
1413 2815 1659 2881 Desectam
1691 2817 1745 2866 iu
1766 2817 2079 2886 quibusdam
2098 2854 2114 2879 ‚
2141 2833 2268 2873 teste

1251 2893 1463 2957 Vossi03
1506 2892 1595 2944 sed
1647 2895 1764 2964 quis
1816 2895 1884 2947 de
1943 2898 2112 2950 multo
2148 2919 2264 2969 gra·

1250 2973 1383 3023 viori
1409 2984 1459 3023 et
1484 2973 1678 3043 aptiori
1715 2988 1890 3026 nostra
1916 2977 2142 3030 lectione
2166 2974 2266 3031 du·

1251 3052 1378 3103 bitet
1393 3051 1504 3102 ?—
1524 3054 1636 3103 Em·
1661 3072 1731 3103 me
1752 3056 1975 3118 assiduo,
2007 3070 2107 3109 etc.
2134 3058 2270 3110 Gra-

1250 3131 1383 3182 viter
1426 3143 1476 3183 et
1523 3144 1797 3184 oratorum
1839 3152 1986 3186 more
2024 3136 2278 3190 orationis

1252 3209 1526 3262 exordium
1567 3212 1725 3263 Poeta
1773 3231 1940 3283 nsque
1987 3214 2054 3267 ad
2082 3236 2129 3267 v.
2171 3219 2273 3283 15,

1256 3289 1540 3359 producit;
1572 3309 1730 3361 quem
1765 3291 1979 3362 quidem
2025 3297 2276 3349 orationis

1255 3370 1485 3422 colorem
1516 3371 1744 3422 imitatus
1772 3385 1846 3423 est
1877 3389 2061 3428 auctor
2092 3376 2229 3429 Ciris
2259 3396 2272 3430 ε

1265 3476 1284 3494 ·
1314 3449 1423 3501 Etsi
1472 3469 1558 3501 me
1613 3451 1758 3501 vario
1799 3453 2050 3519 jactatum
2105 3455 2277 3510 laudis

1256 3548 1464 3592 amore,
1498 3542 1595 3581 etc.
1643 3529 1764 3582 Non
1804 3543 1978 3585 tamen
2030 3535 2275 3589 absistam

1256 3621 1483 3678 coeptum
1514 3607 1758 3660 detexere
1781 3628 1989 3664 munus».
2015 3639 2125 3658 -——-
2144 3615 2276 3669 Cura

1256 3689 1456 3752 luctus,
1486 3686 1807 3742 sollicitudo.

1294 3775 1307 3787 '
1341 3786 1389 3819 a.
1429 3768 1603 3820 Ortale
1655 3767 1766 3819 sin'e
1821 3768 2174 3840 adspiratione
2217 3779 2273 3826 in

1260 3846 1454 3898 multis.
1483 3877 1568 3889 --
1597 3846 1799 3899 Sevocat
1834 3869 1863 3897 a
1901 3849 1950 3902 d.
1988 3855 2115 3920 virg.
2160 3854 2272 3905 aui·

1260 3944 1407 3977 mum
1453 3945 1629 3978 meum
1670 3927 1741 3978 ita
1786 3929 1987 3993 turbat,
2021 3943 2081 3982 ut
2115 3932 2282 3985 Musis

1261 4007 1468 4077 operari
1496 4018 1738 4078 nequeat.

1346 4086 1397 4137 3.
1423 4086 1678 4156 Exponere
1707 4086 1924 4139 Vossius
1959 4088 2013 4139 in
2053 4104 2161 4143 not.
2203 4095 2280 4145 De

1264 4165 1479 4216 solemni
1529 4166 1799 4235 utriusque
1840 4167 1984 4237 apud
2047 4170 2290 4224 librarios

1780 4263 1919 4368 ¹9³
