2986 4935
759 409 1200 479 CARMEN
1262 414 1460 478 LXI.

2025 441 2166 510 ¹79

679 541 770 607 Te
810 542 950 607 suis·
981 538 1299 608 tremulus
1336 566 1572 634 parens

470 648 750 713 Invocat
786 670 802 710 :
841 645 956 712 tibi
994 647 1278 739 virgines

469 749 712 818 Zonula
757 749 1024 819 soluunt
1059 754 1279 835 sinus;

467 859 558 923 Te.
603 858 842 924 timens
878 855 1114 949 cupida
1154 880 1364 925 novus

471 965 714 1054 Captat
746 985 903 1029 aure
942 964 1233 1029 maritus,
2126 997 2171 1032 55

172 1194 245 1245 51.
284 1194 344 1244 Te
372 1197 468 1245 suis
505 1206 636 1245 trem.
658 1213 756 1265 par
791 1198 882 1245 inv.
923 1193 1064 1256 Suis,

1157 1194 1260 1246 het.
1304 1193 1380 1246 CI.
1429 1195 1617 1248 Gar-litt
1647 1198 1701 1248 in
1736 1199 1871 1250 notis
1901 1197 1967 1250 ad
1997 1200 2176 1251 Roseu-

104 1271 148 1322 in
164 1273 351 1342 gratiam
376 1271 599 1325 filiarum
625 1291 856 1337 suarum,
879 1286 938 1324 ut
960 1273 1071 1325 illas
1147 1273 1279 1340 selde'
1295 1275 1443 1326 Vera.
1477 1276 1680 1326 Meti-ic.
1713 1277 1866 1346 plane
1895 1291 2079 1330 contra
2104 1282 2177 1332 la-

107 1349 252 1402 saustis
280 1352 466 1422 nuptiis
498 1353 640 1406 bees.
677 1352 940 1423 Expressit
971 1353 1072 1404 hoc

105 1428 436 1483 laudatissimus
461 1433 595 1483 inter
621 1431 885 1483 Nostrates
919 1443 1075 1500 poeta

105 1509 313 1561 Ramlerus
353 1510 402 1561 in
446 1511 622 1563 Carm.
657 1510 782 1580 Lyr.
827 1510 1072 1569 XXVII,

103 1585 158 1639 ad
174 1587 493 1658 Hymenaeum
517 1608 530 1641 :
560 1615 581 1636 α
602 1589 699 1641 Dir
716 1588 845 1641 fleht
862 1587 957 1639 der
974 1607 1080 1639 sor-

106 1668 307 1734 geuvolle
339 1668 489 1720 Greis
507 1706 524 1732 ,
557 1669 606 1720 O
641 1668 818 1719 Stifter
846 1666 944 1718 der
972 1666 1078 1718 Ge-

107 1745 382 1798 schlechter!
412 1759 514 1798 etc.
533 1773 556 1792 ι
583 1779 658 1789 --
679 1747 801 1799 Tibi
828 1746 1079 1816 exquisite

106 1842 186 1894 pm
206 1830 286 1877 tuis
302 1828 537 1896 auspiciis.

176 1903 253 1957 52.
276 1906 496 1975 Virgines
517 1906 691 1957 zonula
712 1906 904 1956 soletum
929 1908 1077 1963 sinus,

108 1999 152 2033 se
173 1982 361 2037 tradunt
391 1985 577 2037 marito
609 1997 661 2036 et
685 1984 890 2054 copiam
910 1984 988 2034 sui
1009 1982 1083 2033 illi

112 2061 305 2114 faciunt:
331 2083 502 2115 zonam
533 2067 770 2132 virginum
799 2063 908 2131 ipse
937 2062 1087 2113 mari-

112 2149 177 2190 tus
194 2143 384 2213 proprie
413 2143 618 2195 solvere
649 2143 861 2193 solebat.
900 2143 973 2192 De
999 2159 1085 2191 zo-

110 2236 163 2267 m
182 2234 222 2271 et
250 2241 378 2273 ⁸0¹2oe
405 2221 645 2273 solutione
675 2219 777 2272 vid.
812 2239 945 2290 quos
973 2220 1087 2271 lau-

110 2295 207 2350 davi
231 2318 375 2371 supra
406 2299 480 2353 ad
510 2302 684 2353 Carm.
716 2302 797 2361 Π,
835 2299 900 2350 13
919 2337 933 2363 ‚
953 2297 1090 2350 adde

108 2376 193 2430 lut.
213 2380 366 2432 Caml.
389 2379 716 2448 Schlagcrum
735 2380 789 2430 in
809 2378 1091 2430 Commen-

109 2458 274 2512 tatione
292 2458 360 2513 de
386 2460 558 2513 Diana
572 2458 831 2528 λυσιζώνῳ,

178 2537 274 2601 54-
289 2539 377 2593 55.
421 2541 496 2591 Te
523 2540 710 2595 timent,
748 2538 919 2608 cupida
953 2555 1095 2588 novos

114 2615 270 2685 Captae
285 2639 396 2671 aare
413 2621 613 2669 maritos
630 2619 825 2669 Muret.
847 2618 916 2668 Te
934 2628 977 2666 te
992 2618 1047 2666 H
1051 2635 1100 2673 r

114 2698 393 2770 nne-cupa«
432 2716 582 2749 novus
617 2710 718 2749 ete.
760 2696 905 2748 nulla
947 2695 1097 2746 allata

111 2775 284 2829 ratione
340 2779 499 2832 tacite
555 2776 608 2827 in
666 2788 860 2828 textum
906 2774 1100 2843 recepit

115 2851 328 2919 Vos-inis,
363 2859 522 2927 cujus
566 2854 774 2924 vestigia
814 2872 961 2905 more
1006 2871 1100 2904 suo

111 2929 216 3001 legit
233 2935 392 3007 Vulp.
413 2966 498 2977 —-
518 2934 677 2985 Novos
704 2938 896 2983 maritos
911 2972 926 2994 ‚
957 2930 1103 3002 quod

115 3009 160 3060 in
191 3015 432 3067 omnibus
466 3013 622 3065 MSS.
665 3011 858 3083 reperit
890 3011 1103 3072 Statius,

112 3088 206 3141 sine
230 3090 389 3146 dubio
419 3097 667 3162 ἀρχαϊκῶς
697 3110 792 3162 pro
816 3107 936 3141 casu
963 3102 1104 3141 recto

115 3187 239 3222 mm
266 3177 468 3225 mariam
505 3171 733 3241 positum
769 3169 884 3220 suit.
914 3169 1018 3219 Pro
1046 3173 1106 3217 η’-

115 3265 224 3299 m
247 3251 333 3305 alii
359 3266 548 3303 lumem
564 3289 581 3312 ‚
608 3250 698 3301 alii
717 3262 872 3300 tenens
890 3248 1107 3299 malunt.

1160 1354 1279 1405 tinae
1297 1353 1486 1422 linguae
1508 1352 1759 1418 indolem,
1775 1358 2053 1408 vemacula
2072 1358 2182 1410 sor-

1161 1444 1289 1482 tasse
1319 1430 1568 1502 deceptus
1585 1473 1599 1498 ‚
1622 1436 1677 1485 τὸ
1706 1437 1867 1485 timens
1891 1436 2044 1486 vertit
2067 1457 2103 1486 ‘v
2129 1457 2179 1486 r-

1163 1512 1351 1562 ehrend.
1395 1512 1457 1562 In
1497 1511 1593 1564 hac
1636 1513 1776 1564 enim
1810 1514 2181 1583 significatione

1165 1608 1434 1659 nunquam
1461 1591 1512 1640 in
1543 1585 1851 1643 bono'sensu
1879 1592 2017 1664 apud
2044 1596 2184 1646 Lati-

1167 1687 1261 1719 nos
1284 1673 1444 1719 umere
1465 1668 1672 1721 dicitur.
1693 1700 1769 1711 ——-
1787 1671 1908 1734 Sed,
1931 1686 1985 1724 ut
2005 1675 2186 1738 fatear,

1169 1748 1334 1799 multo
1366 1748 1530 1817 magis
1561 1749 1688 1800 mihi
1715 1750 1907 1802 arridet
1933 1752 2084 1803 lectio
2114 1764 2185 1802 tu-

1171 1846 1323 1888 mens,
1348 1827 1401 1877 h.
1427 1846 1474 1878 e.
1496 1826 1712 1879 libidine
1737 1842 1971 1899 turgens,
1997 1833 2145 1900 ὀργῶν
2164 1871 2181 1896 ,

1170 1906 1362 1957 Tibun.
1385 1907 1439 1970 Ι,
1464 1910 1495 1959 8
1517 1948 1531 1971 ‚
1565 1906 1666 1958 36:
1698 1933 1719 1952 ι
1744 1908 1881 1959 Dum
1909 1921 2099 1971 tumet,
2132 1924 2184 1962 et

1172 1996 1375 2035 teneros
1394 1986 1618 2036 conserit
1636 2005 1798 2055 usque
1817 1988 1971 2038 sinuS.
1998 2014 2018 2032 ι·
2052 1989 2181 2040 Mihi

1173 2077 1308 2114 certe
1345 2065 1458 2114 haec
1497 2064 1648 2116 lectio
1689 2084 1753 2115 ex
1791 2083 1905 2116 mea
1937 2067 2190 2135 interpre-

1176 2142 1368 2192 tatione
1399 2143 1565 2193 multo
1596 2155 1747 2212 poeta
1779 2141 1987 2212 dignior
2027 2158 2077 2196 et
2109 2147 2186 2197 rei

1176 2221 1568 2272 convenientior
1587 2220 1806 2273 videtur.
1836 2255 1913 2263 —
1944 2223 2053 2273 Hos
2071 2244 2187 2275 ver-

1178 2317 1262 2349 sus
1293 2318 1399 2349 non
1436 2312 1572 2351 recte
1606 2300 1935 2369 interpretari
1965 2304 2187 2354 Doeriu-

1180 2378 1292 2446 gina
1319 2379 1447 2428 mihi
1466 2377 1690 2430 videtur.
1722 2378 1988 2449 Scriptura
2014 2401 2066 2431 os
2093 2402 2189 2453 pro

1184 2478 1236 2507 us
1257 2457 1309 2509 in
1338 2471 1477 2510 recto
1503 2477 1621 2510 casu
1638 2459 1744 2529 jam
1768 2457 1971 2530 pridem
1997 2461 2189 2514 Catulli

1184 2549 1327 2588 aetate
1366 2538 1571 2588 exoleta
1612 2550 1748 2601 erat,
1786 2558 1887 2608 qua
1931 2559 2188 2611 nusquam

1183 2616 1305 2667 alias
1338 2634 1458 2666 usus
1483 2630 1573 2667 est.
1607 2618 1787 2687 Itaque
1819 2618 2087 2670 retinenda
2119 2620 2194 2672 le-

1186 2695 1289 2745 ctio
1309 2695 1416 2745 sere
1438 2696 1674 2747 omnium
1695 2696 1842 2748 MSS.
1867 2709 1918 2748 et
1944 2716 2099 2767 quem
2124 2720 2199 2750 se-

1185 2790 1306 2825 cum
1331 2773 1453 2837 fert,
1472 2792 1647 2824 sensus
1660 2775 1761 2826 reci
1770 2774 2005 2845 piendus.
2021 2777 2193 2839 Quem

1189 2852 1336 2903 facile
1363 2851 1634 2922 expedieS,
1665 2855 1705 2905 si
1745 2855 2042 2906 memineris
2071 2857 2195 2907 scri-

1188 2944 1363 3000 ptores
1395 2932 1633 3000 antiquos
1669 2951 1775 2983 non
1807 2932 1964 2983 modo
1995 2935 2201 2986 astricta

1192 3010 1450 3072 numeris,
1471 3008 1560 3060 sed
1583 3011 1735 3061 etiam
1764 3012 1927 3062 soluta
1947 3012 2203 3075 oratione,

1192 3089 1377 3159 passim
1420 3091 1747 3149 ἀνακολούθως
1783 3108 1813 3140 a
1855 3090 2099 3158 singulari
2133 3091 2200 3143 ad

1192 3165 1444 3236 pluralem
1485 3185 1762 3218 numerum
1815 3168 1956 3220 haud
2009 3181 2201 3222 temere

1192 3247 1427 3297 transire.
1447 3248 1629 3314 Itaque
1653 3248 1765 3315 ejus
1786 3246 2004 3300 licentiae
2021 3248 2122 3299 hoc
2150 3249 2203 3301 in

113 3358 181 3369 —
204 3354 226 3375 ι
240 3330 320 3383 Te
334 3332 533 3384 timens
552 3327 744 3399 cupida
760 3344 934 3379 novus
944 3337 1112 3396 captat
1197 3325 1316 3393 loco
1336 3326 1631 3394 exemplum
1655 3325 1898 3392 reperieS,
1928 3327 1967 3378 si
1989 3326 2205 3397 quidem

113 3408 950 3475 ammadtua.-Seums:tempm
961 3401 1117 3467 illud,
1201 3420 1365 3473 quum
1397 3408 1609 3471 virgines
1638 3404 1820 3455 salvane
1849 3406 2020 3476 primo
2057 3405 2209 3459 dixis-

118 3502 211 3555 quo
245 3489 470 3543 solemni
506 3499 662 3539 cantu
699 3503 892 3537 nomen
932 3496 1080 3535 tuum
1101 3521 1116 3544 ‚
1202 3494 1305 3543 set,
1327 3482 1493 3533 statim
1517 3482 1696 3534 addit:
1720 3487 1882 3534 timens
1909 3497 2071 3554 captae
2091 3487 2205 3538 sub.

118 3562 418 3633 flymena,
437 3580 673 3629 resonat,
688 3559 802 3628 [Te]
824 3561 1015 3633 cupide
1028 3581 1117 3613 ex·
1207 3561 1370 3630 virgo,
1395 3561 1476 3612 Sic
1506 3562 1724 3613 omnino
1754 3563 2059 3635 exponenda
2081 3566 2209 3616 mihi

119 3657 296 3711 spectat
319 3665 496 3718 novus
523 3645 736 3697 maritus
750 3657 802 3694 et
813 3640 1021 3712 cupidis
1037 3660 1119 3691 ar·
1206 3638 1412 3691 videtur
1434 3641 1714 3692 sententia:
1746 3644 1933 3711 «virgo
1953 3657 2000 3694 te
2027 3643 2215 3694 timens

120 3725 357 3795 rectisque
385 3725 610 3781 auribus
625 3723 952 3774 dulcissimos
969 3721 1124 3789 hujus
1210 3712 1309 3786 (sc.
1344 3737 1409 3769 ne
1440 3739 1544 3770 non
1574 3721 1706 3770 votis
1736 3722 1838 3772 suis
1865 3718 2094 3781 annuas)
2128 3741 2212 3772 ca-

120 3816 288 3855 mum»
313 3824 479 3857 tonos
510 3816 680 3872 captat
709 3815 762 3852 et
790 3800 997 3869 excipit
1039 3801 1123 3850 Ta·-
1212 3810 1320 3869 ptat
1342 3816 1468 3849 aure
1484 3797 1675 3869 cupida
1690 3818 1850 3849 novos
1874 3802 2083 3851 maritos
2110 3801 2145 3851 i.
2168 3818 2213 3850 e.

123 3900 237 3932 nens
280 3877 570 3953 [angulich
612 3880 722 3933 und
769 3876 1021 3948 unruhig]
1061 3896 1127 3929 ne
1216 3894 1479 3929 sermones
1497 3879 1584 3947 qui
1602 3879 1851 3929 nuncient
1877 3897 2040 3929 novos
2064 3878 2219 3928 mari-

124 3959 241 4027 quid
257 3963 398 4015 forte
415 3962 576 4021 mali,
594 3961 894 4031 priusquam
914 3959 1001 4009 hic
1016 3976 1133 4010 can·
1219 3970 1313 4007 tos.
1339 3981 1358 4000 ι
1392 3957 1581 4026 Cupido
1604 3976 1730 4008 aare.
1759 3958 1839 4009 Cf.
1871 3957 2087 4024 cupidam
2113 3977 2226 4006 con-

129 4050 200 4089 tus
229 4039 510 4103 audiatur,
540 4053 765 4109 speratas
785 4039 995 4106 nuptias
1021 4049 1134 4088 tur·
1213 4038 1348 4104 jugis
1372 4054 1418 4085 v.
1457 4036 1545 4087 32.
1579 4037 1645 4087 N.

1927 4141 1941 4164 Ι

1817 4165 1895 4208 12
