<?xml version="1.0" encoding="UTF-8"?>
<!DOCTYPE html PUBLIC "-//W3C//DTD XHTML 1.0 Transitional//EN"
    "http://www.w3.org/TR/xhtml1/DTD/xhtml1-transitional.dtd">
<html xmlns="http://www.w3.org/1999/xhtml" xml:lang="en" lang="en">
 <head>
  <title>
</title>
<meta http-equiv="Content-Type" content="text/html;charset=utf-8" />
  <meta name='ocr-system' content='tesseract 3.04.00' />
  <meta name='ocr-capabilities' content='ocr_page ocr_carea ocr_par ocr_line ocrx_word'/>
</head>
<body>
  <div class='ocr_page' id='page_1' title='image "./cvaleriuscatull00naudgoog_0385.png"; bbox 0 0 2986 4935; ppageno 0'>
   <div class='ocr_carea' id='block_1_1' title="bbox 866 425 1522 494">
    <p class='ocr_par' dir='ltr' id='par_1_1' title="bbox 866 425 1522 494">
     <span class='ocr_line' id='line_1_1' title="bbox 866 425 1522 494; baseline -0.003 0"><span class='ocrx_word' id='word_1_1' title='bbox 866 425 1309 494; x_wconf 81' lang='lat' dir='ltr'><strong>CARMEN</strong></span> <span class='ocrx_word' id='word_1_2' title='bbox 1365 426 1522 492; x_wconf 87' lang='lat' dir='ltr'>XC.</span> 
     </span>
    </p>
   </div>
   <div class='ocr_carea' id='block_1_2' title="bbox 2111 424 2263 520">
    <p class='ocr_par' dir='ltr' id='par_1_2' title="bbox 2111 424 2263 520">
     <span class='ocr_line' id='line_1_2' title="bbox 2111 424 2263 520; baseline 0.007 -27"><span class='ocrx_word' id='word_1_3' title='bbox 2111 424 2263 520; x_wconf 76' lang='lat'>369</span> 
     </span>
    </p>
   </div>
   <div class='ocr_carea' id='block_1_3' title="bbox 793 658 1602 749">
    <p class='ocr_par' dir='ltr' id='par_1_3' title="bbox 793 658 1602 749">
     <span class='ocr_line' id='line_1_3' title="bbox 793 658 1602 749; baseline -0.005 0"><span class='ocrx_word' id='word_1_4' title='bbox 793 659 1333 749; x_wconf 82' lang='lat' dir='ltr'><strong>CARMEN</strong></span> <span class='ocrx_word' id='word_1_5' title='bbox 1402 658 1602 747; x_wconf 90' lang='lat' dir='ltr'>XC.</span> 
     </span>
    </p>
   </div>
   <div class='ocr_carea' id='block_1_4' title="bbox 936 893 1479 938">
    <p class='ocr_par' dir='ltr' id='par_1_4' title="bbox 936 893 1479 938">
     <span class='ocr_line' id='line_1_4' title="bbox 936 893 1479 938; baseline -0.002 -2"><span class='ocrx_word' id='word_1_6' title='bbox 936 893 1017 938; x_wconf 84' lang='lat' dir='ltr'>IN</span> <span class='ocrx_word' id='word_1_7' title='bbox 1076 893 1479 937; x_wconf 77' lang='lat' dir='ltr'>GELLHJM.</span> 
     </span>
    </p>
   </div>
   <div class='ocr_carea' id='block_1_5' title="bbox 232 1095 2282 1727">
    <p class='ocr_par' dir='ltr' id='par_1_5' title="bbox 232 1095 1969 1302">
     <span class='ocr_line' id='line_1_5' title="bbox 232 1095 1969 1193; baseline -0.002 -21"><span class='ocrx_word' id='word_1_8' title='bbox 232 1104 623 1172; x_wconf 62' lang='lat' dir='ltr'>NAscATmz</span> <span class='ocrx_word' id='word_1_9' title='bbox 666 1101 907 1193; x_wconf 85' lang='lat' dir='ltr'>Magus</span> <span class='ocrx_word' id='word_1_10' title='bbox 943 1122 1025 1165; x_wconf 82' lang='lat' dir='ltr'>ex</span> <span class='ocrx_word' id='word_1_11' title='bbox 1062 1095 1235 1166; x_wconf 88' lang='lat' dir='ltr'>Gelli</span> <span class='ocrx_word' id='word_1_12' title='bbox 1276 1099 1639 1192; x_wconf 87' lang='lat' dir='ltr'>matrisque</span> <span class='ocrx_word' id='word_1_13' title='bbox 1680 1098 1969 1168; x_wconf 85' lang='lat' dir='ltr'>nefando</span> 
     </span>
     <span class='ocr_line' id='line_1_6' title="bbox 341 1204 1947 1302; baseline -0.002 -26"><span class='ocrx_word' id='word_1_14' title='bbox 341 1208 705 1302; x_wconf 87' lang='lat' dir='ltr'>Conjugio,</span> <span class='ocrx_word' id='word_1_15' title='bbox 743 1220 810 1272; x_wconf 90' lang='lat' dir='ltr'>et</span> <span class='ocrx_word' id='word_1_16' title='bbox 844 1204 1054 1273; x_wconf 88' lang='lat' dir='ltr'>discat</span> <span class='ocrx_word' id='word_1_17' title='bbox 1094 1205 1428 1273; x_wconf 90' lang='lat' dir='ltr'>Persicum</span> <span class='ocrx_word' id='word_1_18' title='bbox 1469 1205 1947 1300; x_wconf 79' lang='lat' dir='ltr'>haruspicium.</span> 
     </span>
    </p>

    <p class='ocr_par' dir='ltr' id='par_1_6' title="bbox 232 1313 2112 1514">
     <span class='ocr_line' id='line_1_7' title="bbox 232 1313 2112 1408; baseline 0 -24"><span class='ocrx_word' id='word_1_19' title='bbox 232 1316 410 1385; x_wconf 85' lang='lat' dir='ltr'>Nam</span> <span class='ocrx_word' id='word_1_20' title='bbox 453 1316 695 1408; x_wconf 83' lang='lat' dir='ltr'>Magus</span> <span class='ocrx_word' id='word_1_21' title='bbox 737 1337 817 1381; x_wconf 84' lang='lat' dir='ltr'>ex</span> <span class='ocrx_word' id='word_1_22' title='bbox 859 1324 1070 1379; x_wconf 91' lang='lat' dir='ltr'>matre</span> <span class='ocrx_word' id='word_1_23' title='bbox 1106 1326 1173 1380; x_wconf 91' lang='lat' dir='ltr'>et</span> <span class='ocrx_word' id='word_1_24' title='bbox 1210 1327 1411 1405; x_wconf 87' lang='lat' dir='ltr'>gnato</span> <span class='ocrx_word' id='word_1_25' title='bbox 1457 1313 1770 1407; x_wconf 80' lang='lat' dir='ltr'>gignatur</span> <span class='ocrx_word' id='word_1_26' title='bbox 1814 1329 2112 1408; x_wconf 86' lang='lat' dir='ltr'><strong>oportet,</strong></span> 
     </span>
     <span class='ocr_line' id='line_1_8' title="bbox 339 1418 1714 1514; baseline -0.001 -24"><span class='ocrx_word' id='word_1_27' title='bbox 339 1423 405 1490; x_wconf 86' lang='lat' dir='ltr'>Si</span> <span class='ocrx_word' id='word_1_28' title='bbox 452 1445 609 1488; x_wconf 87' lang='lat' dir='ltr'>vera</span> <span class='ocrx_word' id='word_1_29' title='bbox 654 1435 752 1488; x_wconf 89' lang='lat' dir='ltr'>est</span> <span class='ocrx_word' id='word_1_30' title='bbox 788 1422 1138 1488; x_wconf 85' lang='lat' dir='ltr'>Persarum</span> <span class='ocrx_word' id='word_1_31' title='bbox 1180 1420 1380 1513; x_wconf 90' lang='lat' dir='ltr'>impia</span> <span class='ocrx_word' id='word_1_32' title='bbox 1426 1418 1714 1514; x_wconf 86' lang='lat' dir='ltr'>relligi0‚</span> 
     </span>
    </p>

    <p class='ocr_par' dir='ltr' id='par_1_7' title="bbox 235 1530 2282 1727">
     <span class='ocr_line' id='line_1_9' title="bbox 235 1530 2282 1620; baseline 0.002 -24"><span class='ocrx_word' id='word_1_33' title='bbox 235 1532 499 1597; x_wconf 87' lang='lat' dir='ltr'>Gnatus</span> <span class='ocrx_word' id='word_1_34' title='bbox 534 1542 610 1595; x_wconf 91' lang='lat' dir='ltr'>ut</span> <span class='ocrx_word' id='word_1_35' title='bbox 645 1541 921 1620; x_wconf 88' lang='lat' dir='ltr'>accepto</span> <span class='ocrx_word' id='word_1_36' title='bbox 959 1540 1312 1594; x_wconf 86' lang='lat' dir='ltr'>veneretur</span> <span class='ocrx_word' id='word_1_37' title='bbox 1349 1530 1642 1595; x_wconf 86' lang='lat' dir='ltr'>carmine</span> <span class='ocrx_word' id='word_1_38' title='bbox 1678 1530 1923 1611; x_wconf 83' lang='lat' dir='ltr'>Divos,</span> <span class='ocrx_word' id='word_1_39' title='bbox 2262 1565 2282 1600; x_wconf 79' lang='lat' dir='ltr'>s</span> 
     </span>
     <span class='ocr_line' id='line_1_10' title="bbox 344 1632 1889 1727; baseline 0.001 -25"><span class='ocrx_word' id='word_1_40' title='bbox 344 1638 709 1702; x_wconf 91' lang='lat' dir='ltr'>Omentum</span> <span class='ocrx_word' id='word_1_41' title='bbox 748 1635 812 1700; x_wconf 90' lang='lat' dir='ltr'>in</span> <span class='ocrx_word' id='word_1_42' title='bbox 849 1633 1118 1700; x_wconf 84' lang='lat' dir='ltr'>flamma</span> <span class='ocrx_word' id='word_1_43' title='bbox 1161 1635 1405 1727; x_wconf 83' lang='lat' dir='ltr'>pingue</span> <span class='ocrx_word' id='word_1_44' title='bbox 1445 1632 1889 1727; x_wconf 87' lang='lat' dir='ltr'>liquefaciens.</span> 
     </span>
    </p>
   </div>
   <div class='ocr_carea' id='block_1_6' title="bbox 136 1841 1176 3674">
    <p class='ocr_par' dir='ltr' id='par_1_8' title="bbox 136 1841 1169 2713">
     <span class='ocr_line' id='line_1_11' title="bbox 200 1841 1169 1897; baseline -0.005 0"><span class='ocrx_word' id='word_1_45' title='bbox 200 1848 342 1897; x_wconf 72' lang='lat' dir='ltr'>Ana.</span> <span class='ocrx_word' id='word_1_46' title='bbox 356 1844 505 1895; x_wconf 78' lang='lat' dir='ltr'>Nova</span> <span class='ocrx_word' id='word_1_47' title='bbox 523 1843 729 1895; x_wconf 86' lang='lat' dir='ltr'>ratione</span> <span class='ocrx_word' id='word_1_48' title='bbox 740 1854 790 1894; x_wconf 88' lang='lat' dir='ltr'>et</span> <span class='ocrx_word' id='word_1_49' title='bbox 803 1860 949 1892; x_wconf 87' lang='lat' dir='ltr'>novo</span> <span class='ocrx_word' id='word_1_50' title='bbox 965 1841 1068 1891; x_wconf 86' lang='lat' dir='ltr'>sale</span> <span class='ocrx_word' id='word_1_51' title='bbox 1080 1860 1169 1892; x_wconf 90' lang='lat' dir='ltr'>ne·</span> 
     </span>
     <span class='ocr_line' id='line_1_12' title="bbox 139 1919 1166 1978; baseline -0.007 0"><span class='ocrx_word' id='word_1_52' title='bbox 139 1925 356 1978; x_wconf 62' lang='lat' dir='ltr'>landam</span> <span class='ocrx_word' id='word_1_53' title='bbox 378 1924 541 1976; x_wconf 85' lang='lat' dir='ltr'>Gellii</span> <span class='ocrx_word' id='word_1_54' title='bbox 561 1941 682 1975; x_wconf 89' lang='lat' dir='ltr'>cum</span> <span class='ocrx_word' id='word_1_55' title='bbox 700 1934 868 1973; x_wconf 88' lang='lat' dir='ltr'>matre</span> <span class='ocrx_word' id='word_1_56' title='bbox 887 1919 1166 1973; x_wconf 86' lang='lat' dir='ltr'>libidinem</span> 
     </span>
     <span class='ocr_line' id='line_1_13' title="bbox 136 2002 1166 2076; baseline -0.009 -17"><span class='ocrx_word' id='word_1_57' title='bbox 136 2006 408 2076; x_wconf 74' lang='lat' dir='ltr'>pei-fricat.</span> <span class='ocrx_word' id='word_1_58' title='bbox 449 2005 666 2074; x_wconf 85' lang='lat' dir='ltr'>Magum</span> <span class='ocrx_word' id='word_1_59' title='bbox 706 2002 849 2053; x_wconf 85' lang='lat' dir='ltr'>enim</span> <span class='ocrx_word' id='word_1_60' title='bbox 887 2002 1116 2071; x_wconf 85' lang='lat' dir='ltr'>aliquem</span> <span class='ocrx_word' id='word_1_61' title='bbox 1150 2038 1166 2065; x_wconf 85' lang='lat'><strong>,</strong></span> 
     </span>
     <span class='ocr_line' id='line_1_14' title="bbox 136 2081 1166 2154; baseline -0.006 -18"><span class='ocrx_word' id='word_1_62' title='bbox 136 2087 177 2137; x_wconf 89' lang='lat' dir='ltr'>si</span> <span class='ocrx_word' id='word_1_63' title='bbox 208 2104 333 2139; x_wconf 80' lang='lat' dir='ltr'>vera</span> <span class='ocrx_word' id='word_1_64' title='bbox 355 2085 423 2139; x_wconf 89' lang='lat' dir='ltr'>sit</span> <span class='ocrx_word' id='word_1_65' title='bbox 452 2084 620 2154; x_wconf 87' lang='lat' dir='ltr'>impia</span> <span class='ocrx_word' id='word_1_66' title='bbox 642 2083 926 2134; x_wconf 84' lang='lat' dir='ltr'>Persarum</span> <span class='ocrx_word' id='word_1_67' title='bbox 953 2081 1166 2149; x_wconf 87' lang='lat' dir='ltr'>religio,</span> 
     </span>
     <span class='ocr_line' id='line_1_15' title="bbox 137 2162 1164 2218; baseline -0.005 -2"><span class='ocrx_word' id='word_1_68' title='bbox 137 2185 196 2217; x_wconf 81' lang='lat' dir='ltr'>ex</span> <span class='ocrx_word' id='word_1_69' title='bbox 247 2166 355 2218; x_wconf 90' lang='lat' dir='ltr'>boc</span> <span class='ocrx_word' id='word_1_70' title='bbox 406 2165 637 2216; x_wconf 87' lang='lat' dir='ltr'>obsceno</span> <span class='ocrx_word' id='word_1_71' title='bbox 687 2162 975 2215; x_wconf 87' lang='lat' dir='ltr'>concubitu</span> <span class='ocrx_word' id='word_1_72' title='bbox 1023 2162 1164 2213; x_wconf 86' lang='lat' dir='ltr'>nasci</span> 
     </span>
     <span class='ocr_line' id='line_1_16' title="bbox 136 2241 1167 2316; baseline -0.004 -18"><span class='ocrx_word' id='word_1_73' title='bbox 136 2258 391 2315; x_wconf 83' lang='lat' dir='ltr'>oportere</span> <span class='ocrx_word' id='word_1_74' title='bbox 422 2244 616 2316; x_wconf 86' lang='lat' dir='ltr'>probat</span> <span class='ocrx_word' id='word_1_75' title='bbox 641 2255 694 2295; x_wconf 87' lang='lat' dir='ltr'>et</span> <span class='ocrx_word' id='word_1_76' title='bbox 726 2241 1062 2313; x_wconf 89' lang='lat' dir='ltr'>pronunciat.</span> <span class='ocrx_word' id='word_1_77' title='bbox 1088 2274 1167 2281; x_wconf 94' lang='lat'><strong>—</strong></span> 
     </span>
     <span class='ocr_line' id='line_1_17' title="bbox 136 2323 1165 2395; baseline -0.006 -18"><span class='ocrx_word' id='word_1_78' title='bbox 136 2325 252 2378; x_wconf 84' lang='lat' dir='ltr'>Hoc</span> <span class='ocrx_word' id='word_1_79' title='bbox 293 2325 639 2395; x_wconf 78' lang='lat' dir='ltr'>Epigramma</span> <span class='ocrx_word' id='word_1_80' title='bbox 681 2323 1004 2391; x_wconf 88' lang='lat' dir='ltr'>conjunctim</span> <span class='ocrx_word' id='word_1_81' title='bbox 1041 2340 1165 2373; x_wconf 87' lang='lat' dir='ltr'>cum</span> 
     </span>
     <span class='ocr_line' id='line_1_18' title="bbox 136 2400 1168 2477; baseline -0.005 -20"><span class='ocrx_word' id='word_1_82' title='bbox 136 2406 421 2477; x_wconf 74' lang='lat' dir='ltr'>superiore</span> <span class='ocrx_word' id='word_1_83' title='bbox 447 2404 726 2457; x_wconf 85' lang='lat' dir='ltr'>exhibetur</span> <span class='ocrx_word' id='word_1_84' title='bbox 759 2403 813 2454; x_wconf 87' lang='lat' dir='ltr'>in</span> <span class='ocrx_word' id='word_1_85' title='bbox 847 2400 1168 2454; x_wconf 79' lang='lat' dir='ltr'>editionibus</span> 
     </span>
     <span class='ocr_line' id='line_1_19' title="bbox 137 2481 1167 2554; baseline -0.004 -15"><span class='ocrx_word' id='word_1_86' title='bbox 137 2486 453 2549; x_wconf 82' lang='lat' dir='ltr'>Parthenii,</span> <span class='ocrx_word' id='word_1_87' title='bbox 501 2485 712 2554; x_wconf 84' lang='lat' dir='ltr'>Gryph.</span> <span class='ocrx_word' id='word_1_88' title='bbox 764 2494 817 2534; x_wconf 89' lang='lat' dir='ltr'>et</span> <span class='ocrx_word' id='word_1_89' title='bbox 870 2484 1014 2546; x_wconf 80' lang='lat' dir='ltr'>aliis3</span> <span class='ocrx_word' id='word_1_90' title='bbox 1074 2481 1167 2535; x_wconf 88' lang='lat' dir='ltr'>sed</span> 
     </span>
     <span class='ocr_line' id='line_1_20' title="bbox 137 2562 1169 2637; baseline -0.004 -19"><span class='ocrx_word' id='word_1_91' title='bbox 137 2579 323 2637; x_wconf 85' lang='lat' dir='ltr'>sponte</span> <span class='ocrx_word' id='word_1_92' title='bbox 365 2577 621 2635; x_wconf 81' lang='lat' dir='ltr'>apparet,</span> <span class='ocrx_word' id='word_1_93' title='bbox 654 2563 937 2635; x_wconf 88' lang='lat' dir='ltr'>separatim</span> <span class='ocrx_word' id='word_1_94' title='bbox 969 2562 1104 2614; x_wconf 88' lang='lat' dir='ltr'>illud</span> <span class='ocrx_word' id='word_1_95' title='bbox 1140 2582 1169 2614; x_wconf 86' lang='lat' dir='ltr'>a</span> 
     </span>
     <span class='ocr_line' id='line_1_21' title="bbox 138 2645 1167 2713; baseline -0.004 -15"><span class='ocrx_word' id='word_1_96' title='bbox 138 2646 299 2698; x_wconf 85' lang='lat' dir='ltr'>Poeta</span> <span class='ocrx_word' id='word_1_97' title='bbox 321 2646 380 2697; x_wconf 87' lang='lat' dir='ltr'>in</span> <span class='ocrx_word' id='word_1_98' title='bbox 402 2645 635 2696; x_wconf 89' lang='lat' dir='ltr'>Gellium</span> <span class='ocrx_word' id='word_1_99' title='bbox 659 2645 1017 2713; x_wconf 89' lang='lat' dir='ltr'>compositum</span> <span class='ocrx_word' id='word_1_100' title='bbox 1041 2663 1167 2695; x_wconf 83' lang='lat' dir='ltr'>esse.</span> 
     </span>
    </p>

    <p class='ocr_par' dir='ltr' id='par_1_9' title="bbox 136 2724 1176 3674">
     <span class='ocr_line' id='line_1_22' title="bbox 219 2724 1170 2795; baseline -0.004 -17"><span class='ocrx_word' id='word_1_101' title='bbox 219 2731 273 2788; x_wconf 74' lang='grc'>4.</span> <span class='ocrx_word' id='word_1_102' title='bbox 313 2726 475 2795; x_wconf 80' lang='lat' dir='ltr'>Impia</span> <span class='ocrx_word' id='word_1_103' title='bbox 521 2726 711 2794; x_wconf 74' lang='lat' dir='ltr'>relligio</span> <span class='ocrx_word' id='word_1_104' title='bbox 733 2743 750 2774; x_wconf 90' lang='lat'><em>:</em></span> <span class='ocrx_word' id='word_1_105' title='bbox 770 2744 834 2775; x_wconf 83' lang='lat' dir='ltr'>ex</span> <span class='ocrx_word' id='word_1_106' title='bbox 866 2743 970 2795; x_wconf 90' lang='lat' dir='ltr'>qua</span> <span class='ocrx_word' id='word_1_107' title='bbox 1004 2724 1170 2775; x_wconf 88' lang='lat' dir='ltr'>nimi·</span> 
     </span>
     <span class='ocr_line' id='line_1_23' title="bbox 136 2804 1170 2858; baseline -0.004 0"><span class='ocrx_word' id='word_1_108' title='bbox 136 2825 258 2858; x_wconf 85' lang='lat' dir='ltr'>rum</span> <span class='ocrx_word' id='word_1_109' title='bbox 304 2824 424 2857; x_wconf 86' lang='lat' dir='ltr'>non</span> <span class='ocrx_word' id='word_1_110' title='bbox 455 2805 625 2857; x_wconf 86' lang='lat' dir='ltr'>solum</span> <span class='ocrx_word' id='word_1_111' title='bbox 676 2804 857 2856; x_wconf 85' lang='lat' dir='ltr'>matris</span> <span class='ocrx_word' id='word_1_112' title='bbox 898 2823 1021 2855; x_wconf 89' lang='lat' dir='ltr'>cum</span> <span class='ocrx_word' id='word_1_113' title='bbox 1057 2804 1170 2855; x_wconf 85' lang='lat' dir='ltr'>filio</span> 
     </span>
     <span class='ocr_line' id='line_1_24' title="bbox 139 2885 1174 2953; baseline -0.004 -15"><span class='ocrx_word' id='word_1_114' title='bbox 139 2886 456 2938; x_wconf 74' lang='lat' dir='ltr'>concubitus</span> <span class='ocrx_word' id='word_1_115' title='bbox 472 2924 487 2949; x_wconf 86' lang='lat'>‚</span> <span class='ocrx_word' id='word_1_116' title='bbox 511 2898 561 2937; x_wconf 85' lang='lat' dir='ltr'>ct</span> <span class='ocrx_word' id='word_1_117' title='bbox 583 2886 636 2936; x_wconf 91' lang='lat' dir='ltr'>in</span> <span class='ocrx_word' id='word_1_118' title='bbox 656 2885 962 2935; x_wconf 75' lang='lat' dir='ltr'>uuiversum</span> <span class='ocrx_word' id='word_1_119' title='bbox 986 2903 1174 2953; x_wconf 84' lang='lat' dir='ltr'>cogna-</span> 
     </span>
     <span class='ocr_line' id='line_1_25' title="bbox 140 2963 1172 3027; baseline -0.005 -8"><span class='ocrx_word' id='word_1_120' title='bbox 140 2979 318 3019; x_wconf 83' lang='lat' dir='ltr'>torum</span> <span class='ocrx_word' id='word_1_121' title='bbox 334 2965 734 3018; x_wconf 86' lang='lat' dir='ltr'>commistiones</span> <span class='ocrx_word' id='word_1_122' title='bbox 751 2963 909 3016; x_wconf 80' lang='lat' dir='ltr'>licitae</span> <span class='ocrx_word' id='word_1_123' title='bbox 924 2965 1139 3015; x_wconf 86' lang='lat' dir='ltr'>fuerunt</span> <span class='ocrx_word' id='word_1_124' title='bbox 1156 3004 1172 3027; x_wconf 86' lang='lat'>,</span> 
     </span>
     <span class='ocr_line' id='line_1_26' title="bbox 140 3042 1169 3114; baseline -0.004 -15"><span class='ocrx_word' id='word_1_125' title='bbox 140 3045 230 3099; x_wconf 85' lang='lat' dir='ltr'>sed</span> <span class='ocrx_word' id='word_1_126' title='bbox 264 3045 401 3098; x_wconf 84' lang='lat' dir='ltr'>boni</span> <span class='ocrx_word' id='word_1_127' title='bbox 435 3045 573 3114; x_wconf 88' lang='lat' dir='ltr'>magi</span> <span class='ocrx_word' id='word_1_128' title='bbox 607 3042 739 3096; x_wconf 85' lang='lat' dir='ltr'>adeo</span> <span class='ocrx_word' id='word_1_129' title='bbox 764 3085 779 3108; x_wconf 84' lang='lat'>‚</span> <span class='ocrx_word' id='word_1_130' title='bbox 811 3043 867 3095; x_wconf 90' lang='lat' dir='ltr'>h.</span> <span class='ocrx_word' id='word_1_131' title='bbox 903 3063 949 3096; x_wconf 91' lang='lat' dir='ltr'>e.</span> <span class='ocrx_word' id='word_1_132' title='bbox 979 3045 1169 3096; x_wconf 87' lang='lat' dir='ltr'>Persa·</span> 
     </span>
     <span class='ocr_line' id='line_1_27' title="bbox 141 3123 1171 3188; baseline -0.001 -10"><span class='ocrx_word' id='word_1_133' title='bbox 141 3145 261 3178; x_wconf 86' lang='lat' dir='ltr'>rum</span> <span class='ocrx_word' id='word_1_134' title='bbox 303 3123 608 3178; x_wconf 74' lang='lat' dir='ltr'>sacerdotes</span> <span class='ocrx_word' id='word_1_135' title='bbox 639 3164 654 3188; x_wconf 91' lang='lat'>,</span> <span class='ocrx_word' id='word_1_136' title='bbox 702 3142 765 3175; x_wconf 86' lang='lat' dir='ltr'>ex</span> <span class='ocrx_word' id='word_1_137' title='bbox 805 3137 974 3176; x_wconf 82' lang='lat' dir='ltr'>matre</span> <span class='ocrx_word' id='word_1_138' title='bbox 1003 3143 1028 3173; x_wconf 78' lang='lat' dir='ltr'>a</span> <span class='ocrx_word' id='word_1_139' title='bbox 1058 3124 1171 3177; x_wconf 86' lang='lat' dir='ltr'>filio</span> 
     </span>
     <span class='ocr_line' id='line_1_28' title="bbox 141 3202 1173 3277; baseline -0.002 -19"><span class='ocrx_word' id='word_1_140' title='bbox 141 3224 447 3277; x_wconf 78' lang='lat' dir='ltr'>compressa</span> <span class='ocrx_word' id='word_1_141' title='bbox 476 3204 722 3276; x_wconf 79' lang='lat' dir='ltr'>progigni</span> <span class='ocrx_word' id='word_1_142' title='bbox 753 3202 1035 3256; x_wconf 86' lang='lat' dir='ltr'>debebant.</span> <span class='ocrx_word' id='word_1_143' title='bbox 1059 3205 1173 3256; x_wconf 83' lang='lat' dir='ltr'>Ve-</span> 
     </span>
     <span class='ocr_line' id='line_1_29' title="bbox 143 3283 1171 3338; baseline -0.002 -2"><span class='ocrx_word' id='word_1_144' title='bbox 143 3297 314 3338; x_wconf 85' lang='lat' dir='ltr'>terum</span> <span class='ocrx_word' id='word_1_145' title='bbox 371 3283 445 3337; x_wconf 88' lang='lat' dir='ltr'>de</span> <span class='ocrx_word' id='word_1_146' title='bbox 497 3285 580 3336; x_wconf 87' lang='lat' dir='ltr'>his</span> <span class='ocrx_word' id='word_1_147' title='bbox 633 3284 844 3336; x_wconf 75' lang='lat' dir='ltr'>incestis</span> <span class='ocrx_word' id='word_1_148' title='bbox 890 3286 1171 3336; x_wconf 85' lang='lat' dir='ltr'>Persarum</span> 
     </span>
     <span class='ocr_line' id='line_1_30' title="bbox 141 3362 1175 3434; baseline -0.003 -16"><span class='ocrx_word' id='word_1_149' title='bbox 141 3367 386 3418; x_wconf 86' lang='lat' dir='ltr'>moribus</span> <span class='ocrx_word' id='word_1_150' title='bbox 418 3365 717 3417; x_wconf 86' lang='lat' dir='ltr'>testimonia</span> <span class='ocrx_word' id='word_1_151' title='bbox 740 3362 851 3416; x_wconf 84' lang='lat' dir='ltr'>vid.</span> <span class='ocrx_word' id='word_1_152' title='bbox 873 3363 1015 3434; x_wconf 88' lang='lat' dir='ltr'>apud</span> <span class='ocrx_word' id='word_1_153' title='bbox 1036 3365 1175 3415; x_wconf 89' lang='lat' dir='ltr'>Vul-</span> 
     </span>
     <span class='ocr_line' id='line_1_31' title="bbox 141 3445 1171 3516; baseline -0.002 -19"><span class='ocrx_word' id='word_1_154' title='bbox 141 3447 307 3515; x_wconf 87' lang='lat' dir='ltr'>pium.</span> <span class='ocrx_word' id='word_1_155' title='bbox 352 3445 613 3516; x_wconf 72' lang='lat' dir='ltr'>Inprimis</span> <span class='ocrx_word' id='word_1_156' title='bbox 655 3464 716 3496; x_wconf 85' lang='lat' dir='ltr'>ex</span> <span class='ocrx_word' id='word_1_157' title='bbox 750 3445 1031 3515; x_wconf 89' lang='lat' dir='ltr'>utriusque</span> <span class='ocrx_word' id='word_1_158' title='bbox 1063 3445 1171 3495; x_wconf 90' lang='lat' dir='ltr'>lin-</span> 
     </span>
     <span class='ocr_line' id='line_1_32' title="bbox 143 3524 1176 3595; baseline -0.003 -17"><span class='ocrx_word' id='word_1_159' title='bbox 143 3545 254 3595; x_wconf 80' lang='lat' dir='ltr'>guae</span> <span class='ocrx_word' id='word_1_160' title='bbox 275 3525 660 3595; x_wconf 86' lang='lat' dir='ltr'>scriptoribus,</span> <span class='ocrx_word' id='word_1_161' title='bbox 679 3543 795 3594; x_wconf 77' lang='lat' dir='ltr'>quae</span> <span class='ocrx_word' id='word_1_162' title='bbox 811 3524 917 3577; x_wconf 89' lang='lat' dir='ltr'>huc</span> <span class='ocrx_word' id='word_1_163' title='bbox 938 3535 1176 3593; x_wconf 84' lang='lat' dir='ltr'>spectant</span> 
     </span>
     <span class='ocr_line' id='line_1_33' title="bbox 144 3602 1175 3674; baseline -0.003 -18"><span class='ocrx_word' id='word_1_164' title='bbox 144 3604 381 3659; x_wconf 85' lang='lat' dir='ltr'>studiose</span> <span class='ocrx_word' id='word_1_165' title='bbox 398 3604 615 3674; x_wconf 83' lang='lat' dir='ltr'>collegit</span> <span class='ocrx_word' id='word_1_166' title='bbox 636 3602 883 3656; x_wconf 83' lang='lat' dir='ltr'>laudatus</span> <span class='ocrx_word' id='word_1_167' title='bbox 912 3625 938 3655; x_wconf 89' lang='lat' dir='ltr'>a</span> <span class='ocrx_word' id='word_1_168' title='bbox 963 3605 1175 3656; x_wconf 84' lang='lat' dir='ltr'>Mureto</span> 
     </span>
    </p>
   </div>
   <div class='ocr_carea' id='block_1_7' title="bbox 1254 1838 2336 3518">
    <p class='ocr_par' dir='ltr' id='par_1_10' title="bbox 1254 1838 2336 2549">
     <span class='ocr_line' id='line_1_34' title="bbox 1259 1838 2286 1916; baseline 0.009 -27"><span class='ocrx_word' id='word_1_169' title='bbox 1259 1838 1437 1890; x_wconf 66' lang='lat' dir='ltr'>Catius</span> <span class='ocrx_word' id='word_1_170' title='bbox 1465 1841 1769 1910; x_wconf 73' lang='lat' dir='ltr'>Rlzodiginus</span> <span class='ocrx_word' id='word_1_171' title='bbox 1801 1845 2008 1916; x_wconf 79' lang='lat' dir='ltr'>Antiqu.</span> <span class='ocrx_word' id='word_1_172' title='bbox 2044 1847 2178 1897; x_wconf 81' lang='lat' dir='ltr'>Lect.</span> <span class='ocrx_word' id='word_1_173' title='bbox 2205 1848 2286 1914; x_wconf 82' lang='lat' dir='ltr'>X,</span> 
     </span>
     <span class='ocr_line' id='line_1_35' title="bbox 1254 1920 2285 1996; baseline 0.008 -26"><span class='ocrx_word' id='word_1_174' title='bbox 1254 1937 1298 1970; x_wconf 87' lang='lat' dir='ltr'>c.</span> <span class='ocrx_word' id='word_1_175' title='bbox 1343 1938 1431 1987; x_wconf 80' lang='lat'>¹7·</span> <span class='ocrx_word' id='word_1_176' title='bbox 1461 1920 1585 1972; x_wconf 87' lang='lat' dir='ltr'>Huc</span> <span class='ocrx_word' id='word_1_177' title='bbox 1612 1923 1844 1992; x_wconf 88' lang='lat' dir='ltr'>pertinet</span> <span class='ocrx_word' id='word_1_178' title='bbox 1871 1943 2087 1996; x_wconf 89' lang='lat' dir='ltr'>quoque</span> <span class='ocrx_word' id='word_1_179' title='bbox 2120 1927 2285 1978; x_wconf 88' lang='lat' dir='ltr'>Euri-</span> 
     </span>
     <span class='ocr_line' id='line_1_36' title="bbox 1256 1998 2283 2077; baseline 0.009 -28"><span class='ocrx_word' id='word_1_180' title='bbox 1256 1998 1410 2069; x_wconf 89' lang='lat' dir='ltr'>pides</span> <span class='ocrx_word' id='word_1_181' title='bbox 1460 2000 1828 2055; x_wconf 78' lang='lat' dir='ltr'>Andromach.</span> <span class='ocrx_word' id='word_1_182' title='bbox 1876 2022 1928 2054; x_wconf 80' lang='lat' dir='ltr'>v.</span> <span class='ocrx_word' id='word_1_183' title='bbox 1986 2005 2088 2073; x_wconf 83' lang='lat'>173</span> <span class='ocrx_word' id='word_1_184' title='bbox 2111 2045 2126 2069; x_wconf 93' lang='lat'>‚</span> <span class='ocrx_word' id='word_1_185' title='bbox 2166 2026 2283 2077; x_wconf 85' lang='lat' dir='ltr'>sqq.</span> 
     </span>
     <span class='ocr_line' id='line_1_37' title="bbox 1263 2081 2283 2155; baseline 0.007 -25"><span class='ocrx_word' id='word_1_186' title='bbox 1263 2086 1530 2132; x_wconf 76' lang='grc' dir='ltr'>-Τοιοῦτον</span> <span class='ocrx_word' id='word_1_187' title='bbox 1582 2085 1682 2132; x_wconf 78' lang='grc' dir='ltr'>πᾶν</span> <span class='ocrx_word' id='word_1_188' title='bbox 1733 2084 1786 2134; x_wconf 80' lang='grc' dir='ltr'>τὸ</span> <span class='ocrx_word' id='word_1_189' title='bbox 1837 2081 2081 2154; x_wconf 66' lang='grc' dir='ltr'>βάρῧαρον</span> <span class='ocrx_word' id='word_1_190' title='bbox 2127 2089 2283 2155; x_wconf 60' lang='grc' dir='ltr'><strong>γένος’</strong></span> 
     </span>
     <span class='ocr_line' id='line_1_38' title="bbox 1258 2163 2336 2236; baseline 0.009 -25"><span class='ocrx_word' id='word_1_191' title='bbox 1258 2164 1432 2229; x_wconf 70' lang='grc' dir='ltr'>Πατήρ</span> <span class='ocrx_word' id='word_1_192' title='bbox 1465 2182 1516 2214; x_wconf 79' lang='grc' dir='ltr'>τε</span> <span class='ocrx_word' id='word_1_193' title='bbox 1542 2163 1775 2231; x_wconf 70' lang='grc' dir='ltr'>θυγατρὶ,</span> <span class='ocrx_word' id='word_1_194' title='bbox 1799 2168 1916 2224; x_wconf 68' lang='grc' dir='ltr'>παῖς</span> <span class='ocrx_word' id='word_1_195' title='bbox 1944 2186 1993 2216; x_wconf 82' lang='grc' dir='ltr'>τι</span> <span class='ocrx_word' id='word_1_196' title='bbox 2021 2168 2169 2236; x_wconf 83' lang='grc' dir='ltr'>μητρὶ</span> <span class='ocrx_word' id='word_1_197' title='bbox 2201 2175 2284 2236; x_wconf 85' lang='grc' dir='ltr'>μί·</span> <span class='ocrx_word' id='word_1_198' title='bbox 2331 2188 2336 2200; x_wconf 83' lang='grc'><strong><em>·</em></strong></span> 
     </span>
     <span class='ocr_line' id='line_1_39' title="bbox 1255 2239 2290 2314; baseline 0.007 -23"><span class='ocrx_word' id='word_1_199' title='bbox 1255 2260 1453 2309; x_wconf 81' lang='grc' dir='ltr'><strong>γνυται,</strong></span> <span class='ocrx_word' id='word_1_200' title='bbox 1478 2245 1608 2311; x_wconf 76' lang='grc' dir='ltr'>Κόρη</span> <span class='ocrx_word' id='word_1_201' title='bbox 1633 2251 1681 2295; x_wconf 80' lang='grc' dir='ltr'>τ’</span> <span class='ocrx_word' id='word_1_202' title='bbox 1705 2239 1903 2314; x_wconf 64' lang='grc' dir='ltr'>ἀδελφῷ</span> <span class='ocrx_word' id='word_1_203' title='bbox 1941 2283 1953 2293; x_wconf 92' lang='grc'><strong><em>.</em></strong></span> <span class='ocrx_word' id='word_1_204' title='bbox 1971 2284 1983 2295; x_wconf 93' lang='grc'><strong>.</strong></span> <span class='ocrx_word' id='word_1_205' title='bbox 2001 2284 2014 2296; x_wconf 94' lang='grc'><strong><em>.</em></strong></span> <span class='ocrx_word' id='word_1_206' title='bbox 2040 2246 2125 2297; x_wconf 81' lang='grc' dir='ltr'>καὶ</span> <span class='ocrx_word' id='word_1_207' title='bbox 2168 2255 2290 2298; x_wconf 82' lang='grc' dir='ltr'>τῶν·</span> 
     </span>
     <span class='ocr_line' id='line_1_40' title="bbox 1254 2317 2284 2392; baseline 0.008 -21"><span class='ocrx_word' id='word_1_208' title='bbox 1254 2317 1307 2371; x_wconf 65' lang='grc' dir='ltr'>δ’</span> <span class='ocrx_word' id='word_1_209' title='bbox 1337 2318 1475 2372; x_wconf 66' lang='grc' dir='ltr'>οὐδὲν</span> <span class='ocrx_word' id='word_1_210' title='bbox 1521 2323 1716 2392; x_wconf 75' lang='grc' dir='ltr'><strong>ἐξείργει</strong></span> <span class='ocrx_word' id='word_1_211' title='bbox 1751 2325 1913 2391; x_wconf 81' lang='grc' dir='ltr'><strong>νόμος.</strong></span> <span class='ocrx_word' id='word_1_212' title='bbox 1934 2349 1956 2370; x_wconf 72' lang='grc' dir='ltr'><strong>ι</strong></span> <span class='ocrx_word' id='word_1_213' title='bbox 1993 2326 2101 2377; x_wconf 91' lang='lat' dir='ltr'>Ubi</span> <span class='ocrx_word' id='word_1_214' title='bbox 2136 2339 2284 2379; x_wconf 83' lang='lat' dir='ltr'>recte</span> 
     </span>
     <span class='ocr_line' id='line_1_41' title="bbox 1256 2401 2286 2459; baseline 0.008 -8"><span class='ocrx_word' id='word_1_215' title='bbox 1256 2401 1571 2454; x_wconf 86' lang='lat' dir='ltr'>Scholiastes</span> <span class='ocrx_word' id='word_1_216' title='bbox 1625 2404 1728 2456; x_wconf 89' lang='lat' dir='ltr'>hoc</span> <span class='ocrx_word' id='word_1_217' title='bbox 1785 2406 2061 2457; x_wconf 80' lang='lat' dir='ltr'>annotavit</span> <span class='ocrx_word' id='word_1_218' title='bbox 2115 2413 2286 2459; x_wconf 80' lang='grc' dir='ltr'>ταῦτα</span> 
     </span>
     <span class='ocr_line' id='line_1_42' title="bbox 1254 2482 1597 2549; baseline 0.003 -16"><span class='ocrx_word' id='word_1_219' title='bbox 1254 2482 1467 2549; x_wconf 79' lang='grc' dir='ltr'>περσικὰ</span> <span class='ocrx_word' id='word_1_220' title='bbox 1499 2486 1597 2539; x_wconf 71' lang='grc' dir='ltr'><strong>ἔθη.</strong></span> 
     </span>
    </p>

    <p class='ocr_par' dir='ltr' id='par_1_11' title="bbox 1257 2565 2286 2855">
     <span class='ocr_line' id='line_1_43' title="bbox 1341 2565 2285 2638; baseline 0.005 -24"><span class='ocrx_word' id='word_1_221' title='bbox 1341 2565 1388 2614; x_wconf 88' lang='grc'>5.</span> <span class='ocrx_word' id='word_1_222' title='bbox 1420 2565 1668 2634; x_wconf 82' lang='lat' dir='ltr'>Accepto,</span> <span class='ocrx_word' id='word_1_223' title='bbox 1697 2565 1811 2616; x_wconf 87' lang='lat' dir='ltr'>Diis</span> <span class='ocrx_word' id='word_1_224' title='bbox 1841 2579 1990 2636; x_wconf 87' lang='lat' dir='ltr'>grato</span> <span class='ocrx_word' id='word_1_225' title='bbox 2016 2568 2120 2620; x_wconf 86' lang='lat' dir='ltr'>:sic</span> <span class='ocrx_word' id='word_1_226' title='bbox 2147 2586 2285 2638; x_wconf 79' lang='lat' dir='ltr'>saepe</span> 
     </span>
     <span class='ocr_line' id='line_1_44' title="bbox 1257 2646 2286 2712; baseline 0.006 -20"><span class='ocrx_word' id='word_1_227' title='bbox 1257 2656 1449 2712; x_wconf 74' lang='lat' dir='ltr'>accepta</span> <span class='ocrx_word' id='word_1_228' title='bbox 1491 2665 1721 2707; x_wconf 80' lang='lat' dir='ltr'>muncru;</span> <span class='ocrx_word' id='word_1_229' title='bbox 1765 2647 1925 2698; x_wconf 85' lang='lat' dir='ltr'>nimis</span> <span class='ocrx_word' id='word_1_230' title='bbox 1963 2646 2120 2699; x_wconf 85' lang='lat' dir='ltr'>docte</span> <span class='ocrx_word' id='word_1_231' title='bbox 2162 2648 2286 2712; x_wconf 87' lang='lat' dir='ltr'>alii,</span> 
     </span>
     <span class='ocr_line' id='line_1_45' title="bbox 1265 2725 2286 2798; baseline 0.006 -24"><span class='ocrx_word' id='word_1_232' title='bbox 1265 2749 1285 2768; x_wconf 74' lang='grc' dir='ltr'>σι</span> <span class='ocrx_word' id='word_1_233' title='bbox 1304 2742 1334 2775; x_wconf 84' lang='lat' dir='ltr'>a</span> <span class='ocrx_word' id='word_1_234' title='bbox 1364 2725 1655 2795; x_wconf 83' lang='lat' dir='ltr'>majoribus</span> <span class='ocrx_word' id='word_1_235' title='bbox 1686 2742 1779 2795; x_wconf 87' lang='lat' dir='ltr'>per</span> <span class='ocrx_word' id='word_1_236' title='bbox 1804 2745 1989 2779; x_wconf 86' lang='lat' dir='ltr'>manus</span> <span class='ocrx_word' id='word_1_237' title='bbox 2012 2728 2160 2798; x_wconf 84' lang='lat' dir='ltr'>quasi</span> <span class='ocrx_word' id='word_1_238' title='bbox 2183 2741 2286 2780; x_wconf 86' lang='lat' dir='ltr'>tra-</span> 
     </span>
     <span class='ocr_line' id='line_1_46' title="bbox 1257 2801 1428 2855; baseline 0.023 -3"><span class='ocrx_word' id='word_1_239' title='bbox 1257 2801 1386 2855; x_wconf 83' lang='lat' dir='ltr'>dito.</span> <span class='ocrx_word' id='word_1_240' title='bbox 1407 2829 1428 2847; x_wconf 70' lang='grc' dir='ltr'>ι</span> 
     </span>
    </p>

    <p class='ocr_par' dir='ltr' id='par_1_12' title="bbox 1261 2884 2292 3518">
     <span class='ocr_line' id='line_1_47' title="bbox 1342 2884 2286 2956; baseline 0.005 -23"><span class='ocrx_word' id='word_1_241' title='bbox 1342 2887 1394 2933; x_wconf 87' lang='grc'>6.</span> <span class='ocrx_word' id='word_1_242' title='bbox 1432 2884 1686 2936; x_wconf 79' lang='lat' dir='ltr'>omentum</span> <span class='ocrx_word' id='word_1_243' title='bbox 1717 2891 1768 2937; x_wconf 79' lang='lat' dir='ltr'>in</span> <span class='ocrx_word' id='word_1_244' title='bbox 1787 2887 1996 2956; x_wconf 78' lang='lat' dir='ltr'>flamma</span> <span class='ocrx_word' id='word_1_245' title='bbox 2017 2891 2200 2956; x_wconf 75' lang='lat' dir='ltr'>pingue</span> <span class='ocrx_word' id='word_1_246' title='bbox 2227 2890 2286 2938; x_wconf 80' lang='lat' dir='ltr'>li-</span> 
     </span>
     <span class='ocr_line' id='line_1_48' title="bbox 1261 2965 2290 3033; baseline 0.007 -21"><span class='ocrx_word' id='word_1_247' title='bbox 1261 2965 1529 3033; x_wconf 79' lang='lat' dir='ltr'>quefaciens</span> <span class='ocrx_word' id='word_1_248' title='bbox 1542 2985 1559 3016; x_wconf 89' lang='grc'>.·</span> <span class='ocrx_word' id='word_1_249' title='bbox 1575 2967 1801 3017; x_wconf 85' lang='lat' dir='ltr'>minutas</span> <span class='ocrx_word' id='word_1_250' title='bbox 1820 2967 2075 3018; x_wconf 87' lang='lat' dir='ltr'>nimirum</span> <span class='ocrx_word' id='word_1_251' title='bbox 2095 2981 2290 3019; x_wconf 84' lang='lat' dir='ltr'>macta-</span> 
     </span>
     <span class='ocr_line' id='line_1_49' title="bbox 1262 3044 2286 3114; baseline 0.003 -19"><span class='ocrx_word' id='word_1_252' title='bbox 1262 3056 1327 3095; x_wconf 85' lang='lat' dir='ltr'>tae</span> <span class='ocrx_word' id='word_1_253' title='bbox 1359 3044 1587 3096; x_wconf 75' lang='lat' dir='ltr'>victimae</span> <span class='ocrx_word' id='word_1_254' title='bbox 1621 3058 1792 3114; x_wconf 82' lang='lat' dir='ltr'>partes</span> <span class='ocrx_word' id='word_1_255' title='bbox 1818 3058 1870 3097; x_wconf 84' lang='lat' dir='ltr'>et</span> <span class='ocrx_word' id='word_1_256' title='bbox 1902 3048 1952 3096; x_wconf 91' lang='lat' dir='ltr'>in</span> <span class='ocrx_word' id='word_1_257' title='bbox 1980 3047 2062 3098; x_wconf 88' lang='lat' dir='ltr'>his</span> <span class='ocrx_word' id='word_1_258' title='bbox 2093 3065 2286 3098; x_wconf 90' lang='lat' dir='ltr'>omen-</span> 
     </span>
     <span class='ocr_line' id='line_1_50' title="bbox 1263 3124 2287 3190; baseline 0.007 -17"><span class='ocrx_word' id='word_1_259' title='bbox 1263 3134 1375 3175; x_wconf 84' lang='lat' dir='ltr'>tum</span> <span class='ocrx_word' id='word_1_260' title='bbox 1398 3124 1512 3175; x_wconf 90' lang='lat' dir='ltr'>Diis</span> <span class='ocrx_word' id='word_1_261' title='bbox 1543 3124 1851 3190; x_wconf 83' lang='lat' dir='ltr'>adolebant;</span> <span class='ocrx_word' id='word_1_262' title='bbox 1874 3125 1982 3178; x_wconf 83' lang='lat' dir='ltr'>vid.</span> <span class='ocrx_word' id='word_1_263' title='bbox 2010 3126 2287 3180; x_wconf 78' lang='lat' dir='ltr'>Cosauhon.</span> 
     </span>
     <span class='ocr_line' id='line_1_51' title="bbox 1262 3202 2285 3277; baseline 0.004 -22"><span class='ocrx_word' id='word_1_264' title='bbox 1262 3202 1328 3255; x_wconf 78' lang='lat' dir='ltr'>ad</span> <span class='ocrx_word' id='word_1_265' title='bbox 1359 3203 1503 3256; x_wconf 86' lang='lat' dir='ltr'>Pers.</span> <span class='ocrx_word' id='word_1_266' title='bbox 1535 3207 1618 3267; x_wconf 90' lang='lat'>11,</span> <span class='ocrx_word' id='word_1_267' title='bbox 1661 3211 1765 3274; x_wconf 70' lang='lat'>157,</span> <span class='ocrx_word' id='word_1_268' title='bbox 1803 3208 1928 3258; x_wconf 76' lang='lat'>208.</span> <span class='ocrx_word' id='word_1_269' title='bbox 1954 3238 2033 3248; x_wconf 93' lang='lat'>—-</span> <span class='ocrx_word' id='word_1_270' title='bbox 2061 3207 2138 3258; x_wconf 88' lang='lat' dir='ltr'>Ex</span> <span class='ocrx_word' id='word_1_271' title='bbox 2170 3207 2285 3277; x_wconf 87' lang='lat' dir='ltr'>ipso</span> 
     </span>
     <span class='ocr_line' id='line_1_52' title="bbox 1262 3286 2288 3340; baseline 0.006 -6"><span class='ocrx_word' id='word_1_272' title='bbox 1262 3297 1436 3336; x_wconf 86' lang='lat' dir='ltr'>autem</span> <span class='ocrx_word' id='word_1_273' title='bbox 1471 3286 1668 3337; x_wconf 87' lang='lat' dir='ltr'>omenti</span> <span class='ocrx_word' id='word_1_274' title='bbox 1711 3298 1845 3337; x_wconf 88' lang='lat' dir='ltr'>statu</span> <span class='ocrx_word' id='word_1_275' title='bbox 1889 3299 1941 3339; x_wconf 87' lang='lat' dir='ltr'>et</span> <span class='ocrx_word' id='word_1_276' title='bbox 1977 3287 2082 3339; x_wconf 88' lang='lat' dir='ltr'>situ</span> <span class='ocrx_word' id='word_1_277' title='bbox 2117 3289 2288 3340; x_wconf 87' lang='lat' dir='ltr'>multa</span> 
     </span>
     <span class='ocr_line' id='line_1_53' title="bbox 1262 3366 2288 3438; baseline 0.007 -23"><span class='ocrx_word' id='word_1_278' title='bbox 1262 3367 1559 3433; x_wconf 85' lang='lat' dir='ltr'>conjectare</span> <span class='ocrx_word' id='word_1_279' title='bbox 1581 3366 1819 3417; x_wconf 86' lang='lat' dir='ltr'>solebant</span> <span class='ocrx_word' id='word_1_280' title='bbox 1831 3366 2288 3438; x_wconf 75' lang='lat' dir='ltr'>haruspices-vid.</span> 
     </span>
     <span class='ocr_line' id='line_1_54' title="bbox 1265 3445 2292 3518; baseline 0.006 -24"><span class='ocrx_word' id='word_1_281' title='bbox 1265 3445 1559 3496; x_wconf 73' lang='lat' dir='ltr'>Boclmrmm</span> <span class='ocrx_word' id='word_1_282' title='bbox 1592 3446 1802 3499; x_wconf 85' lang='lat' dir='ltr'>Hieroz.</span> <span class='ocrx_word' id='word_1_283' title='bbox 1833 3448 1942 3512; x_wconf 84' lang='lat' dir='ltr'>III,</span> <span class='ocrx_word' id='word_1_284' title='bbox 1974 3468 2027 3518; x_wconf 85' lang='lat' dir='ltr'>p.</span> <span class='ocrx_word' id='word_1_285' title='bbox 2067 3447 2189 3500; x_wconf 83' lang='grc'><strong>503.</strong></span> <span class='ocrx_word' id='word_1_286' title='bbox 2213 3481 2292 3489; x_wconf 97' lang='grc'><strong>-</strong></span> 
     </span>
    </p>
   </div>
   <div class='ocr_carea' id='block_1_8' title="bbox 1267 3523 2293 3661">
    <p class='ocr_par' dir='ltr' id='par_1_13' title="bbox 1267 3523 2293 3661">
     <span class='ocr_line' id='line_1_55' title="bbox 1267 3523 2293 3599; baseline 0.004 -24"><span class='ocrx_word' id='word_1_287' title='bbox 1267 3523 1508 3577; x_wconf 86' lang='lat' dir='ltr'>Secunda</span> <span class='ocrx_word' id='word_1_288' title='bbox 1538 3526 1735 3596; x_wconf 77' lang='lat' dir='ltr'>syllaba</span> <span class='ocrx_word' id='word_1_289' title='bbox 1764 3527 1817 3579; x_wconf 89' lang='lat' dir='ltr'>in</span> <span class='ocrx_word' id='word_1_290' title='bbox 1843 3530 2146 3598; x_wconf 77' lang='lat' dir='ltr'>liquefaciens</span> <span class='ocrx_word' id='word_1_291' title='bbox 2166 3548 2293 3599; x_wconf 87' lang='lat' dir='ltr'>pro-</span> 
     </span>
     <span class='ocr_line' id='line_1_56' title="bbox 1267 3603 1813 3661; baseline 0.007 -5"><span class='ocrx_word' id='word_1_292' title='bbox 1267 3603 1497 3657; x_wconf 86' lang='lat' dir='ltr'>ducitur.</span> <span class='ocrx_word' id='word_1_293' title='bbox 1514 3604 1645 3656; x_wconf 86' lang='lat' dir='ltr'>vid.</span> <span class='ocrx_word' id='word_1_294' title='bbox 1679 3605 1813 3661; x_wconf 82' lang='lat' dir='ltr'>Stat.</span> 
     </span>
    </p>
   </div>
  </div>
 </body>
</html>
