2986 4935
892 448 1332 518 CAR'MEN
1389 453 1589 520 LXI.

2158 460 2294 554 ¹95

596 578 1026 672 Sidet-umque
1069 580 1448 650 micantium

597 683 935 752 Subducat
968 710 1313 763 numerum
1351 689 1533 780 prius
1554 742 1572 775 ‚

594 790 728 877 Qui
764 792 970 859 vostri
1002 817 1367 882 numerare.
1386 792 1525 876 volt

521 882 528 888 ⁶
594 894 806 964 Multa
847 895 1049 964 millia
1088 896 1240 976 ludi.
1289 963 1293 968 ,
1381 953 1389 960 .

805 1002 1078 1088 Ludite,
1113 1017 1185 1071 ut
1215 1002 1429 1088 lubet,
1460 1020 1527 1073 et
1564 1007 1749 1075 brevi

593 1095 869 1175 Liberos
905 1108 1074 1181 date.
1114 1110 1286 1192 Non-
1314 1109 1506 1184 decet

589 1214 753 1279 Tam
791 1229 978 1282 vetus
1020 1216 1158 1293 sine
1195 1213 1415 1292 liberis

591 1317 851 1386 Nomen
894 1344 1079 1388 esse:
1125 1320 1240 1387 sed
1284 1321 1572 1392 indidem

588 1425 863 1517 Semper
899 1426 1286 1519 ingenerari.
2221 1467 2294 1506 υς

791 1533 1196 1624 Torquatus,
1226 1530 1379 1612 volo
1397 1586 1416 1620 ‚
1449 1534 1764 1626 parvulus

193 1720 275 1773 bus
291 1721 470 1791 partim
487 1719 610 1773 ideo
633 1719 1008 1791 praeferendam
1034 1733 1182 1790 puto,

192 1799 313 1870 quod
337 1800 577 1872 antiquus
611 1800 874 1871 genitivus
894 1800 1054 1868 pulvis
1084 1795 1181 1871 pro

186 1881 364 1947 pulveris
386 1880 524 1952 apud
548 1880 759 1932 nullum
784 1880 944 1931 alium
967 1880 1182 1950 scripto·

188 1976 282 2012 rem
308 1960 561 2024 occurrit,
594 1960 785 2030 partim
815 1957 958 2029 quod
987 1959 1042 2010 in
1070 1979 1182 2012 om·

187 2036 321 2090 nibus
347 2039 490 2092 MSS.
526 2051 655 2091 teste
687 2038 876 2101 Statio,
910 2050 962 2089 et
996 2038 1180 2091 editio-

187 2116 319 2169 nibus
342 2118 711 2191 antiquissimis
741 2131 1040 2170 constanter
1069 2137 1176 2169 ser-

186 2209 316 2248 vatur
354 2201 407 2249 τὸ
445 2199 672 2268 pulveris.
730 2195 990 2267 Equidem
1044 2197 1174 2249 olim

185 2277 455 2330 tentabam:
476 2280 689 2347 palaris
727 2278 882 2337 aridi,
919 2275 1009 2327 sed
1041 2276 1172 2327 illud

182 2351 355 2408 Heinsii
379 2369 453 2409 est
471 2356 683 2410 doctius
705 2369 756 2406 et
777 2368 928 2425 poeta
946 2353 1172 2426 dignius,

182 2463 244 2475 -
272 2435 426 2489 Pulvis
454 2438 718 2510 Etsy‘thr-ei,
758 2433 904 2507 quod
940 2434 993 2486 in
1030 2448 1172 2489 textu

179 2526 263 2577 est,
278 2512 469 2570 dictum
491 2519 684 2571 volunt
699 2534 798 2584 pro
812 2516 1019 2585 pulveris
1037 2517 1089 2566 E
1090 2536 1171 2585 ry·

180 2592 325 2655 tkroeu’,
343 2596 413 2649 ita
431 2610 490 2650 ut
517 2616 582 2649 ex
605 2594 940 2665 diphthongo
961 2595 1015 2649 in
1035 2597 1173 2665 Ery·-

178 2671 297 2724 throea'
331 2676 477 2728 metri
519 2694 678 2729 causa
720 2692 824 2725 una
868 2675 1014 2726 litera
1049 2675 1174 2726 elisa

175 2752 243 2805 sit.
270 2782 345 2795 ·—
374 2756 464 2808 lue
494 2757 656 2825 pulvis
699 2755 900 2825 Erythra
936 2753 1170 2805 Omnino

174 2846 278 2884 cum
295 2833 530 2889 hocloco
548 2852 801 2902 compara
823 2850 978 2903 supra
993 2832 1167 2883 Carm.

176 2909 292 2977 VII,
331 2934 358 2966 2
392 2934 507 2986 sqq.
540 2948 624 2957 —
655 2914 779 2964 Haec
817 2913 1060 2981 Doering.
1101 2913 1170 2962 At

174 2993 366 3044 omnino
404 3014 514 3047 non
553 2991 836 3046 ferendum
871 2991 1028 3060 pulvis
1073 3010 1169 3059 pro

166 3070 379 3136 pulver-13,
426 3092 601 3145 neque
643 3072 892 3143 Etythroei
926 3083 1167 3140 correpta

173 3152 437 3214 penultima
457 3192 472 3214 ,
531 3164 721 3221 utpote
765 3148 913 3220 quod
954 3152 1022 3201 ab
1066 3153 1168 3218 ἑρυ·

169 3230 306 3297 0ραῖος
331 3230 644 3285 deducatur.
674 3231 883 3297 Erythra·
914 3247 1009 3298 pro
1036 3230 1090 3279 E
1092 3249 1169 3299 ry-

171 3308 272 3360 thr-ii
285 3329 378 3380 per
397 3311 815 3365 contractionem
842 3308 1044 3361 solitam
1064 3309 1165 3378 legi

169 3389 323 3454 potius
338 3389 574 3456 videtur,
601 3404 654 3444 et
673 3389 789 3443 resti
798 3389 872 3440 tui
888 3388 1042 3440 simul
1058 3390 1167 3458 pul·

170 3470 287 3519 mis.
321 3470 386 3525 N.

237 3566 350 3617 ²⁰9·
391 3551 562 3601 Vestri
592 3568 695 3619 pro
737 3552 881 3599 vostri
909 3563 961 3598 et
995 3549 1166 3598 volum

169 3640 251 3693 pro
275 3632 382 3681 vult
406 3630 598 3683 vitiose
625 3629 677 3680 in
711 3628 866 3679 MSS.
895 3627 1059 3679 Statii.

237 3726 355 3762 no.
377 3711 558 3761 Lusum
580 3720 840 3761 contracte
862 3726 959 3776 pro
983 3708 1166 3757 [usuum

166 3796 209 3835 et
225 3786 343 3839 ἱιυω
370 3790 424 3842 in
443 3789 713 3842 veteribus
736 3786 883 3841 libris
911 3787 1065 3839 fuisse
1091 3786 1166 3838 ait

167 3864 411 3922 avanti-0.
456 3866 566 3924 Sed
605 3867 797 3919 Statius
836 3865 888 3916 in
924 3865 1170 3917 omnibus

165 3941 294 3998 MSS.
316 3967 447 4019 quos
475 3966 643 4000 manu
665 3945 835 4004 trivit,
866 3945 1066 3996 invenit
1096 3945 1168 3994 lu-

1271 1720 1326 1770 in
1367 1720 1548 1776 codice
1589 1725 1860 1778 Gallicano
1901 1743 2165 1784 exaratum
2202 1732 2293 1786 de·

1269 1798 1630 1868 prehendebat
1662 1805 1790 1855 [cedei
1822 1825 1921 1876 pro
1959 1810 2098 1873 lude,
2146 1813 2290 1865 unde

1267 1877 1420 1933 fluxit
1459 1883 1670 1935 tbrtasse
1708 1884 1986 1954 depravata
2022 1890 2178 1943 lectio
2220 1895 2291 1944 lu·

1266 1959 1390 2010 dere.
1419 1961 1636 2012 Vossius
1663 1981 1725 2014 ex
1749 1966 1905 2016 veteri
1938 1966 2159 2020 lectione
2187 1971 2290 2025 luda·

1265 2039 1345 2089 vel
1373 2039 1522 2091 ludite
1539 2081 1553 2103 ,
1584 2059 1739 2110 quam
1769 2043 1825 2093 iu
1851 2047 2119 2099 nonnullis
2141 2050 2286 2103 libris

1265 2135 1317 2168 se
1338 2118 1594 2170 invenisse
1614 2120 1840 2173 affirmat
1857 2159 1871 2182 ‚
1896 2126 2100 2192 reponit
2123 2129 2284 2183 luctoe.

1263 2194 1365 2247 Sed
1386 2197 1504 2267 quis
1525 2218 1632 2250 non
1660 2201 1898 2269 praeferat
1926 2203 2029 2253 ludi
2046 2244 2059 2265 ,
2086 2208 2156 2258 ob
2183 2222 2283 2261 sta·

1262 2277 1356 2325 tim
1391 2295 1612 2348 sequens
1643 2291 1694 2329 et
1728 2281 1930 2349 egregie
1964 2285 2284 2352 respondens

1262 2355 1478 2405 Ladae?

1345 2452 1468 2488 211.
1507 2437 1676 2502 Ludite
1714 2449 1771 2487 ut
1800 2438 1942 2490 lubet.
1984 2474 2059 2483 —
2097 2444 2282 2498 Ludere

1261 2514 1312 2564 in
1334 2534 1390 2566 re
1405 2516 1643 2567 Venerea
1663 2519 1865 2578 παίζειν,
1889 2518 2278 2591 ἀφροδισιάζεινε

1260 2593 1328 2645 cf.
1347 2613 1505 2665 supra
1522 2594 1589 2645 ad
1610 2597 1786 2649 Carm.
1804 2600 1966 2651 XVII
1982 2640 1996 2664 ‚
2021 2622 2040 2653 1
2056 2622 2108 2671 7.
2128 2603 2280 2659 Adde

1262 2675 1430 2726 Heius.
1454 2673 1520 2725 ad
1554 2674 1709 2726 Ovid.
1745 2677 1960 2733 Heroid.
1988 2682 2177 2750 XVII,
2209 2690 2241 2738 6
2261 2726 2277 2749 ,

1258 2751 1322 2803 ad
1356 2754 1535 2806 Amor.
1562 2755 1618 2819 1,
1643 2758 1673 2807 8
1694 2793 1709 2819 ,
1738 2757 1806 2818 43
1827 2794 1843 2818 ,
1875 2772 1926 2810 et
1952 2761 2176 2832 Interpr.
2206 2764 2274 2817 ad

1261 2832 1471 2883 Petron.
1499 2851 1542 2884 c.
1584 2833 1686 2885 132
1719 2836 1817 2887 sub
1845 2836 1936 2888 fin.

1343 2931 1368 2962 2
1386 2931 1469 2963 η.
1512 2912 1705 2963 Libet-os
1736 2913 1880 2978 date,
1918 2933 2186 2986 procreate
2220 2936 2280 2974 ut

1258 3009 1306 3041 v.
1337 2994 1437 3058 67.
1465 3024 1547 3063 -Λ-
1569 2992 1683 3042 Non
1717 2992 1851 3043 decet
1881 3007 1976 3045 tam
2006 3011 2145 3049 vetus
2174 3014 2272 3054 etc.

1257 3070 1397 3139 genti
1440 3084 1543 3122 tam
1584 3070 1746 3123 nobili
1791 3085 1842 3123 et
1889 3075 2117 3146 antiquae
2161 3099 2267 3132 non

1256 3168 1372 3218 spes
1401 3150 1714 3219 posteritatis
1743 3149 1947 3213 deesse,
1982 3153 2072 3217 sed
2100 3156 2272 3212 eidem

1255 3226 1524 3295 (indidem)
1556 3247 1620 3280 ex
1658 3228 1840 3282 eadem
1875 3252 2080 3303 semper
2112 3237 2273 3309 stirpe

1255 3327 1389 3359 nova
1443 3322 1492 3359 et
1557 3309 1784 3377 legitima
1836 3313 2074 3366 subnasci
2119 3314 2276 3370 debet

1254 3402 1504 3461 propago.

1341 3471 1464 3519 216.
1493 3467 1665 3518 Tanta
1690 3481 1768 3519 est
1790 3487 2034 3523 versuum
2062 3492 2279 3544 sequen-

1256 3545 1385 3597 tium
1419 3545 1649 3598 dulcedo
1683 3559 1735 3598 et
1761 3546 1940 3601 divina
1968 3550 2076 3603 fere
2105 3557 2276 3607 suavi-

1256 3637 1361 3688 tati,
1391 3639 1448 3677 ut
1465 3625 1545 3676 vel
1578 3645 1692 3690 eos,
1717 3627 1909 3696 quibus
1935 3617 2277 3687 nondumfa·

1253 3705 1347 3759 ctis
1373 3705 1612 3774 patribus
1639 3705 1810 3759 dulcis
1835 3710 2062 3761 arriserit
2086 3730 2280 3779 pueru-

1253 3784 1334 3834 lus
1354 3822 1370 3846 ,
1405 3784 1502 3836 hos
1527 3803 1705 3835 versus
1739 3783 1961 3854 legendo
1995 3790 2277 3859 cite-ultam-

1257 3882 1342 3914 ros
1361 3905 1374 3925 ,
1409 3864 1488 3914 vel
1520 3863 1824 3915 mollissimo
1856 3884 2006 3931 seusu
2033 3865 2280 3925 delinitos

1260 3942 1418 3994 futuri
1460 3942 1624 4012 patris
1666 3943 1894 3995 laetitiam
1929 3944 2107 3997 animo
2144 3936 2277 4019 prae'.

162 4022 287 4087 dere,
327 4026 480 4080 unde
522 4024 666 4078 haud
704 4022 888 4077 dextro
925 4024 1170 4093 Apolline
1259 4035 1502 4090 cepturos
1545 4040 1685 4084 esse,
1729 4022 1880 4087 facile
1928 4022 2023 4075 tibi
2069 4045 2282 4094 persua.

165 4108 373 4161 tentalum
411 4107 567 4160 multa
594 4105 759 4157 mollia
792 4103 909 4159 ludi.
945 4102 1173 4171 Scaliger
1262 4099 1401 4152 deas.
1433 4134 1512 4142 -—
1547 4102 1675 4152 Volo
1696 4141 1708 4161 ,
1743 4102 1795 4152 h.
1825 4120 1872 4154 e.
1897 4115 2055 4171 opto,
2080 4120 2137 4158 ut
2163 4126 2287 4179 pas-

1847 4205 1972 4276 13²
