2986 4935
675 437 823 520 204

1190 438 1745 505 C.VALER11
1806 437 2271 504 CATULLI

1559 619 1908 664 PUELLA-:-

889 755 985 821 Ut
1020 752 1142 820 flos
1181 755 1248 819 in
1285 756 1483 847 septis
1518 768 1807 822 secretus
1846 754 2133 821 nascitur
2170 752 2412 836 hortis,

781 861 1058 952 Ignotus
1098 858 1352 951 pecori,
1387 857 1568 927 nullo
1604 871 1920 927 contusus
1959 872 2214 942 aratm,
2748 892 2797 932 ι.

782 967 1000 1051 Quem
1043 962 1335 1032 mulcent
1376 989 1588 1050 auree,
1624 964 1843 1033 firmat
1887 962 2028 1046 sol,
2059 962 2298 1030 educat
2334 964 2583 1045 imber;

783 1068 979 1138 Multi
1014 1068 1196 1138 illum
1244 1072 1463 1163 pueri,
1501 1069 1722 1139 multae
1758 1085 2072 1163 optavere
2108 1067 2374 1162 puellae3

781 1175 962 1243 Idem
1009 1200 1210 1268 quum
1255 1177 1433 1244 tenui
1472 1191 1740 1269 carptus
1783 1175 2092 1243 defloruit
2135 1177 2375 1269 ungui,

780 1279 960 1348 Nulli
1001 1280 1182 1349 illum
1227 1283 1446 1376 pueri,
1484 1280 1678 1350 nullae
1717 1296 2032 1375 optavere
2073 1279 2342 1374 puellae3

782 1386 887 1454 Sic
924 1388 1110 1480 virgo
1154 1388 1311 1455 dum
1349 1389 1593 1456 intacta
1630 1401 1886 1468 manet,
1920 1387 2079 1454 dum
2119 1410 2269 1454 cara
2313 1388 2444 1455 suis
2480 1402 2603 1457 est.
2750 1415 2798 1459 as

676 1557 800 1610 dole
820 1578 910 1612 sua
934 1561 1082 1631 queri
1108 1574 1159 1613 et
1181 1574 1230 1613 te
1252 1579 1462 1632 carpere
1483 1562 1681 1620 solent,

678 1636 819 1708 quod
838 1637 1054 1709 quidem
1082 1641 1230 1693 facile
1252 1641 1353 1693 inis
1379 1638 1684 1692 condonan-

677 1715 808 1769 dum
843 1731 947 1784 est,
975 1720 1016 1770 si
1035 1757 1051 1782 ,
1080 1738 1235 1791 quem
1261 1721 1431 1790 palam
1462 1732 1687 1790 carpunt

677 1808 728 1849 et
750 1811 1012 1861 accusant,
1037 1800 1187 1850 tacite
1214 1799 1313 1850 sibi
1338 1798 1513 1851 animo
1534 1815 1687 1867 expe·

674 1887 784 1926 tant
809 1889 858 1928 et
878 1878 1151 1947 suspirent.
1173 1879 1369 1929 Confer
1392 1877 1612 1931 omnino
1633 1878 1686 1928 in

676 1953 813 2005 hanc
824 1958 1126 2008 sententiam
1149 1957 1269 2010 infr.
1286 1958 1458 2009 Carm.
1481 1957 1659 2007 LXVI
1672 1994 1687 2017 ‚

686 2050 704 2083 ι
720 2032 749 2084 5
765 2063 844 2075 --
864 2053 884 2088 1
898 2054 952 2103 9.
1233 2039 1238 2044 “

759 2113 848 2182 39.
887 2116 954 2166 Ut
969 2118 1071 2185 flos
1104 2120 1152 2168 in
1183 2121 1322 2183 septis
1351 2130 1447 2167 ete.
1481 2115 1561 2168 Ad
1591 2136 1685 2168 no-

675 2192 983 2246 bilissimum
1002 2195 1144 2248 hunc
1169 2197 1343 2247 locum
1368 2196 1680 2247 imitandum

676 2273 907 2324 certatim
927 2275 1180 2343 sequioris
1200 2275 1358 2328 aetatis
1378 2288 1543 2344 poetae
1560 2292 1687 2344 ope-

676 2368 785 2401 ram
808 2370 952 2403 suam
972 2354 1319 2405 contulerunt.
1344 2353 1428 2405 Sic
1451 2353 1686 2405 suavissi-

678 2429 776 2480 mis
818 2429 942 2483 inde
979 2429 1148 2483 ductis
1183 2431 1445 2484 coloribus
1482 2433 1686 2502 egregie

678 2507 901 2560 Cautum
920 2511 1148 2580 primum
1171 2510 1404 2563 distinxit
1421 2525 1471 2562 et
1497 2511 1691 2563 illumi-

677 2587 818 2639 navit
835 2590 1095 2653 Areostus,
1114 2608 1269 2659 quem
1286 2590 1689 2659 comparatVul·

678 2667 810 2734 pius.
839 2667 917 2718 Ex
939 2668 1255 2720 nostratibus
1276 2667 1442 2738 poetis
1459 2670 1605 2736 juvat
1631 2668 1687 2720 in

674 2746 1046 2798 nonnullorum
1104 2747 1319 2816 gratiam
1376 2748 1689 2817 elegantissi-

679 2841 819 2876 mam
856 2825 1196 2877 imitationem
1238 2826 1497 2895 subjicere
1516 2866 1530 2889 ,
1574 2846 1688 2896 qum

674 2901 864 2972 legitur
897 2905 950 2957 in
983 2906 1197 2957 Ramleri
1228 2906 1424 2979 (rr-iselae
1458 2907 1685 2958 Blumm-

673 2982 768 3033 lese
789 2983 868 3035 111
886 3021 902 3040 ..
930 3005 996 3054 ²7
1021 3004 1035 3037 ε

1099 3084 1262 3117 ιΒιι

752 3142 852 3193 Ein
894 3143 1149 3197 veilehen
1166 3184 1181 3210 ,
1228 3143 1320 3196 das
1369 3145 1442 3195 im
1491 3144 1688 3196 Gar-ten

870 3223 1026 3275 hliiht
1042 3264 1055 3286 ‚

678 3302 778 3350 Am
793 3300 1162 3353 Sonnenstrahl
1177 3302 1271 3353 wie
1289 3303 1501 3372 Purpur
1517 3303 1566 3372 gl
1575 3303 1686 3364 iiht,

672 3377 797 3430 Und
836 3379 924 3431 nie
967 3400 1087 3432 vom
1107 3381 1243 3432 viel·
1264 3418 1280 3441 ,
1321 3380 1413 3432 das
1451 3379 1687 3433 weidend

867 3471 963 3510 irrt
979 3498 995 3523 ,

679 3539 819 3588 Vom
841 3537 1019 3607 Pfluge
1036 3538 1124 3590 nie
1140 3536 1412 3591 verderbet
1430 3537 1560 3591 wird
1573 3578 1588 3602 ,

676 3617 867 3670 Gesant
882 3614 1002 3669 dem
1012 3618 1044 3668 J
1052 3618 1266 3688 iingling
1280 3616 1388 3670 und
1402 3617 1524 3670 dem
1539 3620 1686 3670 Mad·

871 3697 1036 3749 chen:
1588 3708 1592 3712 “

1058 3796 1082 3828 s
1098 3794 1117 3827 1
1135 3797 1166 3828 ι,
1177 3796 1208 3826 v
1219 3795 1240 3827 1
1255 3798 1299 3828 A.

756 3854 797 3906 F
799 3855 852 3907 in
875 3855 1191 3908 Weinstock
1211 3897 1224 3916 ‚
1250 3854 1352 3908 den
1376 3855 1501 3908 kein
1522 3856 1685 3908 win-

873 3954 960 3987 zer
977 3934 1133 4005 pflegt
1150 3974 1164 4001 ‚

676 4017 780 4066 Der
800 4016 953 4067 keine
972 4015 1399 4084 Purpurtrauben
1420 4015 1542 4085 hegt
1557 4055 1572 4079 ,

678 4094 825 4147 Weil
849 4113 907 4147 er
926 4094 1062 4146 noch
1084 4095 1224 4146 ohne
1243 4094 1421 4147 Stiitze
1444 4094 1678 4159 kriecht,

1773 1558 1899 1612 Und
1929 1558 2301 1612 schmachtend
2332 1559 2428 1612 auf
2453 1557 2578 1613 dem
2613 1558 2797 1613 Boden

1973 1639 2120 1708 liegt,

1776 1720 1910 1770 Labt
1919 1718 2113 1770 keinen
2121 1719 2153 1770 J
2158 1718 2378 1789 fmgling
2386 1716 2498 1770 und
2513 1718 2641 1771 hein
2652 1717 2803 1772 Mad·

1972 1797 2106 1848 chen
2131 1815 2144 1849 :

1779 1877 1928 1928 Doch
1947 1876 2083 1928 trifft
2100 1896 2157 1929 er
2176 1876 2329 1929 einen
2348 1876 2639 1929 Ulmbaum
2661 1897 2728 1929 an
2742 1917 2757 1942 ‚

1776 1957 1881 2007 Um
1893 1956 2123 2008 welchen
2134 1974 2191 2008 er
2199 1956 2308 2008 sich
2317 1956 2620 2026 schmiegen
2634 1958 2798 2009 kann.

1776 2034 1911 2088 Labt
1929 2055 1986 2088 er
2003 2034 2106 2087 den
2125 2036 2157 2086 J
2163 2035 2383 2106 iingling
2404 2033 2512 2087 und
2528 2035 2631 2092 <das
2648 2035 2803 2089 Mad-

1972 2116 2123 2167 chen.

1776 2195 1906 2245 ——-F
1905 2195 1974 2245 los
1996 2206 2216 2255 secretus,
2247 2194 2313 2245 ab
2335 2192 2479 2246 aditu
2503 2195 2727 2264 publico
2750 2209 2801 2248 et

1776 2273 2054 2325 xiolatione
2078 2286 2326 2325 remotus.

1857 2353 1947 2411 [ιο.
1987 2352 2248 2404 Commisus
2284 2364 2450 2403 aratro
2487 2351 2546 2403 in
2585 2353 2805 2406 venulis

1776 2433 2065 2485 membran.
2090 2430 2298 2484 Thuan.
2323 2444 2374 2484 et
2394 2431 2451 2482 in
2468 2430 2610 2484 libro
2630 2432 2804 2485 Mem·

1777 2512 1889 2564 mii.
1910 2543 1985 2553 -
2003 2512 2152 2563 Nullo
2168 2523 2385 2563 contusus
2408 2524 2590 2562 aratro.
2614 2512 2801 2564 Imita-

1776 2604 1857 2643 tus
1884 2603 1956 2642 est
1984 2591 2134 2641 Maro
2158 2593 2278 2641 AEn.
2305 2592 2414 2652 IX,
2447 2589 2592 2652 435:
2628 2591 2802 2644 «Pur-

1776 2688 1971 2740 pureus
2008 2669 2171 2721 veluti
2210 2688 2374 2739 quum
2405 2667 2529 2733 flos,
2560 2669 2801 2723 succisus

1774 2763 1947 2800 aratro
1964 2786 1980 2813 ,
2010 2748 2317 2818 Languescit
2342 2747 2589 2802 moriens·
2616 2775 2641 2795 ι

1859 2834 1946 2891 4ι.
1980 2828 2190 2880 Educae.
2231 2827 2301 2880 cf.
2329 2846 2483 2898 supra
2515 2826 2586 2880 ad
2611 2829 2796 2882 (Συ-ιιι.

1776 2907 1907 2958 xlx
1931 2943 1945 2967 ,
1977 2925 1998 2958 1
2013 2913 2065 2969 4.
2368 2952 2369 2955 ¹

1859 2991 1950 3048 4²·
1982 2986 2134 3038 Multi
2158 2986 2289 3037 illum
2303 2992 2445 3057 pueri
2459 3028 2474 3051 ‚
2505 3000 2604 3040 etc.
2638 2989 2803 3042 Hunc

1776 3078 1942 3117 totum
1975 3084 2123 3135 paene
2153 3084 2358 3117 versum
2386 3086 2416 3119 a
2443 3067 2640 3119 Nostro
2677 3087 2796 3122 mu·

1777 3156 1946 3196 matus
1967 3158 2041 3196 est
2062 3141 2223 3196 Ovid.
2242 3144 2659 3216 Metamorphos.
2687 3149 2801 3212 111,

1780 3223 1810 3274 3
1824 3224 1887 3275 53
1900 3242 1916 3275 :
1938 3223 2121 3275 ..Multi
2138 3223 2286 3274 illum
2307 3216 2654 3292 (Narcissum)
2669 3246 2801 3297 pue·

1777 3302 1853 3364 ri,
1885 3303 2064 3355 multa
2101 3303 2314 3373 cupiere
2359 3303 2565 3373 puelle.
2588 3330 2611 3351 ι
2651 3305 2801 3358 Hau·

1776 3380 1895 3432 sisse
1934 3401 2145 3453 quoque
2190 3378 2315 3433 inde
2365 3379 2575 3435 videtur
2603 3384 2800 3456 Vis-gil.

1775 3460 1987 3513 AEneid.
2020 3462 2132 3525 XI,
2181 3460 2285 3514 581
2308 3499 2324 3524 ‚
2366 3460 2458 3514 ubi
2491 3462 2561 3515 cf.
2602 3465 2797 3536 Hosne.

1777 3540 2095 3610 -Optavere
2108 3558 2272 3610 grece
2284 3539 2486 3593 dictum
2501 3561 2602 3612 pro
2613 3559 2803 3615 optare

1775 3620 1973 3681 solent,
2001 3633 2057 3671 ut
2083 3611 2156 3687 (v,
2191 3618 2284 3682 53)
2312 3621 2553 3672 accoluere
2574 3642 2679 3694 pro
2709 3642 2800 3677 ac·

1774 3698 1945 3750 colere
1973 3698 2154 3750 solent.

1857 3778 1925 3840 43
1938 3817 1950 3830 .
1977 3778 2131 3830 Tenui
2146 3790 2336 3848 carptus
2353 3783 2520 3847 ungui.
2540 3780 2801 3837 Similiter

1775 3857 1965 3926 Virgil.
2002 3856 2207 3910 AEneid.
2242 3859 2352 3924 XI,
2386 3859 2489 3910 68:
2537 3862 2798 3926 «Qualem

1773 3936 2009 4007 virgineo
2021 3935 2315 3989 demessum
2332 3938 2523 4009 pollice
2546 3939 2758 3994 florem.
2771 3967 2794 3988 n

1856 4018 1945 4078 45.
1975 4018 2103 4068 Dum
2130 4021 2310 4068 intacta
2335 4032 2518 4081 umnec,
2557 4031 2659 4070 tum
2683 4041 2800 4071 eam

1767 4100 1877 4148 suis.
1901 4096 2002 4148 Sed
2015 4115 2076 4148 ex
2100 4096 2422 4149 correctione
2449 4116 2640 4153 eorum
2660 4138 2675 4163 ,
2700 4100 2799 4171 qui
