2986 4935
732 491 881 587 374

1242 496 1317 559 C.
1362 490 1800 558 VALERII
1859 489 2333 557 CATULLI

1329 724 1877 812 CARMEN
1940 722 2241 812 XCV.

1226 961 1321 1005 DE
1380 958 1713 1004 SMYRNA
1770 957 2036 1003 CINNAE
2093 956 2387 1003 POETA-2.

846 1155 1150 1221 SMYRNA
1190 1149 1316 1217 mei
1362 1147 1592 1217 Cinnae
1636 1170 1879 1214 nonam
1919 1158 2070 1239 post
2106 1143 2391 1240 denique
2427 1170 2751 1232 messem,

952 1259 1173 1344 Quam
1212 1269 1429 1348 coepta
1465 1268 1597 1336 est,
1637 1276 2016 1345 nonamque
2052 1252 2228 1321 edita
2265 1266 2415 1346 post
2448 1252 2777 1336 hiemem;

845 1362 1054 1432 Millia
1095 1386 1298 1454 quum
1343 1363 1590 1428 interea
1635 1361 1998 1453 quingenta
2040 1360 2436 1428 Hortensius
2471 1384 2613 1428 uno

790 1684 930 1733 Aac.
950 1676 1319 1748 Smyrnam‚h.
1335 1694 1381 1726 e.
1398 1693 1587 1745 poema
1608 1673 1776 1744 Smyr-

756 1782 819 1812 ιια
839 1759 1182 1827 inscriptum,
1210 1755 1264 1806 in
1294 1773 1401 1825 quo
1423 1752 1777 1825 perpoliendo

756 1854 917 1909 atque
960 1833 1273 1890 exasciando
1314 1833 1486 1886 Cinna
1516 1872 1532 1897 ‚
1581 1834 1778 1887 Catulli

758 1920 958 1972 amicus
983 1957 998 1980 ‚
1043 1927 1183 1968 totos
1225 1933 1418 1966 novem
1459 1932 1626 1966 annos
1651 1933 1780 1966 con·

759 2009 1081 2068 sumpserat,
1110 1995 1268 2047 etiam
1286 2008 1443 2065 atque
1462 1993 1618 2045 etiam
1632 2012 1779 2045 com-

761 2077 975 2131 mendat
999 2116 1015 2140 ‚
1052 2073 1289 2144 illudque
1320 2087 1382 2127 ut
1412 2092 1625 2127 carmen
1656 2086 1780 2125 aetao

762 2174 867 2211 tem
890 2159 1123 2210 laturum
1146 2155 1353 2224 lateque
1376 2172 1472 2225 per
1488 2172 1580 2205 ora
1604 2153 1782 2205 virum

764 2238 1110 2291 volitaturum
1129 2234 1351 2305 prolixis
1376 2247 1428 2285 et
1450 2233 1600 2284 nullo
1619 2250 1782 2302 nego·

760 2319 836 2371 tio
886 2315 1198 2384 conscriptis
1246 2313 1546 2375 Hortensii,
1576 2311 1784 2364 Volusii

765 2412 814 2450 et
840 2394 1142 2449 Antimacbi
1162 2392 1488 2445 carminibus
1518 2393 1671 2462 longe
1695 2411 1787 2444 an·

766 2478 987 2548 teponit.

850 2577 871 2609 1
885 2598 896 2609 .
922 2558 975 2607 Z
978 2573 1145 2626 nii-ma
1163 2552 1356 2604 rectius
1375 2571 1441 2603 ex
1461 2566 1638 2604 mente
1655 2553 1787 2604 Vos-

763 2639 855 2703 sii,
879 2635 949 2690 ad
972 2635 1233 2686 librorum
1262 2644 1569 2684 vetustatem
1587 2673 1601 2696 ‚
1629 2650 1786 2684 num-

764 2736 881 2768 mos
918 2729 969 2768 et
1008 2712 1374 2782 inscriptiones
1420 2714 1787 2783 provocantis,

767 2797 1013 2849 scribitur
1042 2814 1056 2858 ;
1106 2792 1275 2844 Graeci
1328 2801 1505 2844 tamen
1552 2792 1789 2845 scribunt

768 2879 1003 2948 Σμύρνην.
1021 2872 1163 2925 Vide
1218 2870 1284 2923 de
1329 2872 1588 2943 scriptura
1634 2872 1789 2941 hujus

768 2957 912 3010 vocis
932 2954 1152 3026 Verheyk
1173 2951 1241 3004 ad
1268 2955 1387 3005 Ant.
1415 2952 1536 3005 Lib.
1565 2970 1620 3022 p.
1656 2971 1788 3020 ²99·

769 3070 847 3080 —-
872 3036 1080 3098 Smyrna
1106 3037 1195 3084 mei
1223 3032 1408 3085 Cinnoe.
1428 3031 1789 3084 Honorificam

767 3100 999 3186 ejusdem
1013 3113 1254 3168 CJielvii
1270 3112 1789 3165 Ciunoementionem

771 3197 894 3249 facit
928 3195 1118 3265 virgil.
1148 3192 1333 3263 Eclog.
1378 3193 1458 3244 IX
1482 3230 1499 3257 ‚
1552 3192 1621 3244 35
1642 3229 1658 3256 ‚
1699 3192 1791 3243 ubi

774 3275 984 3328 Servius
1004 3292 1016 3326 :
1046 3300 1068 3320 ι
1086 3275 1261 3326 Etiam
1283 3272 1455 3326 Cinna
1477 3284 1634 3343 poeta
1658 3271 1793 3341 opti-

775 3374 892 3406 mus
939 3353 1039 3405 fuit
1062 3394 1076 3415 ,
1121 3355 1213 3424 qui
1256 3352 1461 3422 scripsit
1497 3351 1751 3421 Smyrnam
1774 3390 1790 3413 ,

772 3454 930 3503 quem
963 3432 1203 3485 libellum
1232 3433 1418 3484 decem
1450 3431 1686 3483 elimavit
1706 3448 1796 3482 an·

772 3514 871 3564 nis.
895 3539 916 3559 ι
942 3512 1099 3565 Conf.
1134 3509 1295 3562 ovid.
1321 3510 1479 3562 Trist.
1518 3511 1569 3562 11
1586 3548 1602 3573 ‚
1646 3509 1754 3572 435
1776 3529 1794 3575 ;

774 3591 1000 3658 Quintil.
1036 3592 1206 3643 Instit.
1232 3589 1380 3642 Orat.
1402 3591 1451 3640 X
1470 3632 1484 3656 ‚
1523 3597 1571 3652 4.
1596 3590 1797 3641 Obscu-

774 3691 894 3725 rum
929 3684 1102 3723 tamen
1137 3668 1270 3723 illud
1307 3689 1500 3740 poema
1542 3668 1793 3741 Smyrnam

773 3752 962 3815 fuisse,
992 3749 1209 3803 credere
1241 3769 1338 3800 nos
1364 3750 1513 3818 J'ubet
1538 3749 1795 3802 Martialis

775 3833 823 3883 X
851 3869 867 3894 ‚
924 3851 1019 3884 αι.
1074 3830 1215 3882 Hinc
1270 3830 1466 3881 Lucius
1519 3829 1793 3882 Crassitius

772 3910 1195 3973 Grammaticus»,
1224 3909 1605 3961 commentario
1641 3909 1791 3960 lucu-

773 3992 914 4043 lento
963 3991 1016 4041 in
1075 3991 1356 4060 Smyrnam
1409 3987 1555 4041 edito
1585 4024 1602 4052 ,
1658 3987 1794 4040 adeo

773 4071 1060 4134 inclaruit,
1109 4083 1169 4122 ut
1216 4067 1554 4139 Epigramma
1608 4065 1676 4120 de
1729 4087 1792 4119 eo

774 4150 1088 4201 scriberetur
1105 4189 1120 4214 ‚
1148 4149 1293 4220 quod
1319 4161 1481 4201 exstat
1505 4146 1645 4217 apud
1670 4147 1793 4200 Sue·

1862 1674 2068 1726 tonium
2089 1673 2144 1726 in
2171 1673 2309 1726 libro
2333 1672 2403 1726 de
2425 1675 2630 1728 Illustr.
2649 1675 2880 1729 Gramm.

1864 1754 2069 1806 XVIII.
2096 1784 2176 1797 --
2200 1753 2367 1819 Quod
2410 1752 2482 1807 ad
2515 1768 2882 1826 argumentum

1862 1834 2022 1905 hujus
2040 1834 2226 1887 Cinna
2241 1835 2500 1906 poematis
2525 1835 2746 1901 attinet,
2769 1837 2885 1888 Pu-

1864 1914 2077 1966 thenius
2096 1912 2315 1984 quidem
2342 1912 2474 1966 illud
2496 1916 2553 1967 in
2581 1916 2749 1968 rebus
2768 1934 2886 1986 pro-

1864 1994 2003 2046 clare
2064 1994 2217 2064 gestis
2271 1994 2558 2047 Amazonis
2615 1993 2885 2063 cuiusdam

1864 2086 2129 2126 versatum
2165 2092 2276 2127 esse
2311 2073 2606 2139 existimat,
2645 2073 2743 2127 sed
2770 2093 2886 2145 pro·

1867 2153 2099 2206 habilior
2139 2153 2396 2205 sententia
2423 2151 2642 2207 videtur
2677 2170 2888 2215 eorum,

1868 2235 1960 2303 qui
1982 2233 2212 2286 fabulam
2238 2233 2424 2285 incesti
2451 2233 2657 2286 amoris
2676 2234 2887 2305 Myr-¹⁴³2

1871 2310 2015 2384 (quoe
2062 2313 2181 2365 aliis
2227 2312 2436 2384 Smyrna
2485 2310 2726 2376 dicitur)
2780 2332 2888 2384 erg·

1868 2405 2143 2463 parentem
2173 2409 2329 2445 suum
2356 2393 2617 2464 Cinyram
2643 2394 2755 2447 hoc
2783 2410 2888 2447 mr·

1870 2474 2014 2524 mine
2041 2472 2267 2526 Cinnam
2302 2475 2647 2545 complexum
2678 2492 2791 2528 esse
2813 2492 2887 2526 tr·

1870 2551 2287 2605 bitrantur.Vid.
2312 2554 2561 2624 inprimis
2586 2553 2886 2606 Buram

1871 2631 1941 2685 ad
1979 2632 2141 2686 ovid.
2175 2633 2303 2685 Met.
2334 2633 2385 2685 X
2413 2673 2428 2699 ,
2457 2634 2571 2703 ²98
2594 2672 2614 2699 ‚
2649 2634 2884 2688 Made.

1872 2712 1938 2764 ad
1966 2712 2163 2783 Hygi'n.
2192 2713 2325 2766 Fab.
2352 2713 2570 2779 LVIII,
2611 2727 2667 2766 et
2707 2713 2887 2781 Gfinii

1874 2793 2090 2846 Collect.
2123 2793 2177 2845 in
2212 2794 2423 2846 Lucret.
2454 2792 2557 2846 sub
2584 2812 2640 2847 v.
2671 2794 2884 2865 Smyr-nm

1958 2893 2008 2926 2.
2047 2873 2329 2946 Notumque
2370 2874 2501 2926 edita
2534 2886 2654 2944 post
2690 2875 2880 2926 hiena-

1874 2953 1959 3007 Sic
2013 2953 2367 3025 Panegyricus
2414 2952 2667 3007 Isocratis
2716 2952 2880 3007 decem

1873 3034 2025 3086 annis
2075 3035 2376 3086 elaboratus
2422 3031 2628 3087 dicitur
2667 3033 2881 3100 Quintil·

1875 3113 2105 3165 Institut.
2143 3113 2294 3166 Orat.
2333 3113 2385 3167 X
2405 3153 2423 3180 ‚
2458 3119 2513 3176 4.
2539 3146 2624 3156 -—
2657 3113 2883 3186 Respexit

1875 3193 1983 3244 huc
2024 3193 2238 3246 fortasse
2281 3192 2533 3248 Horatius
2556 3215 2560 3219 ’
2580 3196 2718 3248 Arte
2759 3204 2882 3266 poet.

1880 3271 1988 3324 388
2040 3289 2054 3323 :
2099 3289 2453 3346 unonumque
2516 3287 2798 3345 prematur
2838 3274 2882 3324 in

1875 3370 2075 3404 annum
2107 3352 2434 3406 membranis
2473 3353 2624 3406 intus
2655 3354 2880 3426 positis.-

1963 3433 2012 3485 3.
2064 3433 2367 3486 Hor-remim.
2418 3431 2631 3486 Eodem
2689 3432 2887 3487 nomine

1878 3510 2140 3564 Lucilium
2205 3514 2312 3565 sale
2375 3513 2588 3566 satirico
2660 3513 2887 3586 perfrim

1879 3590 2129 3643 Horatius
2173 3591 2279 3646 Sat.
2328 3594 2388 3658 Ι,
2440 3597 2504 3657 4,
2551 3614 2585 3661 9
2634 3612 2782 3664 seqq.
2819 3622 2886 3634 -—

1879 3672 2019 3723 Loca
2034 3707 2048 3728 2
2073 3670 2167 3723 ubi
2180 3672 2248 3737 Q.
2267 3671 2538 3725 Hortensii
2555 3710 2573 3737 ‚
2589 3668 2887 3727 nobilissimi

1881 3750 2024 3803 illius
2068 3751 2292 3804 oratoris
2312 3790 2330 3817 ‚
2371 3751 2676 3806 carminum
2712 3750 2888 3806 mentio

1881 3831 1971 3896 fit,
1999 3830 2205 3885 notavit
2229 3831 2478 3902 Vulpius.

1959 3902 2074 3963 ”...
2108 3909 2211 3965 nie
2252 3909 2398 3964 deest
2434 3927 2621 3964 versus
2648 3908 2888 3964 minori:

1881 3990 2129 4042 omnibus
2152 3991 2306 4044 librr.
2331 3989 2486 4043 MSS.
2507 4008 2676 4062 quem
2699 3989 2893 4044 Parth·

1880 4069 2002 4121 nius
2037 4089 2139 4140 pro
2185 4088 2284 4136 ea,
2328 4088 2435 4142 qua
2474 4068 2776 4124 ducebatur
2810 4065 2888 4122 ad·

1881 4166 2062 4202 versus
2076 4149 2342 4204 Catullum
2357 4188 2373 4218 ,
2389 4151 2715 4221 popularem
2730 4166 2889 4210 suun,
