2986 4935
714 425 859 499 338

1234 429 1777 498 C.VALER11
1836 430 1890 496 C
1913 427 2299 495 ATULLI

923 560 1205 626 Suscitat
1241 583 1278 625 a
1316 583 1483 626 cano
1519 557 1875 626 vulturium
1911 559 2142 651 capite.

816 669 951 732 Nec
993 653 1480 733 tantum'niveo
1526 668 1748 758 gavisa
1786 679 1885 731 est
1920 663 2052 730 ulla
2098 661 2410 732 columbo

920 772 1253 865 Compar:
1287 796 1431 863 quae
1476 770 1684 838 multo
1727 770 1966 838 dicitur
2005 769 2366 862 improbius

817 876 1060 944 Oscula
1095 876 1419 944 mordenti
1452 901 1712 969 semper
1743 875 2096 969 decerpere
2132 890 2383 957 rostro;

917 983 1311 1073 Quanquam
1346 983 1671 1075 praecipue
1705 979 2041 1049 multivola
2073 996 2172 1050 est
2204 981 2454 1049 mulier.

798 1225 816 1257 1
837 1213 923 1267 ηιξ.
951 1203 1163 1254 Suscitat
1189 1203 1250 1251 ab
1281 1220 1557 1272 perperam
1603 1201 1724 1253 Sca·

712 1286 858 1354 liger.
876 1312 951 1322 —
976 1283 1139 1352 Capiti
1169 1299 1229 1331 ex
1256 1279 1427 1332 codd.
1454 1293 1505 1332 et
1535 1280 1726 1332 editio-

711 1366 871 1416 nibus
900 1363 1124 1431 princip.
1149 1361 1409 1411 revocavit
1431 1359 1728 1422 Santenius,

717 1458 773 1495 ut
820 1443 885 1492 sit
933 1441 1147 1511 antiqua
1193 1440 1403 1490 ablativi
1433 1439 1601 1490 forma
1627 1479 1642 1503 ,
1672 1441 1727 1490 in

714 1541 872 1592 quam
904 1540 1010 1571 rem
1043 1519 1221 1572 laudat
1254 1520 1340 1570 ille
1370 1519 1564 1569 Sanctii
1593 1519 1726 1569 Min.

717 1604 773 1658 1,
809 1621 833 1651 α
856 1640 870 1663 ,
902 1619 945 1651 c.
979 1619 1008 1667 7
1030 1641 1044 1662 ‚
1073 1620 1122 1669 p.
1157 1617 1259 1665 ¹97
1280 1638 1294 1658 ,
1317 1609 1369 1649 et
1395 1597 1464 1648 ibi
1486 1598 1726 1649 Perizon.

717 1702 769 1732 n.
797 1687 929 1742 4.-
942 1679 1169 1740 Suscieat,
1193 1679 1384 1747 abigit,
1406 1678 1727 1728 verscheucht.

716 1795 793 1800 ψ.
825 1759 1126 1819 Vultur-ium,
1170 1775 1410 1826 rapacem
1439 1754 1730 1825 haeredipe·

720 1853 843 1891 tam.
866 1838 949 1890 Sic
967 1839 1157 1909 passim
1180 1838 1417 1887 vulturius
1429 1835 1498 1886 de
1515 1835 1731 1886 homine

717 1918 890 1988 rapaci
927 1932 979 1969 et
1012 1918 1164 1969 alieni
1195 1913 1389 1986 cupido
1421 1913 1561 1984 apud
1589 1914 1732 1983 opti-

722 2019 832 2049 mos
887 1997 1163 2067 scriptores
1204 2015 1255 2046 v.
1302 2013 1346 2045 c.
1392 1995 1578 2046 Plauto
1619 1996 1667 2044 T
1664 1998 1730 2044 ri-

723 2098 893 2129 numm.
925 2079 982 2139 I,
1011 2096 1036 2127 a
1058 2116 1072 2139 ‚
1099 2076 1168 2126 63
1192 2092 1204 2125 :
1239 2101 1259 2118 ι
1277 2073 1733 2143 Turpilucricupi-

722 2159 850 2210 dum
884 2170 933 2208 te
966 2168 1155 2208 vocant
1185 2155 1323 2206 cives
1352 2154 1443 2205 tui.
1469 2154 1608 2204 Tum
1641 2170 1732 2202 au·

722 2253 825 2289 tem
870 2249 991 2288 sunt
1036 2236 1153 2299 alii,
1208 2234 1302 2303 qui
1355 2246 1405 2283 te
1443 2231 1733 2300 vulturium

724 2329 925 2367 vocant.
957 2343 976 2360 v·
1011 2315 1113 2366 Ubi
1145 2313 1284 2364 conf.
1327 2311 1622 2362 Taabmann.
1658 2341 1734 2351 —

727 2397 861 2446 Cano
909 2398 1059 2463 capite
1099 2412 1167 2444 sc.
1204 2391 1284 2442 avi
1322 2391 1416 2441 sui.
1456 2422 1532 2429 -—
1577 2387 1733 2458 Apud

727 2477 938 2528 Latinos
973 2475 1025 2524 in
1060 2472 1283 2541 imagine
1319 2470 1541 2521 vulturis
1569 2470 1735 2520 inerat

723 2574 842 2604 rum
908 2553 1121 2603 notione
1177 2550 1425 2601 inhiantis
1470 2547 1735 2599 aviditatis

725 2636 1006 2702 conjuncta
1032 2631 1177 2681 notio
1194 2629 1421 2697 stuporis
1444 2628 1736 2698 mentisque.

722 2710 958 2770 stolidae,
1002 2729 1116 2780 quae
1166 2708 1313 2760 facile
1361 2706 1735 2770 deluderetur,

727 2804 853 2842 teste
893 2791 1061 2841 Plaut.
1097 2787 1321 2840 Mostell.
1358 2788 1465 2845 111,
1509 2805 1601 2848 ω,
1635 2792 1734 2855 47-

736 2870 941 3001 ¹³³²}
968 2949 1070 2999 Pro
1105 2949 1204 2998 ulla
1234 2945 1451 2996 Vossius
1500 2944 1553 2995 in
1599 2944 1736 2994 libro

728 3049 822 3079 suo
842 3030 1092 3099 scriptum
1112 3028 1381 3078 invenerat
1402 3024 1535 3073 vulla
1551 3063 1564 3084 ,
1594 3021 1737 3073 unde

627 3152 629 3155 .
729 3109 850 3161 feeit
870 3109 1036 3178 pulla,
1067 3107 1186 3177 quia
1207 3144 1221 3167 ,
1244 3117 1300 3156 ut
1320 3103 1544 3155 ridicule
1564 3100 1737 3163 addit,

736 3215 758 3232 ι
792 3189 933 3258 pulla
974 3186 1216 3237 columba
1265 3184 1419 3235 niveo
1458 3184 1740 3249 conjuncta

728 3266 1055 3336 improbiora
1084 3264 1255 3316 oscula
1279 3262 1553 3331 decerpat,
1579 3279 1736 3331 quam

730 3348 923 3397 saciant
944 3342 1174 3413 ejusdem
1199 3343 1389 3394 coloris
1406 3341 1680 3393 columbae.
1711 3367 1730 3385 ι

732 3458 799 3466 -
838 3424 1136 3475 Lectionem
1194 3422 1363 3473 Vossii
1408 3420 1741 3490 amplectitur

732 3517 784 3555 et
810 3504 1083 3555 confirmat
1113 3500 1242 3552 adeo
1281 3502 1390 3567 ejus
1427 3500 1739 3567 interpreta-

730 3584 928 3634 tionem
982 3582 1253 3650 exemplo,
1310 3579 1442 3629 male
1490 3578 1543 3628 in
1607 3578 1741 3629 hanc

731 3662 983 3714 advocato
1017 3681 1078 3712 ex
1122 3658 1279 3711 Ovid.
1324 3659 1451 3709 Her.
1486 3658 1607 3716 XV,
1647 3659 1738 3727 37,

731 3742 1152 3811 vulp-Nem,
1174 3740 1312 3801 albo,
1336 3737 1435 3798 vel,
1451 3738 1504 3787 in
1533 3738 1740 3789 univer·

733 3841 877 3883 sum,
910 3821 1110 3890 pulchro
1124 3840 1142 3880 ,·
1180 3832 1253 3869 est
1294 3818 1431 3869 enim
1465 3816 1735 3886 epitheton

732 3921 936 3952 ornans.
969 3900 1195 3969 Vulpius
1237 3915 1356 3949 cum
1404 3895 1594 3949 Vossio
1640 3914 1735 3948 suo

733 3993 1012 4048 argutatur.
1042 4012 1119 4020 —-
1148 3977 1330 4031 Gau-isa
1376 3989 1470 4037 ese,
1512 3974 1736 4045 gaudere

727 4061 871 4109 solet.
962 4060 971 4067 ’

1903 1224 1918 1253 1
1935 1205 2024 1254 26.
2060 1202 2269 1270 Compar
2294 1203 2567 1267 columba,
2597 1211 2788 1276 conjux
2814 1246 2826 1258 .

1816 1284 2032 1349 σύζυγος.
2078 1314 2153 1322 --
2186 1283 2474 1350 Improbe’us,
2519 1283 2789 1338 ardentius
2815 1327 2829 1345 .

1815 1359 2079 1431 cupidius.
2125 1360 2209 1411 Sic
2253 1362 2505 1431 improbius
2548 1383 2711 1415 aman
2750 1366 2829 1417 di-

1816 1452 2014 1491 cuntur
2045 1458 2276 1508 pauperes
2318 1440 2465 1510 apud
2517 1445 2826 1508 Quintilian.

1819 1519 1964 1571 Decl.
1994 1520 2117 1582 XV,
2162 1521 2259 1571 sub
2300 1518 2425 1572 fine.
2458 1554 2537 1564 —
2589 1524 2828 1593 Inproba<

1818 1599 1910 1669 qui
1941 1598 2104 1649 nescit
2137 1610 2228 1649 aut
2260 1617 2366 1650 non
2392 1599 2556 1652 habet
2584 1602 2829 1664 modum,

1824 1689 1880 1728 ut
1901 1677 2136 1745 improbus
2151 1677 2287 1727 labor
2302 1676 2441 1747 apud
2460 1680 2611 1751 Virg.
2641 1682 2824 1752 Geor-g.

1821 1758 1873 1819 1,
1903 1775 1921 1807 1
1940 1761 2008 1818 46
2033 1768 2115 1806 :et
2134 1754 2271 1826 apud
2294 1757 2544 1810 eumdem
2569 1760 2701 1812 ibid.
2722 1763 2825 1823 m,

1823 1837 1850 1887 3
1863 1842 1929 1904 47
1947 1853 1960 1886 ε
1975 1859 1994 1876 α
2014 1836 2239 1904 injustus
2257 1836 2437 1888 fascis·
2457 1856 2559 1907 pro
2576 1840 2826 1892 mimium

1821 1934 1955 1966 onus
1979 1941 2026 1964 -.
2052 1914 2237 1985 ltaque
2278 1916 2483 1985 improbe
2512 1918 2569 1969 h.
2614 1920 2651 1971 l.
2690 1919 2821 1971 idem

1822 1992 1967 2064 quod
1995 1997 2175 2044 insane.
2202 1994 2269 2046 N.
2779 1999 2790 2008 “

1905 2091 1926 2124 1
1942 2092 2034 2142 ²7·
2061 2072 2242 2124 Oscula
2273 2073 2507 2125 mordenti
2527 2095 2706 2146 semper
2731 2080 2824 2129 dec.

1821 2164 1972 2202 rostro
1992 2171 2010 2202 :
2042 2152 2168 2204 hinc
2202 2153 2501 2204 columbaria·
2537 2158 2740 2207 osculati
2766 2156 2831 2208 de

1821 2229 2122 2282 dulcissimo
2147 2232 2448 2284 osculorum
2471 2252 2680 2303 genere.
2695 2238 2829 2288 Mar·

1823 2309 1956 2361 tialis
1999 2310 2134 2374 XII,
2179 2310 2360 2379 Epigr.
2399 2314 2504 2374 65,
2547 2333 2578 2383 7
2615 2331 2631 2367 ε
2667 2318 2829 2367 «Αω-

1821 2389 1968 2456 plexa
1997 2389 2191 2440 collum
2211 2428 2226 2452 ,
2257 2391 2507 2461 basioque
2542 2405 2646 2445 tam
2674 2395 2828 2465 longo

1821 2466 2092 2531 Blandita,
2141 2488 2294 2540 quaxn
2342 2484 2464 2523 sunt
2503 2474 2702 2544 nuptia:
2744 2494 2829 2527 cn-

1820 2548 2133 2599 lumbarum‚
2162 2576 2182 2594 ι
2212 2550 2281 2600 Et
2302 2550 2442 2602 libro
2467 2552 2574 2613 xl,
2609 2561 2706 2614 104
2724 2594 2739 2615 ‚
2764 2576 2824 2621 μς

1829 2654 1850 2673 ι
1872 2629 2016 2678 Basia
2048 2646 2130 2678 me
2157 2629 2371 2698 capiunt
2393 2630 2614 2682 blandas
2637 2633 2829 2685 imitata

1823 2707 2108 2758 columbas.
2130 2732 2150 2752 ι·
2177 2707 2317 2759 Hinc
2336 2710 2619 2772 columbari,
2641 2713 2832 2763 colum·

1825 2787 2006 2837 barum
2066 2805 2213 2837 more
2277 2788 2457 2840 oscula
2505 2787 2785 2861 decerpere
2810 2834 2822 2847 .

1823 2863 1960 2935 apud
1990 2864 2172 2917 Senec.
2199 2866 2364 2936 Epist.
2392 2885 2410 2919 ι
2429 2873 2517 2928 14.
2552 2868 2618 2920 Et
2650 2871 2722 2921 sic
2748 2872 2831 2921 de·

1823 2964 2006 3012 cerpcre
2033 2962 2130 3013 pro
2160 2946 2367 2997 osculari
2390 2959 2471 2999 est
2489 2946 2628 3018 apud
2647 2952 2830 3001 Aucto-

1825 3043 1933 3074 rem
1976 3025 2135 3092 Copae
2173 3043 2221 3075 v.
2266 3023 2337 3078 38
2367 3046 2378 3075 :
2409 3051 2430 3071 ι
2455 3025 2693 3079 Candida
2725 3030 2829 3080 snr-

1828 3122 1982 3154 mosae
2006 3102 2291 3174 decerpens
2323 3122 2415 3156 ora
2443 3106 2631 3175 puella
2651 3134 2672 3152 ι-

1912 3185 2034 3235 128.
2088 3184 2330 3249 Quantum
2363 3189 2608 3254 proecc'pue
2649 3187 2828 3238 Venet.

1828 3260 1944 3312 Ald.
1981 3261 2188 3332 Gryph.
2224 3262 2415 3315 Mutet.
2449 3297 2533 3307 --
2554 3266 2707 3335 Qum
2727 3286 2831 3334 qm

1830 3342 2044 3393 Vossius
2092 3359 2154 3391 ex
2188 3344 2483 3411 conjectura
2507 3382 2522 3406 ,
2562 3342 2832 3397 accedente

1828 3418 2137 3472 Marklando
2180 3433 2231 3472 et
2261 3420 2582 3487 Schrader-03
2617 3422 2705 3475 sed
2737 3442 2830 3474 no-

1827 3512 1984 3551 stram
2012 3500 2283 3551 lectionem
2309 3513 2486 3552 tuetur
2515 3504 2830 3572 optimorum

1830 3576 2001 3631 Codd.
2053 3578 2346 3631 auctoritas.
2400 3578 2525 3633 Vid.
2568 3581 2709 3633 Sant.
2756 3613 2820 3623 --

1833 3658 1888 3707 V
1882 3659 2090 3726 algis-olo.
2142 3675 2239 3728 pro
2271 3658 2485 3729 ingenio
2534 3680 2628 3712 suo
2677 3660 2831 3712 offert

1826 3737 2086 3789 Heinsius.
2124 3769 2203 3777 —
2251 3739 2507 3789 Muleimla
2536 3779 2549 3799 ,
2593 3759 2698 3791 uno
2745 3757 2834 3789 oo·

1825 3817 2010 3869 lumbo
2062 3817 2143 3869 vel
2194 3818 2380 3869 marito
2419 3836 2546 3897 non·
2572 3830 2829 3870 contenta-

1824 3896 1927 3948 Sed
1969 3895 2136 3948 fidelis
2182 3894 2457 3949 Laodamia
2495 3898 2552 3949 in
2589 3918 2694 3949 uno
2737 3917 2836 3949 suo

1825 3976 2108 4027 Protesilao
2150 3976 2371 4029 faciebat
2415 3975 2643 4029 delicias.
2696 3978 2836 4046 Ergo

1825 4074 1918 4104 nec
1946 4055 2056 4106 haec
2080 4056 2400 4125 comparatio
2422 4054 2835 4127 magnitudinem
