2986 4935
705 423 798 510 84

1224 422 1300 490 C.
1348 418 1791 486 VALERII
1848 414 2318 483 CATULLI

805 557 1137 651 Sanguine
1171 553 1346 621 hanc
1383 553 1582 618 etiam
1620 550 1782 618 mihi
1826 541 1969 635 (sed
2005 538 2334 634 tacebitis)
2369 569 2550 613 aram

806 663 1129 733 Barbatus
1169 658 1316 728 linit
1356 657 1688 740 hirculus,
1725 657 2158 748 cornipesque
2194 651 2486 746 capella3

804 775 934 839 Pro
972 770 1155 861 queis
1193 767 1415 833 omnia
1452 764 1818 832 honoribus
1863 762 2003 829 haec
2048 784 2313 829 necesse
2354 761 2595 852 Priapo

807 882 1123 945 Praestare
1145 929 1162 959 ‚
1196 887 1262 940 et
1295 872 1547 939 domini
1588 868 1962 952 hortulum,
1990 870 2384 959 vineamque
2422 867 2611 933 tueri.

809 989 1036 1072 Quare
1074 982 1264 1060 hinc,
1304 1004 1343 1046 o
1387 979 1610 1071 pueri,
1654 975 1857 1044 malas
1903 975 2224 1042 abstinete
2271 975 2554 1066 rapinas,

808 1092 1083 1158 Vicinus
1127 1109 1334 1180 prope
1381 1084 1563 1151 dives
1607 1098 1739 1169 est,
1784 1080 2253 1176 negligensque
2296 1081 2591 1173 Priapus.

808 1197 970 1264 lnde
1012 1195 1283 1277 sumite,
1325 1192 1557 1258 semita
1595 1191 1735 1258 haec
1773 1189 2013 1258 deinde
2050 1213 2170 1255 vos
2209 1187 2376 1255 feret
2414 1188 2573 1280 ipsa.

698 1377 930 1433 hendam
966 1374 1312 1426 maturitatem
1356 1391 1489 1441 opus
1528 1372 1729 1423 habent

705 1460 868 1512 umbra
903 1458 1175 1526 pampinea.
1211 1452 1353 1503 Hinc
1389 1452 1647 1521 Virgilius
1676 1452 1730 1502 in

704 1542 887 1609 Eclog.
915 1537 1054 1600 vll,
1099 1535 1167 1586 58
1187 1571 1203 1595 ,
1242 1530 1308 1582 de
1340 1532 1536 1583 vitibus
1563 1532 1730 1582 nimio

706 1636 828 1674 aestu
859 1615 1119 1670 exsiccatis
1141 1653 1155 1675 ,
1187 1635 1207 1654 ι
1231 1613 1391 1664 Liber
1424 1612 1733 1681 pampineas

704 1698 894 1753 invidit
949 1694 1172 1747 collibus
1217 1693 1432 1743 umbras
1457 1717 1506 1743 n.
1541 1691 1731 1742 Rubens

709 1802 797 1833 uva
818 1800 836 1831 .·
857 1776 1075 1828 Horatio
1095 1810 1110 1835 ‚
1131 1772 1224 1822 ubi
1241 1769 1308 1821 de
1332 1769 1519 1822 iisdem
1539 1770 1731 1840 Priapo

705 1855 993 1912 offerendis
1017 1851 1324 1905 muneribus
1341 1869 1513 1902 sermo
1536 1863 1634 1914 est,
1655 1849 1730 1901 di·

708 1941 844 1992 citur
867 1949 1052 1988 certans
1069 1951 1318 2002 purpuras,
1343 1928 1517 2000 Epod.
1544 1932 1621 1993 II,
1646 1950 1729 1981 ao.

794 2038 814 2071 1
831 2019 880 2071 5.
905 2018 1010 2069 Pro
1031 2015 1153 2062 hunc
1173 2029 1307 2061 aram
1327 2051 1342 2073 ,
1367 2008 1514 2080 quod
1533 2011 1736 2080 elegan-

709 2117 787 2153 ter
815 2100 1110 2168 conjecerat
1131 2093 1395 2156 Muretus,
1426 2103 1733 2160 corruptam

709 2180 989 2234 lectionem
1013 2176 1114 2224 leaec
1138 2191 1297 2231 arma,
1319 2171 1586 2221 revocavit
1605 2171 1736 2219 Vos-

712 2263 835 2320 sius,
857 2253 998 2309 baud
1025 2252 1188 2304 dubie
1214 2247 1542 2318 obloquendi
1563 2247 1735 2300 studio

708 2341 981 2408 abreptus;
1003 2346 1231 2384 nostram
1257 2331 1534 2380 lectionem
1559 2326 1735 2379 desen-

711 2419 786 2473 dit
815 2420 1187 2470 Burmnannus
1209 2411 1323 2462 Sec,
1348 2410 1400 2459 iu
1428 2408 1643 2460 Anthol.
1663 2406 1733 2459 ad

707 2502 762 2552 h.
785 2501 819 2550 l.
843 2531 919 2539 ——
943 2493 1170 2545 Jacebitis
1192 2510 1288 2560 pro
1312 2489 1526 2540 tacebitis
1550 2489 1734 2539 vitiose

710 2584 762 2632 in
794 2577 1014 2646 Sciopp.
1049 2569 1171 2622 edit.
1199 2582 1248 2620 et
1283 2570 1496 2638 Bipont.
1525 2569 1731 2637 legitur.

711 2692 788 2701 -.
822 2656 921 2709 Sed
950 2651 1195 2711 tacebitis,
1244 2649 1493 2699 favcbetis
1525 2647 1733 2717 linguis».

710 2739 984 2791 Silentium
1039 2730 1197 2799 igitur
1240 2728 1460 2798 Priapus
1509 2728 1735 2797 imponit

711 2819 888 2890 pueris
925 2813 991 2865 de
1027 2810 1181 2862 sacris
1211 2808 1341 2870 suis,
1372 2821 1618 2877 tanquam
1668 2805 1734 2858 de

712 2897 888 2966 magni
950 2888 1222 2961 cujusdam
1293 2887 1390 2938 Dei
1452 2886 1731 2955 mysteriis.

715 2977 945 3048 Vulpius
971 2970 1129 3025 trahit
1166 2967 1231 3019 ad
1268 2970 1475 3038 impura
1501 2965 1699 3035 flagitia
1720 3005 1734 3029 ,

714 3078 830 3129 quaa
850 3058 901 3108 in
932 3053 1086 3106 sacris
1105 3048 1356 3117 Priapeiis
1375 3046 1633 3097 committi
1653 3064 1736 3096 so·

708 3139 918 3200 lebant,
942 3152 1038 3184 nec
1069 3128 1299 3198 evulgari
1327 3125 1606 3178 debebant.
1634 3124 1738 3177 sed

716 3217 784 3271 de
802 3218 883 3269 his
905 3214 1036 3265 nihil
1049 3213 1155 3281 jam
1177 3206 1416 3259 viderant
1436 3204 1606 3275 pueri.
1624 3206 1738 3255 Mu-

715 3311 857 3351 retus
875 3296 1032 3346 refert
1053 3286 1122 3339 ad
1141 3288 1238 3357 leg.
1257 3287 1331 3337 xl
1338 3289 1379 3350 Ι,
1394 3286 1741 3350 Tabularum,

718 3399 816 3450 per
861 3392 991 3444 quas
1046 3386 1190 3420 sacra
1232 3367 1399 3417 facere
1453 3365 1744 3434 peregrinis

723 3456 867 3519 Deis,
885 3454 986 3504 nisi
1002 3449 1092 3521 qui
1117 3446 1325 3516 publice
1348 3443 1531 3497 adsciti
1552 3458 1743 3507 essent,

721 3556 828 3590 non
876 3529 1098 3584 licuerit.
1146 3525 1248 3578 Sed
1298 3537 1491 3596 spectat
1533 3526 1743 3575 sortasse

723 3618 827 3670 hoc
857 3612 1162 3683 impositum
1201 3606 1463 3658 silentium
1504 3623 1610 3654 non
1643 3603 1740 3654 nisi

725 3696 794 3749 ad
816 3692 1108 3745 immolatas
1127 3686 1316 3757 Priapo
1339 3685 1533 3735 hostias
1549 3721 1563 3745 ,
1583 3703 1740 3753 quem

724 3778 982 3829 honorem
1022 3768 1242 3836 majores
1277 3777 1475 3815 tantum
1518 3763 1602 3813 Dii
1643 3762 1741 3813 sibi

721 3847 1245 3909 vindicabant.—Nec
1259 3844 1471 3914 probari
1485 3855 1650 3912 potest
1661 3843 1746 3893 Li-

721 3934 1067 4003 vineii,quem
1097 3925 1409 3992 Doeriugius
1431 3934 1637 3973 secutus
1649 3936 1742 3987 est,

722 4013 973 4068 sententia
992 4047 1005 4068 .
1048 4006 1335 4077 majoribus
1378 4014 1581 4054 tantum
1629 4002 1742 4053 Diis

718 4094 911 4147 hostias
976 4100 1201 4141 mactare
1260 4082 1465 4135 licitum
1534 4081 1689 4132 fuisse
1722 4100 1737 4143 ;

1820 1369 2039 1420 Vossius
2061 1382 2241 1421 contra
2273 1387 2388 1420 eam
2412 1367 2647 1419 Petronii
2669 1368 2853 1422 locum

1821 1450 2047 1512 excitat,
2085 1449 2139 1499 in
2183 1467 2290 1519 quo
2320 1449 2599 1518 Polyaenus
2635 1448 2854 1501 hircum

1819 1541 1870 1580 et
1922 1529 2213 1598 porcellum
2260 1528 2457 1597 Priapo
2514 1527 2679 1579 vovit.
2740 1529 2852 1582 Sed

1821 1608 2044 1678 Priapus
2070 1607 2203 1659 nihil
2226 1606 2372 1658 aliud
2393 1607 2522 1659 dicit
2546 1607 2601 1658 h.
2626 1607 2665 1660 l.
2684 1627 2853 1678 quam

1818 1689 1931 1740 haec
1953 1706 1965 1739 :
1987 1687 2309 1751 «Tacebiti5‚
2329 1705 2397 1740 ne
2415 1685 2582 1740 invidi
2603 1688 2856 1752 audiam,

1818 1769 2008 1839 nequis
2030 1768 2198 1818 malus
2220 1766 2459 1819 invidere
2478 1767 2657 1838 possit,
2678 1788 2851 1839 quum

1819 1866 1904 1898 me
1930 1885 1942 1905 ,
1988 1848 2240 1917 Priapum
2297 1848 2544 1918 pauperis
2594 1844 2805 1900 domini
2835 1887 2854 1914 ‚

1818 1940 1959 1979 tanta
1982 1928 2172 1997 pietate
2200 1928 2430 1991 cultum,
2456 1945 2647 1996 meque
2670 1927 2724 1979 in
2755 1946 2855 1980 cu·

1817 2005 2096 2058 studiendo
2112 2025 2173 2058 ac
2192 2007 2477 2059 nutriendo
2493 2025 2619 2076 agro
2636 2020 2853 2077 gratum

1818 2085 2010 2139 videat.
2045 2113 2066 2132 ι
2120 2086 2245 2138 Haec
2295 2085 2536 2139 Handius
2581 2085 2855 2157 Sanguine

1819 2166 1934 2217 Diis
1983 2166 2188 2218 rusticis
2226 2166 2505 2229 litabatur,
2546 2179 2674 2217 teste
2720 2185 2852 2218 cum

1818 2246 1996 2297 multis
2015 2246 2359 2297 aliisTibullo
2382 2248 2437 2308 1,
2464 2267 2491 2298 ι
2508 2252 2660 2307 1-24.
2686 2246 2853 2296 N.—

1821 2325 1955 2376 Lim‘t
1974 2330 2207 2392 sanguine
2227 2345 2361 2375 aram
2383 2366 2394 2386 ,
2421 2325 2614 2377 imbuit
2644 2318 2853 2377 :Theo-

1819 2405 1935 2456 crit.
1974 2406 2140 2477 epigr.
2175 2422 2193 2454 1
2219 2443 2235 2470 ,
2269 2405 2296 2457 5
2320 2446 2332 2465 ,
2368 2408 2535 2476 Βωμὸν
2565 2401 2617 2456 ὃ*
2647 2407 2850 2475 αἱμάξει

1820 2490 1988 2555 κεραὸς
2010 2487 2205 2556 τράγος.
2250 2486 2331 2537 Cf.
2369 2487 2595 2538 Carmen
2631 2486 2849 2538 Petron.

1821 2567 1872 2615 in
1899 2566 2180 2635 Priapum,
2205 2584 2318 2635 cap.
2354 2586 2375 2618 1
2392 2565 2481 2619 33.

1909 2665 1929 2696 1
1943 2650 1974 2698 6
1987 2688 1997 2697 .
2012 2647 2259 2696 Barbarus
2273 2647 2390 2697 hirc.
2408 2646 2543 2696 male
2559 2644 2613 2697 in
2627 2645 2747 2697 aliis
2761 2644 2851 2698 ed.

1906 2743 1927 2775 1
1943 2744 1993 2795 7.
2016 2727 2127 2777 Hoc
2150 2746 2330 2776 necesse
2348 2743 2627 2796 perperam
2650 2726 2706 2776 in
2727 2726 2852 2795 qui·

1819 2804 2058 2857 busdam.

1908 2904 1994 2952 19.
2028 2886 2205 2935 Manus
2240 2883 2471 2935 abstinete
2507 2887 2688 2953 rapinis
2716 2885 2853 2937 citra

1820 2965 2169 3015 necessitatem
2183 2977 2480 3016 correxerat
2493 2964 2853 3034 Eggelingius,

1820 3055 1946 3095 teste
1979 3045 2282 3095 Burmanno
2319 3045 2436 3097 Sec.
2468 3044 2523 3095 in
2572 3044 2738 3098 Anth.
2780 3043 2852 3097 ad

1822 3122 1965 3176 hunc
1991 3125 2180 3176 locum.

1911 3223 1996 3256 πο.
2044 3205 2398 3275 Negligensque
2430 3204 2603 3272 Priapi
2635 3204 2856 3273 conjicit

1828 3283 1894 3335 N.
1922 3284 2099 3335 Heins.
2125 3284 2178 3334 in
2199 3297 2312 3335 not.
2334 3282 2403 3334 ad
2418 3282 2607 3335 Catull.
2629 3302 2684 3354 p.
2712 3284 2851 3339 638.

1828 3362 2078 3426 Quidni?
2110 3364 2443 3433 negligensque
2484 3363 2737 3431 Priapum.
2775 3397 2854 3409 ..-

1830 3443 1978 3495 Nihil
1996 3456 2154 3513 agunt
2171 3445 2293 3495 Nic.
2319 3443 2498 3494 Heins-
2520 3454 2572 3493 et
2594 3443 2852 3515 Doering.

1829 3542 1993 3593 quum
2034 3542 2217 3575 sanum
2262 3524 2438 3574 locum
2480 3540 2662 3573 sanare
2703 3523 2855 3575 labo·

1830 3616 1963 3654 rant.
1991 3603 2057 3654 N.
2086 3636 2168 3644 —
2204 3603 2468 3672 Negligens
2500 3602 2746 3671 Priapus,
2778 3603 2859 3654 in·

1830 3680 2080 3751 dulgens,
2108 3686 2282 3734 minus
2305 3700 2514 3735 severus
2541 3700 2665 3751 erga
2694 3684 2856 3735 fures.

1918 3781 2009 3814 21.
2040 3763 2157 3814 Inde
2198 3766 2364 3813 sumite
2391 3784 2409 3814 .·
2438 3761 2673 3831 Vulpius
2706 3781 2856 3815 eom·

1832 3840 1989 3893 mode
2011 3841 2185 3895 laudat
2198 3844 2319 3894 Tib.
2337 3844 2382 3906 1,
2400 3861 2421 3893 1
2434 3880 2449 3905 ‚
2472 3840 2564 3903 34.
2582 3843 2711 3893 Hoec
2726 3847 2856 3913 ipsa:

1827 3925 1993 3973 semita
2007 3920 2117 3975 ὃευι
2124 3922 2495 3983 τωιῶς.ΒειίκΙε,
2505 3921 2562 3975 h.
2578 3941 2624 3974 e.
2639 3920 2858 3987 dehinc,

1827 4001 2053 4065 abinde,
2102 4016 2158 4054 ut
2188 4000 2333 4073 apud
2371 4002 2577 4055 Sallust.
2598 4002 2853 4074 Jugumb.

1829 4082 1991 4145 XIII,
2024 4089 2053 4144 4
2072 4120 2088 4146 ,
2121 4083 2212 4134 ubi
2236 4080 2346 4135 vid.
2376 4082 2609 4134 Cottius.
