2986 4935
717 445 869 531 ,450
1006 443 1349 513 INDEX
1412 444 2044 513 EDITIONUM
2101 447 2602 516 cummi

828 578 1044 648 1622.
1080 578 1281 671 Typis
1321 575 1550 644 Jacobi
1600 578 1813 644 Stoer.
1885 603 1992 645 12.
2048 552 2228 646 Basis
2277 595 2380 647 est
2426 579 2860 674 Scaligeriana

711 711 1025 753 recensm.
1839 710 1840 713 ’

834 791 1050 861 1630.
1093 793 1241 859 Cat.
1274 790 1417 857 Tib.
1467 793 1662 883 Prop.
1698 814 1850 858 cum
1886 790 2061 859 Galli
2109 790 2560 885 fragmentis
2608 796 2856 863 Amstel

718 904 1951 1096 2401640.(1111.Τ1Ι).1-’1ὀρ.Αω·011ε13
1980 1002 2227 1073 A.llobr
2260 1009 2327 1089 4.
2366 1007 2432 1072 111
2458 1008 2684 1101 Corp.
2715 1025 2856 1102 poet

714 1111 822 1180 lat.
865 1111 968 1180 ed.
1010 1115 1114 1191 II,
1153 1135 1259 1203 ap.
1309 1112 1483 1177 Sam.
1527 1111 1935 1204 Crispinum.

835 1217 1047 1302 1649..
1092 1220 1240 1284 Cat.
1288 1214 1602 1284 Phaselos
1652 1242 1804 1284 cum
1854 1216 2056 1285 Andr
2110 1217 2483 1308 Senfilebiz
2527 1237 2861 1288 00111111.οι

715 1324 1000 1418 parodiis
1055 1321 1336 1415 amplius
1387 1325 1907 1417 quinquaginta,
1960 1339 2028 1391 et
2087 1348 2299 1417 graeca
2352 1327 2494 1393 Jos.
2558 1326 2859 1421 scaligeri

719 1431 1152 1524 metaphrasi,
1198 1455 1234 1497 e
1282 1428 1436 1496 bibl.
1484 1428 1630 1495 Nic.
1677 1429 1969 1512 Henelii,
2016 1431 2195 1524 Lips.
2241 1431 2307 1500 8.

833 1537 1050 1621 1648.
1094 1539 1288 1602 Antv.
1354 1559 1462 1603 12.
1506 1537 1762 1604 omissis
1804 1538 2151 1605 obscoenis.

834 1642 1047 1713 1651.
1093 1644 1236 1709 Cat.
1254 1642 1399 1708 Tib.
1431 1644 1631 1734 Prop.
1673 1668 1824 1710 cum
1865 1642 2039 1712 Galli
2074 1643 2383 1737 fragmm.
2424 1647 2719 1713 Amstel.
2776 1672 2861 1714 12.

830 1747 1044 1842 1659.
1096 1751 1240 1816 Cat.
1272 1749 1413 1815 Tib.
1464 1752 1660 1842 Prop.
1718 1754 1784 1817 et
1833 1775 1981 1844 quae
2030 1750 2153 1817 sub
2197 1748 2371 1818 Galli
2417 1754 2712 1821 nomine-
2760 1756 2862 1820 cir-

714 1856 1215 1937 cumferuntur,
1255 1879 1405 1922 cum
1448 1855 1704 1923 selectis
1739 1859 2075 1923 variorum
2117 1859 2660 1939 commentariis,
2703 1884 2865 1928 accu-

713 1978 899 2031 rante
955 1965 1221 2029 Simone
1277 1961 1518 2030 Abbes
1576 1962 2173 2056 Gabbemcz,Traj.
2239 1962 2323 2030 ad
2371 1963 2597 2032 Rhen.
2665 1968 2736 2036 8.
2781 2001 2862 2011 -

716 2073 907 2139 Vitiis
947 2068 1438 2162 typographicis
1477 2083 1719 2151 scatet,
1765 2084 1830 2137 et
1870 2070 2264 2163 farraginem
2308 2084 2634 2139 notarum
2675 2074 2862 2166 adpo·

714 2178 845 2260 nit,
892 2176 1136 2270 quibus
1168 2175 1371 2242 verba
1414 2189 1480 2242 et
1521 2175 1793 2268 phrases
1830 2176 2275 2261 illustrantur,
2319 2201 2453 2245 non
2503 2183 2863 2247 sententiae.

838 2282 1052 2366 1664.
1101 2284 1245 2349 Cat.
1272 2282 1420 2348 Tib.
1474 2284 1668 2376 Prop.
1711 2308 1863 2350 cum
1913 2281 2088 2352 Galli
2138 2282 2442 2377 fragmm.
2495 2288 2719 2353 Amst.
2764 2289 2864 2369 114.

836 2388 1047 2483 1670.
1085 2387 1333 2455 Eadem
1376 2390 1671 2482 repetita.

835 2494 1046 2590 1675.
1111 2498 1421 2563 Poeniata
1475 2496 1714 2564 selecta
1754 2523 1789 2563 e
1836 2499 1983 2565 Cat.
2016 2497 2160 2566 Tib.
2211 2513 2277 2565 et
2323 2500 2524 2590 Prop.
2578 2523 2646 2565 0.
2711 2501 2868 2566 notis

720 2608 1010 2686 Vorscii,
1062 2602 1244 2694 Lips.
1299 2601 1364 2670 8.

837 2708 1047 2778 1680.
1087 2709 1230 2775 Cat.
1259 2710 1406 2775 Tib.
1454 2712 1649 2802 Prop.
1691 2735 1727 2776 e
1770 2734 2018 2777 recens,
2055 2712 2110 2777 J.
2149 2713 2233 2779 G.
2278 2712 2572 2797 Graevit',
2605 2736 2674 2778 c.
2712 2715 2868 2779 notis

716 2818 984 2909 integris
1024 2817 1156 2881 JOS.
1193 2814 1546 2907 Scaligeri,
1575 2818 1672 2884 M.
1716 2818 1870 2883 Ant.
1912 2818 2195 2900 Mureti,
2235 2816 2402 2884 Ach.
2433 2817 2676 2902 Statii,
2710 2818 2864 2886 Rob.

715 2925 898 3008 Titii,
943 2924 1122 2988 Hier.
1164 2924 1464 3004 Avantii‚
1510 2924 1658 2989 Jani
1707 2925 1954 2991 Dousae
1990 2925 2198 3016 patris
2246 2937 2312 2991 et
2354 2921 2866 3003 filii,‘I‘heodor.

717 3029 1037 3108 Marcilii,
1079 3053 1335 3095 necnon
1383 3027 1637 3096 selectis
1684 3028 1988 3097 aliorum.
2030 3029 2203 3122 Traj.
2264 3027 2347 3096 ad
2389 3028 2520 3095 Rh.
2568 3054 2664 3097 ex
2704 3031 2869 3100 offic.

718 3133 1054 3227 Rudolphi
1102 3159 1141 3201 a
1189 3132 1328 3226 Zyll
1356 3188 1374 3218 ,
1434 3135 1499 3203 8.
1562 3134 1903 3227 Adjectum
1958 3151 2060 3204 est
2106 3134 2524 3230 pervigilium
2568 3137 2870 3221 Veneris.

718 3242 963 3309 Graevii
1018 3266 1260 3308 nomen
1301 3255 1635 3308 mutuasse
1673 3255 1929 3309 tantum
1975 3242 2239 3310 videtur
2275 3255 2530 3310 astutus
2564 3240 2871 3312 librarius

717 3346 798 3412 acl
848 3346 1143 3413 fraudem
1180 3346 1549 3416 faciendam
1571 3401 1590 3429 ,
1626 3372 2004 3441 quanquam
2036 3349 2177 3441 ejus
2213 3347 2508 3442 praefatio
2542 3349 2616 3416 in
2661 3353 2870 3445 capite³

722 3454 972 3546 legitur.
1017 3454 1262 3520 Omnia
1297 3452 1716 3546 indiligenter
1752 3455 2069 3548 disposita
2110 3469 2179 3522 et
2220 3479 2456 3549 parum
2497 3460 2869 3532 concinne3

721 3586 839 3627 nec
882 3585 1034 3627 011111
1080 3584 1240 3628 cura
1280 3584 1606 3653 expressa.

838 3722 1112 3787 AETAS
1171 3722 1249 3787 V.
1312 3721 1744 3793 VOSSIO-
1771 3721 2756 3791 BROUCKHUSIANA.

840 3880 1052 3964 1684.
1093 3885 1236 3949 Cat.
1277 3904 1429 3948 cum
1474 3879 1914 3948 eruditissimo
1958 3884 2039 3949 Is.
2086 3885 2320 3949 Vossic·
2351 3884 2873 3958 commentario.

724 3988 930 4054 Lond.
965 3991 1032 4071 4.
1061 4012 1206 4080 quae
1231 3985 1429 4054 editio
1450 3985 1714 4080 reliquis
1738 3987 2059 4056 hactenus
2079 3987 2345 4081 quidem
2372 4001 2664 4081 praestat.
2697 3992 2875 4059 Usus

714 4108 811 4161 est
838 4108 1072 4185 praeter
1097 4092 1256 4161 alios
1276 4092 1537 4161 codices
1562 4094 1858 4162 omnium
1887 4095 2334 4163 vetustissimo
2352 4091 2876 4170 Mediolanensi.
