2986 4935
816 551 1261 619 CARMEN
1322 551 1600 619 LXIV.

2121 539 2272 610 265

368 684 519 750 Haec
554 679 861 749 mandata
893 683 1075 775 prius
1108 683 1433 750 constanti
1471 693 1690 748 mente
1727 690 2055 745 tenentem

268 787 541 868 Thesea,
580 811 702 854 ceu
747 785 950 880 pulsae
993 803 1340 857 ventorum
1384 787 1648 854 flamine
1688 783 1895 851 nubes
2199 807 2273 845 ηε»

267 894 519 961 Aetium
556 894 728 961 nivei
765 895 1003 962 montis
1039 893 1284 989 liquere
1315 917 1653 962 cacumen.

270 1003 348 1067 At
384 1013 593 1093 pater,
636 1013 711 1067 ut
745 1024 1000 1068 summa
1043 1016 1463 1094 prospectum
1507 1025 1585 1067 ex
1632 1022 1782 1068 arce
1824 994 2122 1091 petebat,

268 1107 464 1172 Anxia
497 1106 564 1173 in
603 1105 893 1174 assiduos
934 1106 1284 1176 absumens
1323 1106 1570 1174 lumina
1609 1104 1831 1187 ssetuS,

271 1212 481 1298 Quum
525 1215 811 1306 primum
850 1213 1056 1280 inflati
1092 1214 1435 1307 conspexit
1480 1211 1678 1279 lintea
1726 1209 1887 1293 veli,

271 1318 663 1411 Praecipitem
700 1342 839 1386 sese
873 1318 1294 1411 scopulorum
1331 1343 1367 1385 e
1403 1319 1648 1386 vertice
1679 1317 1871 1409 jecit,
2202 1346 2278 1389 ηε,

274 1425 587 1491 Amissum
626 1423 897 1492 credens
940 1426 1171 1492 immiti
1211 1425 1463 1492 Thesea
1502 1424 1655 1491 fat0.

272 1529 369 1597 Sic
406 1529 660 1597 funesta
687 1530 929 1598 ⁴domus
967 1533 1294 1624 ingressus
1331 1546 1503 1598 tecta
1542 1543 1815 1623 paterna

272 1636 478 1703 Morte
519 1634 706 1703 ferox
738 1636 1066 1723 Theseus,
1096 1635 1355 1730 qualem
1387 1634 1665 1704 Minoidi
1704 1632 1950 1701 luctum

270 1739 608 1809 Obtulerat
644 1754 862 1810 mente
895 1744 1300 1829 immemori,
1336 1742 1536 1810 talem
1573 1743 1710 1833 ipse
1747 1741 2011 1833 recepit.

269 1848 423 1933 Quae
459 1861 603 1915 tum
640 1863 1066 1941 prospectans
1107 1848 1447 1917 cedentem
1488 1861 1717 1916 moesta
1757 1848 2046 1913 carinam
2071 1896 2088 1927 ,

182 2065 260 2104 ret.
287 2054 452 2106 Graev.
479 2086 559 2096 —
591 2055 752 2123 Quum
779 2068 823 2105 te
844 2057 1058 2107 reducem
1083 2069 1164 2108 aet.

177 2149 316 2202 prosp.
336 2137 437 2185 εἰει.
464 2151 635 2204 quum
665 2134 787 2187 felix
819 2136 907 2186 ine
930 2135 1069 2199 dies,
1096 2136 1170 2187 fe·

185 2210 246 2261 lix
273 2211 396 2264 illud
425 2213 681 2283 temporis
710 2226 965 2283 punctum
1002 2227 1051 2265 te
1090 2232 1170 2264 re-

183 2286 346 2342 ducem
391 2291 557 2343 dabit.
595 2325 674 2333 —
706 2294 957 2345 Similiter
981 2294 1169 2362 Vir-git.

183 2368 368 2424 AEneid.
405 2372 460 2436 1,
496 2374 609 2439 287
636 2389 648 2422 z
681 2373 884 2424 «veniet
910 2373 1084 2423 lustris
1106 2374 1176 2424 la·

182 2447 400 2502 bentibus
422 2463 539 2503 aetas
563 2490 580 2515 ,
607 2451 787 2515 Quum
812 2465 946 2505 etc.»
971 2450 1170 2504 Eodem

182 2545 315 2581 sensu
347 2530 484 2601 apud
517 2531 701 2583 Horat.
742 2532 859 2583 hora
890 2532 1170 2602 praebetur.

181 2606 272 2660 Od.
299 2609 379 2674 11,
414 2613 477 2663 16
505 2628 517 2662 :
544 2633 568 2653 ‹-
589 2611 657 2662 Et
683 2610 813 2663 mihi
843 2612 1012 2663 forsan
1037 2650 1050 2673 ,
1080 2613 1173 2663 tibi

181 2686 308 2755 quod
340 2690 568 2761 negarit,
599 2690 834 2760 Porriget
861 2691 1008 2741 hora.
1034 2717 1055 2736 ι
1105 2691 1168 2742 Ν.

253 2775 375 2832 ²4⁰·
420 2770 603 2821 Thesea
639 2768 911 2839 liquerunt
942 2788 1038 2821 ceu
1073 2770 1174 2821 lin-

182 2859 334 2913 quunt
383 2862 480 2902 etc.
536 2846 783 2904 mandata
834 2849 996 2919 patris
1017 2887 1032 2911 ‚
1079 2868 1173 2900 ceu

183 2925 328 2977 nubes
346 2929 484 2980 venti
512 2927 642 2979 flatu
660 2967 674 2991 ,
697 2946 761 2978 ex
782 2929 961 2980 animo
982 2929 1175 2980 Thesei

181 3004 341 3058 abacta
351 3020 468 3059 sunt
484 3029 495 3058 :
516 3026 622 3079 pro
636 3007 856 3076 simplici
871 3008 1173 3077 effluxerunt.

256 3091 318 3148 ²4
330 3104 351 3138 ι
363 3126 375 3137 .
392 3087 534 3139 Νἰνεί
552 3091 724 3138 montis
740 3086 794 3137 h.
817 3106 860 3138 e.
880 3088 988 3151 alti,
1005 3085 1176 3139 ardui.

182 3162 274 3214 Idoe
307 3169 406 3216 nive
437 3172 616 3218 amicta
653 3167 758 3216 loca
795 3185 949 3237 supra
993 3166 1170 3218 Carm-

182 3240 368 3309 LXIII,
390 3265 479 3315 70.

258 3330 382 3386 ²4²·
407 3325 494 3377 Ex
514 3345 654 3387 arce,
686 3325 1009 3378 Athenarum
1032 3345 1175 3389 arce,

184 3399 434 3469 ἀιφοπολει.
472 3403 696 3457 Diodor.
727 3406 886 3457 Sicul.
920 3406 1029 3468 IV,
1071 3410 1137 3457 61
1163 3444 1191 3471 ,-

183 3496 228 3548 ρ.
254 3480 373 3549 306,
393 3481 518 3537 edit.
540 3486 770 3538 Wessel.
795 3486 866 3537 cf.
889 3485 945 3534 V
940 3485 1176 3536 alckenar.

182 3557 242 3611 ad
267 3562 503 3634 Euripid.
530 3564 805 3636 Hippolyt.
834 3563 899 3616 31
924 3604 938 3629 ,
963 3584 1015 3634 p.
1058 3564 1177 3616 165.

256 3641 377 3696 263.
408 3643 683 3695 Contollens
709 3645 764 3695 in
789 3643 936 3695 libris
962 3644 1179 3715 quibus-

183 3714 292 3771 dam
331 3734 453 3775 vett.
511 3720 653 3774 unde
692 3724 956 3792 antiquam
1001 3724 1178 3774 lectio-

184 3812 291 3849 nem
320 3801 582 3852 Musa-herl.
611 3798 697 3863 (in
731 3803 872 3853 Lect.
906 3803 959 3853 in
988 3802 1176 3853 Catull.

183 3893 230 3944 p·
252 3894 271 3927 ι
283 3871 380 3948 09)
394 3882 685 3951 suspicatur
699 3881 853 3933 fuisse
863 3881 1023 3941 hanc,
1045 3884 1179 3933 «An-

182 3955 256 4008 xia
277 3957 327 4009 in
345 3958 584 4013 assiduos
604 3962 861 4012 contollam
881 3961 1078 4012 lumina
1083 3962 1186 4029 flu·

183 4045 275 4085 ctus
300 4062 321 4083 ι
347 4056 368 4088 .·
391 4036 484 4090 sed
516 4038 588 4091 sic
625 4058 725 4109 pro
759 4040 971 4091 assiduos
989 4080 1003 4101 ‚
1041 4039 1185 4110 quod

185 4128 367 4181 parum
401 4116 653 4187 quadrat,
688 4119 897 4171 mallem
928 4119 1185 4181 adversam·

187 4190 415 4248 lubenter
438 4210 612 4249 autem
634 4199 904 4267 acquiesco
925 4199 978 4250 in
1011 4212 1186 4251 nostra

1258 2055 1478 2106 lectione
1519 2072 1638 2124 quae
1675 2052 1868 2105 Catulli
1910 2052 2119 2121 ingenio
2160 2071 2281 2103 vere

1258 2133 1472 2204 dignior
1499 2131 1723 2185 videtur.

1345 2220 1473 2276 244.
1512 2214 1686 2279 Infecta*
1709 2213 1878 2283 placet
1898 2211 2116 2280 Vulpio.

1343 2299 1470 2362 ²47·
1502 2293 1533 2342 J
1539 2310 1674 2363 unge
1703 2311 1717 2342 ε
1752 2290 1836 2342 Sic
1865 2290 2010 2341 ferox
2046 2289 2283 2342 Theseus

1262 2386 1392 2424 tecta
1424 2371 1614 2422 domus
1642 2384 1855 2440 paterna
1880 2382 2051 2421 morte
2076 2370 2276 2420 funesta

1261 2450 1348 2514 (h.
1382 2472 1426 2504 e.
1473 2452 1564 2502 ubi
1604 2453 1673 2504 ob
1710 2451 1873 2522 patris
1905 2462 2129 2502 mortem
2168 2451 2277 2518 jam

1263 2522 1574 2603 lugebatur)
1594 2532 1847 2601 ingressus
1869 2570 1882 2593 ,
1899 2531 2055 2581 talem
2079 2530 2187 2601 ipse
2202 2530 2280 2581 lu-

1262 2626 1408 2664 ctum
1436 2612 1667 2680 recepit,
1695 2610 1903 2680 qualem
1932 2622 2027 2661 etc.

1348 2694 1476 2753 248.
1511 2691 1667 2741 Ferox
1693 2692 1758 2742 cf.
1784 2708 1831 2740 v.
1860 2690 1954 2757 73.
1984 2691 2046 2741 N.
2074 2721 2153 2728 —
2176 2689 2279 2739 Pro

1263 2771 1472 2823 Minoidi
1507 2769 1671 2822 codex
1707 2769 1950 2820 Dorvillii
1985 2769 2142 2820 habet
2177 2769 2278 2820 Mi-

1264 2851 1429 2910 noida‚
1464 2848 1606 2900 unde
1636 2849 1779 2899 malit
1806 2849 1937 2918 quali
1969 2849 2188 2899 Minoida
2211 2848 2283 2898 Ιιι-

1264 2942 1375 2988 ctu.-
1399 2928 1464 2981 ad
1481 2929 1754 2981 Chariton·
1773 2947 1823 2996 p.
1846 2927 2112 2994 598‚edit.
2136 2928 2278 2998 Lips.

1351 3010 1480 3061 250.
1511 3010 1637 3076 Quoe
1655 3020 1809 3056 tamen
1835 3008 2113 3075 adspectans
2139 3009 2192 3057 in
2213 3009 2277 3059 li·

1265 3089 1371 3140 bris
1390 3087 1708 3159 quibusdam
1727 3086 2012 3146 veteribu5‚
2036 3084 2181 3155 quod
2201 3101 2277 3138 te-

1265 3187 1427 3219 nuere
1461 3169 1725 3236 pleraeque
1760 3164 1904 3217 editt.
1939 3166 2281 3230 recentiores,

1266 3246 1356 3298 sed
1377 3249 1538 3316 magis
1562 3247 1690 3297 mihi
1710 3245 1880 3313 placet
1908 3246 2033 3312 Qua:
2055 3256 2150 3294 eum
2162 3266 2273 3314 pro-

1265 3338 1480 3396 spectans
1513 3328 1565 3377 in
1595 3325 1739 3376 editt.
1768 3325 1977 3394 Gryph.
2007 3326 2200 3376 Muret.
2232 3339 2283 3378 et

1264 3407 1404 3469 aliis,
1430 3405 1575 3477 quod
1604 3402 1956 3456 revocandum
1983 3405 2180 3475 putavi.
2205 3437 2281 3447 —-

1268 3486 1371 3538 Pro
1414 3498 1577 3536 maz-sea
1611 3485 1828 3535 Vossius
1872 3503 1934 3535 ex
1973 3483 2121 3535 libris
2159 3498 2278 3536 vett.

1268 3568 1469 3636 profert
1509 3577 1694 3616 cuncta.
1745 3562 1893 3615 Idem
1929 3562 2168 3616 defendit
2208 3565 2281 3615 le·

1269 3645 1498 3696 ctionem
1528 3645 1653 3712 (211ae
1680 3655 1833 3694 eumen
1862 3641 2039 3696 addita
2065 3645 2286 3714 explica·

1271 3724 1413 3775 tione
1456 3751 1476 3770 κ
1501 3724 1649 3775 Licet
1684 3723 1871 3794 procul
1908 3725 2108 3774 abesset
2141 3724 2283 3775 The-

1271 3822 1385 3854 seus
1403 3842 1416 3865 ,
1442 3817 1628 3873 utpote
1653 3805 1757 3873 jam
1788 3799 1854 3852 ad
1881 3820 1999 3852 suos
2022 3820 2257 3853 reversus
2274 3843 2288 3866 ,

1272 3883 1359 3933 illa
1381 3884 1751 3945 nihiiominus,
1775 3881 1829 3932 in
1853 3880 1981 3931 iram
2008 3894 2058 3931 et
2086 3882 2288 3933 rabiem

1274 3981 1424 4013 verso
1448 3980 1644 4024 amore,
1668 3973 1775 4012 tota
1800 3960 1854 4010 in
1877 3978 1938 4011 eo
1963 3972 2092 4023 erat,
2107 3971 2165 4011 ut
2185 3979 2291 4012 ma·

1273 4042 1349 4092 ria
1361 4053 1734 4111 prospectaret,
1752 4052 1801 4090 et
1817 4036 1956 4089 diras
1973 4040 2287 4109 imprecare-

1276 4133 1360 4171 tur
1378 4121 1602 4171 Theseo.
1625 4146 1644 4164 ι·
1674 4151 1750 4161 —-
1779 4120 1905 4188 Quae
1932 4131 2028 4170 mm
2056 4133 2289 4189 prospect.

1276 4198 1507 4250 Ariadne
1555 4200 1714 4269 igitur
1769 4218 1831 4249 eo
1894 4211 2027 4251 statu
2086 4198 2292 4271 depicta
