2986 4935
862 464 1297 530 CARMEN
1357 463 1560 530 LXV
1588 464 1639 527 Ι.

2152 461 2289 530 311

292 597 533 664 Vester
566 617 776 685 onyx,
813 607 991 670 casto
1028 593 1243 685 petitis
1276 616 1419 686 quae
1455 593 1601 684 jura
1638 591 1853 660 cubili.

397 699 525 769 Sed
559 723 705 793 quae
738 723 807 766 se
842 700 1103 791 impuro
1141 698 1319 767 dedit
1350 696 1671 766 adulterio
1696 750 1713 781 ‚

185 937 415 989 restituit
433 936 504 987 sic
522 953 534 987 :
562 960 582 982 ι
594 934 749 985 Nunc
764 952 875 998 vos,
889 946 1069 1003 optato
1087 952 1228 1015 (μω,

182 1014 363 1086 junxit
379 1015 579 1066 lumine
600 1011 732 1067 taeda
750 1013 871 1065 Non
885 1026 1000 1082 post
1018 1014 1203 1064 unani-

188 1096 290 1146 mis
305 1134 320 1158 ‚
348 1112 574 1163 corpora
588 1132 603 1157 ‚
628 1089 966 1161 conjugibus;
988 1090 1203 1145 Tradite

186 1172 453 1226 nudantes
467 1173 658 1243 rejecta
668 1184 806 1222 veste
827 1171 1063 1241 papillas,
1071 1171 1205 1235 Quae

187 1249 370 1323 (qnod
399 1264 566 1304 mutat
590 1250 815 1320 Scaliger
834 1251 890 1301 in
915 1270 1036 1321 qua,
1063 1263 1121 1302 ut
1141 1251 1205 1302 sit

188 1351 289 1401 pro
311 1327 397 1393 ue)
415 1328 650 1401 jucunda
676 1330 806 1381 mihi
836 1347 1053 1381 munera
1079 1328 1207 1381 libet

188 1430 336 1482 onyx
367 1428 381 1462 ε
404 1436 426 1456 ι
452 1410 605 1481 jungi
631 1421 803 1461 autem
830 1406 1021 1460 debent
1046 1409 1205 1460 verba

187 1489 263 1542 sic
286 1508 301 1542 ε
330 1506 507 1540 «nunc
522 1505 645 1552 vos,
667 1505 889 1557 corpora
903 1525 919 1550 ‚
938 1504 1055 1557 quae
1075 1486 1205 1539 teda

184 1568 366 1638 junxit
411 1567 612 1620 lumine
662 1579 841 1637 optato
896 1568 1207 1637 conjugibus

188 1667 298 1699 non
335 1658 455 1718 post
497 1646 789 1706 unanimis,
825 1644 1080 1697 nudantes
1110 1666 1205 1716 pa-

186 1727 347 1798 pillas
385 1727 577 1796 rejecta
618 1737 757 1777 veste
779 1764 794 1788 ‚
840 1722 1027 1776 tradite
1073 1725 1206 1777 mihi

186 1824 414 1858 munera
442 1802 675 1874 jucunda
696 1844 710 1868 ,
741 1821 857 1874 quae
889 1821 1032 1873 onyx
1069 1804 1206 1857 mihi

186 1884 353 1950 libet;
373 1910 393 1930 ι
433 1884 535 1936 hoc
557 1903 703 1935 sensu
726 1922 741 1945 ,
778 1910 799 1930 ι
814 1901 956 1934 nunc
986 1884 1170 1953 puellae
1186 1918 1201 1942 ‚

187 1982 307 2035 que
334 1962 583 2033 nupsistis
603 1960 807 2015 maritis
827 1960 972 2014 haud
998 1961 1051 2013 in
1079 1981 1204 2015 con·

187 2041 374 2095 cordia
409 2041 763 2114 permansuris
781 2081 795 2105 ,
835 2059 1002 2112 quum
1047 2040 1101 2092 in
1143 2061 1204 2093 eo

190 2122 311 2174 estis
326 2160 342 2186 ,
362 2133 420 2174 ut
439 2140 560 2173 cum
584 2120 688 2173 illis
702 2120 1086 2186 concumbatis,
1108 2134 1207 2173 tra·

190 2199 301 2254 dite
320 2199 457 2253 mihi
482 2217 699 2252 munera
717 2242 732 2263 ,
758 2217 947 2269 nempe
968 2219 1206 2268 unguen·

190 2294 237 2333 ta
263 2299 330 2332 ex
349 2279 560 2351 onyche
579 2277 907 2350 deprompta.
930 2310 1010 2319 —-
1031 2278 1204 2347 Secnti

188 2371 369 2411 autem
389 2371 510 2412 sunt
525 2357 842 2427 scaligerum
863 2356 1088 2409 editores
1113 2357 1204 2410 de-

190 2438 378 2510 inceps
415 2439 523 2492 fere
561 2456 758 2490 omues,
788 2434 1051 2507 Equidem
1080 2456 1205 2490 vero

190 2519 354 2589 hujus
389 2518 495 2570 loci
531 2516 957 2587 interpretatione
987 2517 1061 2569 nil
1094 2516 1207 2569 vidi

189 2596 429 2669 ineptius
442 2610 493 2649 et
508 2594 808 2648 absurdius:
827 2596 1015 2668 puellae
1034 2596 1208 2665 primo

188 2676 368 2729 statim
394 2672 516 2729 cum
534 2675 901 2735 novis‚maritis
923 2674 1205 2729 concubitu

192 2756 505 2810 muneribus
528 2754 733 2826 placare
759 2752 952 2807 debent
977 2756 1204 2806 futuram

193 2853 383 2894 eorum
413 2832 782 2906 perfidiamll!
808 2867 885 2876 —
917 2834 995 2886 De
1024 2833 1206 2885 lectio·

192 2933 262 2966 ne
305 2927 358 2966 et
407 2912 539 2966 mira
577 2928 823 2966 versuum
874 2913 1206 2984 sequentium

192 2992 544 3064 explicatione
556 2991 663 3045 vid„
693 2993 749 3043 V
742 3013 814 3045 ar.
840 2993 973 3045 Lect.
989 3026 1070 3035 —
1092 2993 1206 3044 Cte-

194 3071 324 3125 teris
351 3069 663 3125 lectionibus
685 3071 829 3124 haud
848 3071 1007 3124 dubie
1030 3072 1208 3142 praefe-

192 3149 363 3204 tenda
409 3164 485 3203 est
519 3163 693 3205 nostra
710 3190 725 3215 ‚
767 3170 927 3222 quam
967 3147 1210 3203 dedimus

193 3249 257 3282 ex
285 3227 437 3283 editt.
469 3228 691 3295 Mureti,
714 3229 924 3301 Gryph.
956 3229 1207 3283 Cantabr.

193 3311 375 3364 Graev.
412 3328 528 3381 quo
565 3328 773 3362 sensum
807 3310 928 3362 satis
972 3328 1207 3361 commo·

193 3387 330 3441 dum
356 3386 531 3441 fundit
558 3388 734 3441 hunc:
760 3414 782 3436 ι
805 3407 945 3441 nunc
962 3407 1085 3452 vos,
1111 3408 1208 3440 no·

191 3486 275 3521 voe
290 3481 492 3539 nuptm,
511 3486 578 3520 ne
597 3468 751 3539 prius
766 3466 974 3520 nudatae
984 3467 1210 3519 vestibus

193 3566 485 3618 corporum
518 3559 808 3600 vestrorum
841 3546 1046 3618 copiam
1078 3566 1207 3599 una-

191 3625 358 3679 nimis
380 3627 578 3680 maritis
606 3626 787 3692 facite,
809 3645 965 3698 quam
989 3645 1052 3679 ex
1077 3645 1208 3698 ony-

194 3705 300 3759 che
332 3704 571 3777 jucunda‘
605 3706 736 3757 mihi
768 3724 985 3763 munera
1013 3706 1208 3757 libave-

189 3785 327 3838 ritis.
353 3810 375 3830 ι
392 3782 588 3839 -Sed
609 3796 660 3836 et
686 3785 756 3837 sic
785 3782 851 3839 de
877 3786 980 3837 loci
1005 3785 1215 3854 integri-

189 3879 302 3918 tate
352 3863 506 3917 valde
553 3862 769 3928 dubim
812 3858 936 3915 nam
983 3864 1212 3934 primum

188 3943 459 3997 editiones
472 3942 844 4015 antiquissima
860 3956 911 3995 et
929 3943 1050 3996 libri
1065 3942 1210 3995 MSS.

188 4042 420 4079 omnes,
462 4036 584 4075 teste
625 4022 827 4075 Achille
866 4023 1028 4074 Statio
1051 4059 1066 4083 ‚
1118 4042 1212 4092 pro

190 4103 313 4155 ,Von
348 4105 487 4172 prius
524 4105 577 4156 in
620 4122 665 4156 v.
714 4104 780 4155 80
828 4102 1055 4155 offerunt
1103 4103 1212 4153 Non

1284 947 1414 1003 post,
1435 933 1579 1004 quod
1601 953 1631 986 a
1652 933 1881 985 librariis
1900 953 2020 986 cum
2042 934 2156 987 Non
2169 938 2305 1004 prius

1290 1013 1634 1066 commixtum
1658 1032 1763 1066 esse
1783 1014 1866 1064 vix
1886 1012 2067 1067 credas
2081 1033 2099 1079 ς
2115 1012 2306 1066 deinde

1291 1112 1352 1144 ex
1373 1111 1559 1144 norma
1583 1091 1836 1162 loquendi
1856 1091 2080 1146 debebat
2105 1111 2210 1145 esse
2230 1095 2307 1145 Ne

1284 1174 1423 1241 prius
1454 1201 1532 1214 --
1574 1169 1763 1225 traditi.
1810 1171 2055 1242 Denique
2105 1184 2308 1242 tempo·

1292 1270 1409 1303 rum
1442 1251 1739 1304 consecutio
1770 1252 1824 1321 in
1857 1270 1905 1303 v.
1947 1252 2017 1304 82
2062 1271 2164 1323 pro
2195 1252 2305 1303 libet

1291 1331 1585 1400 postulabat
1596 1331 1830 1383 libaverit.
1847 1363 1926 1372 -—
1939 1330 2077 1384 Mihi
2091 1329 2305 1402 quidem

1291 1409 1463 1461 omnis
1483 1409 1642 1481 hujus
1667 1411 1770 1463 loci
1789 1412 2056 1481 corruptio
2076 1429 2306 1462 manasse

1292 1486 1506 1541 videtur
1554 1508 1616 1541 ex
1667 1490 1827 1542 mixta
1869 1490 2125 1561 particula
2162 1490 2307 1542 Num:

1291 1585 1414 1620 cum
1442 1569 1559 1621 Non
1586 1569 1641 1620 in
1663 1588 1713 1620 v.
1749 1571 1821 1622 80
1849 1587 1863 1620 :
1894 1587 2115 1640 quarum
2145 1570 2306 1639 parti-

1291 1647 1528 1699 cularum
1550 1649 1855 1700 confusione
1874 1661 2156 1718 corruptus
2172 1668 2305 1718 quo-

1291 1745 1394 1796 que
1416 1739 1489 1778 est
1513 1746 1691 1779 versus
1717 1748 1744 1780 2
1761 1747 1779 1779 1
1809 1762 1825 1788 ,
1852 1728 1942 1779 ubi
1964 1726 2073 1780 vid.
2095 1741 2203 1779 not.
2228 1758 2306 1770 -—

1290 1806 1464 1858 Locus
1486 1806 1646 1876 igitur
1672 1806 1803 1859 mihi
1831 1804 2196 1859 rescribendus
2227 1808 2307 1858 vi-

1291 1883 1446 1937 detur
1468 1887 1539 1938 sic
1563 1903 1576 1937 :
1611 1913 1632 1933 ι
1656 1885 1813 1938 Nunc
1835 1904 1926 1937 vos
1942 1925 1956 1949 ,
1979 1899 2155 1956 optato
2181 1904 2309 1956 quas

1286 1964 1459 2035 junxit
1484 1964 1683 2017 lumine
1709 1963 1865 2027 taeda,
1891 1966 2036 2016 Nunc
2059 1978 2177 2035 post
2207 1962 2311 2027 (vel

1290 2034 1417 2109 vos)
1447 2043 1708 2095 unanimis
1738 2061 1965 2112 corpora
1996 2044 2309 2114 conjugibus

1290 2120 1534 2186 Tradite,
1561 2120 1817 2174 nudantes
1842 2124 2031 2192 rejecta
2054 2135 2195 2173 veste
2221 2142 2311 2192 pa·

1290 2201 1442 2271 pillas
1459 2239 1474 2264 ,
1492 2199 1576 2252 Sic
1591 2199 1823 2272 jucunda
1845 2200 1977 2252 mihi
2002 2219 2218 2252 munera
2242 2201 2308 2252 li-

1292 2282 1379 2332 bet
1399 2300 1542 2351 onyx
1558 2297 1571 2331 :
1586 2306 1606 2325 ι·
1624 2279 1768 2331 Nunc
1780 2292 1910 2349 post,
1934 2278 2162 2331 dominae
2180 2298 2306 2332 meae

1291 2359 1533 2430 exemplo
1551 2361 1605 2411 in
1621 2372 1888 2428 posterum
1909 2376 1924 2424 ς
1940 2359 2021 2411 vel
2031 2361 2310 2430 jungepost

1294 2432 1528 2490 meanir'nis
1551 2482 1564 2502 ,
1613 2439 1665 2490 in
1715 2438 2057 2493 unanimitate
2100 2451 2308 2510 postero

1293 2531 1530 2589 tempore
1577 2518 1948 2591 permansuris.
2000 2517 2101 2571 Cui
2149 2518 2307 2570 nimis

1291 2595 1537 2651 audacter
1579 2618 1610 2650 a
1655 2617 1739 2649 me
1779 2599 2066 2668 repositum
2097 2595 2306 2650 videtur

1293 2676 1374 2729 Sic
1403 2696 1502 2747 pro
1535 2677 1694 2745 Quam
1725 2678 1779 2728 in
1812 2698 1859 2730 v.
1891 2677 1960 2729 82
1982 2715 1997 2740 ‚
2027 2677 2114 2729 ille
2138 2689 2308 2729 servet

1294 2756 1559 2826 antiquam
1582 2758 1857 2808 lectionem
1881 2757 2021 2824 Quae.
2051 2754 2154 2809 Sed
2175 2758 2308 2808 mul·

1294 2848 1349 2886 to
1390 2835 1563 2905 aptior
1596 2849 1668 2887 est
1699 2835 1953 2906 particula
1981 2833 2094 2898 Sic,
2134 2819 2223 2895 (h.
2258 2855 2307 2888 e.

1296 2916 1384 2964 hac
1411 2912 1708 2977 conditione)
1741 2914 1825 2965 cui
1861 2914 2065 2983 egregie
2090 2933 2307 2984 respon-

1294 2991 1386 3046 det
1404 3014 1455 3046 ν.
1487 2996 1578 3062 87.
1607 3024 1684 3034 —·
1717 2991 1893 3063 Ort-7215,
1922 2992 2186 3045 vasculum
2207 3012 2306 3045 un-

1293 3073 1623 3143 guentarium
1656 3091 1719 3123 ex
1760 3071 1966 3139 onyche
1998 3071 2105 3123 sive
2132 3072 2305 3124 alaba-

1294 3150 1458 3203 strite.

1378 3231 1464 3285 83.
1496 3229 1666 3283 Colitis
1690 3250 1795 3302 quae
1808 3232 1925 3299 jura
1945 3227 2063 3282 Ald.
2093 3229 2302 3300 Gryph.

1296 3310 1487 3361 Muret.
1533 3340 1612 3350 ——-
1655 3310 1731 3361 Ex
1775 3313 1987 3380 quaeritis
2008 3351 2022 3371 ‚
2064 3308 2209 3381 quod
2256 3310 2307 3362 in

1296 3389 1441 3442 libris
1465 3387 1618 3443 MSS.
1647 3390 1914 3441 invenerat
1940 3389 2166 3442 Achilles
2194 3389 2307 3442 Sta-

1297 3469 1428 3533 tius,
1470 3468 1591 3521 fecit
1625 3469 1712 3520 ille
1749 3473 1945 3539 quantis
1968 3510 1981 3531 ,
2018 3482 2070 3522 et
2095 3468 2308 3521 Vossius

1297 3553 1467 3618 quoeris
1482 3569 1503 3610 ,·
1531 3548 1698 3599 male!
1720 3553 1882 3617 petitis
1910 3562 2072 3601 exstat
2098 3548 2153 3599 in
2181 3547 2306 3600 edit.

1297 3628 1544 3680 Parthen.
1578 3625 1893 3679 defendente
1930 3628 2210 3696 Scaligero.
2231 3660 2305 3668 —

1301 3706 1449 3759 Casto
1465 3710 1628 3777 petitis
1650 3709 1880 3776 qua-jura
1902 3706 2060 3758 cubili.
2081 3707 2180 3756 Per
2188 3708 2306 3775 jura

1301 3799 1439 3838 casto
1461 3785 1705 3857 conjugio
1728 3785 1982 3856 explenda
2001 3784 2230 3853 intellige
2235 3784 2308 3853 fi-

1303 3865 1433 3926 dem,
1477 3864 1870 3917 unanimitatem
1900 3878 1996 3916 etc.
2028 3896 2105 3905 —
2141 3864 2312 3915 Vester

1303 3964 1428 4015 onyx
1448 3983 1462 4004 ,
1487 3958 1619 3994 casto
1649 3956 1743 3995 etc.
1765 3943 1864 3995 Hic
1881 3961 2088 3995 sensus:
2114 3943 2306 4015 «Onyx

1304 4041 1518 4074 munera
1542 4023 1668 4075 mihi
1691 4022 1848 4083 libet,
1872 4017 1892 4083 (
1906 4034 1957 4071 a!
1979 4018 2118 4083 dico)
2143 4037 2308 4075 vester

1304 4121 1441 4170 onyx
1481 4092 1666 4167 (solum
1717 4098 1922 4161 vestr-i,)
1964 4120 2079 4170 quae
2113 4115 2306 4155 castum

1867 4196 2001 4276 20⁴
