2986 4935
714 561 804 602 22
1102 537 1235 600 DE
1294 538 1370 600 C.
1411 536 1886 602 VALERIO
1947 538 2440 604 CATULLO

1322 709 1509 776 Idem
1533 763 1552 793 ,
1593 709 1700 776 lib.
1739 714 1846 791 II,
1883 716 2092 803 engr.
2131 735 2246 802 7¹·

818 885 1117 952 Protinus
1162 900 1276 952 aut
1319 888 1518 952 Marsi
1555 889 1825 968 renium,
1870 902 1983 954 aut
2021 888 2262 979 scripta
2305 887 2573 955 Catulli.

1292 1078 1477 1144 Idem
1501 1131 1520 1161 ,
1561 1078 1668 1144 lib.
1704 1081 1822 1144 IV
1816 1132 1834 1161 ,
1878 1084 2084 1172 epigr.
2140 1083 2245 1162 ι4.

919 1257 1023 1323 Sic
1058 1256 1280 1322 forsan
1309 1270 1495 1322 tener
1526 1279 1719 1321 ausus
1750 1269 1850 1320 est
1890 1258 2196 1322 Catullus

840 1362 845 1367 ’
922 1362 1169 1452 Magno
1199 1362 1457 1427 mittere
1492 1365 1850 1427 Passerem
1887 1361 2166 1428 Maroni.

1356 1553 1544 1620 Idem
1566 1608 1582 1636 ,
1622 1555 1729 1621 lib.
1780 1558 1848 1619 V
1843 1608 1861 1640 ‚
1896 1562 2102 1648 epigr.
2149 1555 2211 1623 5.

820 1731 919 1797 Sit
945 1729 1128 1796 locus
1157 1744 1224 1795 et
1248 1732 1484 1795 nostris
1515 1728 1730 1821 aliqua
1763 1730 1878 1795 tibi
1912 1746 2095 1822 parte
2126 1728 2388 1814 libellis,

924 1835 1074 1921 Qua
1107 1835 1283 1901 Pedo
1304 1888 1321 1916 ‚
1350 1860 1476 1926 qua
1513 1837 1773 1903 Marsus
1794 1888 1811 1916 ‚
1852 1860 2107 1928 quaque
2147 1838 2452 1904 Catullus
2483 1839 2626 1904 erit.

1266 2028 1474 2109 Idem,
1520 2028 1626 2094 lib.
1683 2031 1752 2089 V
1746 2033 1844 2107 ll,
1890 2036 2095 2122 θριξὶν.
2149 2034 2255 2112 ι4.

822 2203 1078 2272 Accidit
1105 2202 1445 2269 infandum
1480 2216 1719 2269 nostrae
1754 2200 1997 2288 scelus,
2029 2204 2225 2286 Aule,
2271 2204 2500 2296 puellae
2529 2233 2543 2271 ;

931 2310 1163 2375 Amisit
1200 2307 1379 2376 lusus
1416 2307 1804 2399 deliciasque
1849 2334 2014 2375 suas,

826 2418 978 2483 Non
1016 2412 1238 2506 quales
1276 2416 1482 2482 teneri
1526 2413 1805 2506 ploravit
1834 2416 2042 2482 amica
2080 2418 2332 2484 Calullc‘

934 2520 1214 2600 Lesbia,
1259 2521 1560 2611 nequitiis
1606 2525 1915 2587 Passeris
1952 2521 2113 2588 orba
2152 2524 2271 2589 sui.

1266 2714 1492 2795 Idem,
1542 2713 1650 2780 lib.
1692 2716 1898 2795 Vm,
1936 2722 2146 2807 epigr.
2190 2715 2306 2808 73.

826 2897 1073 2964 Lesbia
1109 2897 1417 2982 dictavit,
1446 2897 1643 2964 docte.
1680 2899 1944 2964 Catulle
1965 2951 1982 2979 ,
2034 2899 2169 2965 tibi.

1314 3091 1527 3176 Idem,
1579 3090 1686 3158 lc'b.
1737 3095 1824 3174 X,
1873 3099 2079 3185 epigr.
2123 3093 2239 3184 78.

825 3275 963 3341 Nee
1007 3273 1250 3341 multos
1295 3275 1455 3341 mihi
1502 3274 1807 3367 praeferas
1843 3279 2135 3368 prioreS,

824 3384 979 3447 Uno
1011 3380 1122 3447 sed
1158 3380 1274 3447 tibi
1311 3381 1429 3447 sim
1474 3383 1691 3446 minor
1736 3383 2021 3450 Catullo,

1280 3573 1501 3659 Idem,
1541 3574 1649 3641 lib.
1684 3575 1830 3642 eod.
1865 3582 2070 3668 epcgr.
2125 3576 2282 3645 103.

823 3761 964 3826 Nec
1008 3783 1122 3825 sua
1168 3756 1314 3850 plus
1352 3756 1552 3825 debet
1587 3758 1765 3825 tenui
1796 3761 2062 3825 Verona
2114 3762 2401 3828 Catullo,

1280 3947 1498 4030 Idem,
1551 3946 1659 4014 lib.
1705 3951 1873 4031 XII,
1921 3954 2128 4043 epigr.
2173 3953 2291 4033 44.

823 4132 1061 4200 Lesbia
1100 4156 1247 4198 cum
1286 4146 1512 4199 tenero
1548 4145 1609 4199 te
1648 4147 1867 4224 posset
1904 4156 2124 4201 amare
2169 4135 2457 4203 Catullo,
