2986 4935
708 488 848 534 120

1224 466 1299 534 C.
1336 464 1777 532 VALERII
1834 463 2293 530 CATULLI

1211 621 1747 767 CARME'N
1825 676 2295 764 xxxvl.

1290 901 1371 947 m
1429 899 1807 947 ANNALES
1860 898 2160 945 votnm
2178 899 2223 943 1.

1010 1072 1343 1138 ANNALES
1380 1065 1650 1153 Volusi,
1691 1082 1917 1136 cacata
1954 1067 2224 1154 charta,

1010 1178 1259 1243 Votum
1305 1173 1536 1242 solvite
1576 1199 1700 1268 pro
1735 1197 1879 1241 mea
1922 1172 2181 1267 puella3

1007 1283 1182 1349 Nam
1229 1293 1468 1349 sanctae
1499 1281 1780 1360 Veneri,
1817 1279 2257 1373 Cupidinique

1013 1389 1254 1469 Vovit,
1291 1388 1343 1454 si
1377 1386 1497 1454 sibi
1536 1387 1874 1454 restitutus
1911 1411 2159 1470 essem,

1010 1494 1472 1586 Desissemque
1515 1507 1734 1561 truces
1765 1492 2024 1561 vibrare
2059 1493 2352 1575 iambos,
2508 1495 2511 1498 ’
2801 1527 2819 1561 s

917 1627 922 1633 ·
1009 1599 1417 1669 Electissima
1449 1601 1718 1693 pessimi
1752 1614 1961 1692 poetae

1012 1707 1271 1799 Scripta
1309 1704 1630 1799 tardipedi
1668 1707 1815 1774 Deo
1856 1705 2158 1774 daturam

776 1901 912 1951 Aac.
934 1897 1133 1972 Lepide
1150 1911 1202 1951 et
1217 1902 1393 1969 jocose
1411 1913 1537 1951 voto
1556 1917 1607 1951 se
1624 1900 1715 1952 ob-

698 1981 975 2034 strinxerat
1007 1979 1181 2051 puella
1212 1979 1408 2033 Catulli
1435 1978 1631 2031 Veneri
1662 1991 1714 2031 et

699 2059 985 2132 Cupidini,
1006 2079 1058 2112 se
1075 2099 1089 2123 ,
1113 2060 1331 2111 simulac
1351 2059 1590 2111 Catullus
1612 2058 1712 2110 sibi

699 2138 1064 2193 reconciliatus
1096 2138 1392 2191 iamborum
1430 2138 1533 2191 tela
1571 2139 1623 2190 in
1660 2159 1714 2192 se

695 2233 1044 2290 contorquere
1103 2217 1342 2278 desierit,
1409 2218 1714 2271 electissima

698 2300 906 2370 pessimi
947 2311 1114 2368 poetae
1144 2299 1374 2350 carmina
1405 2298 1461 2348 in
1491 2298 1713 2369 gratiam

698 2379 854 2450 huJus
884 2377 1322 2432 reconciliationis
1351 2376 1460 2445 igni
1492 2379 1713 2430 combu-

693 2458 857 2513 renda
875 2457 1185 2513 traditurum
1203 2476 1326 2511 esse.
1346 2457 1526 2522 Quum
1553 2457 1714 2527 igitur

694 2540 854 2609 liujus
877 2538 986 2590 voti
1006 2538 1261 2590 damnatae
1280 2540 1385 2608 jam
1411 2538 1710 2607 persolven-

697 2618 766 2672 da
802 2630 932 2669 esset
973 2618 1087 2669 haec
1131 2618 1245 2668 Diis
1282 2616 1528 2668 adstricta
1564 2617 1712 2682 fides,

697 2700 810 2769 ipse
848 2697 1086 2748 Catullus
1118 2697 1303 2769 puellae
1343 2696 1524 2766 pietati
1568 2698 1712 2748 satis·

698 2779 928 2831 facturus
956 2776 1083 2828 salse
1110 2789 1355 2847 tanquam
1383 2776 1585 2846 egregie
1608 2796 1712 2828 ma·

693 2859 806 2910 lum
848 2856 1088 2907 libellum
1130 2856 1183 2907 in
1222 2857 1312 2907 has
1352 2869 1527 2927 partes
1561 2870 1713 2909 vocat

696 2938 907 2989 annales
917 2936 1142 3000 Volusii,
1154 2938 1541 3006 Veneremque,
1567 2948 1624 2987 ut
1641 2937 1712 2987 sa·

698 3036 820 3069 vere
846 3016 973 3069 velit
1001 3015 1084 3066 his
1118 3035 1179 3067 ex
1207 3027 1331 3067 voto
1365 3016 1553 3085 puellae
1583 3035 1711 3067 con-

695 3094 993 3148 cremandis
1027 3095 1234 3165 pessimi
1272 3107 1434 3162 poetae
1470 3095 1712 3147 carmini-

695 3176 819 3240 bus,
842 3176 1061 3228 solemni
1086 3176 1223 3226 Deos
1243 3173 1542 3244 appellandi
1564 3193 1711 3226 more

703 3256 907 3307 invitat.

785 3353 832 3386 1.
863 3334 1048 3386 Annal.
1091 3334 1258 3384 Volus.
1281 3332 1554 3395 Volusius,
1590 3334 1707 3404 qui·

695 3433 904 3484 cunque
924 3411 1134 3465 tandem
1158 3413 1247 3465 ille
1272 3412 1428 3464 fuerit
1447 3425 1603 3464 aetate
1616 3414 1711 3465 Ca·

696 3493 811 3545 tulli
841 3494 976 3544 male
998 3492 1210 3544 feriatus
1233 3505 1413 3563 poeta,
1441 3491 1508 3543 ad
1533 3511 1706 3543 exem·

694 3574 843 3642 plum
883 3571 1042 3624 Ennii
1075 3572 1307 3624 carmine
1342 3585 1708 3642 composuerat

693 3652 935 3713 annales,
967 3650 1058 3704 sed
1087 3666 1192 3705 tam
1222 3651 1414 3705 infelici
1450 3648 1627 3703 studio
1655 3666 1707 3704 et

691 3731 826 3783 irato
860 3732 1124 3800 Apolline,
1157 3743 1214 3783 ut
1246 3731 1544 3800 turpiterse
1570 3728 1707 3782 dei-i·

690 3809 926 3862 dendum
967 3811 1276 3881 propinaret
1315 3812 1562 3863 omnibus
1595 3812 1703 3861 An-

692 3890 889 3941 nalium
927 3909 1141 3943 suorum
1181 3889 1478 3942 lectoribus.
1511 3891 1705 3943 Praeter

691 3970 958 4022 Catullum
984 3981 1441 4040 nen10‚quantum
1465 3970 1597 4031 scio,
1612 3989 1698 4022 ve·

691 4062 860 4100 terum
892 4051 1049 4119 hujus
1069 4048 1272 4101 Volusii
1310 4062 1477 4117 poetae
1509 4062 1558 4100 et
1593 4051 1702 4118 ejus

684 4129 970 4180 Annalium
1023 4130 1340 4180 mentionem
1387 4128 1587 4197 injicit,
1634 4129 1699 4180 de

1801 1894 1992 1965 quibus
2019 1896 2285 1949 verissime
2331 1895 2578 1950 cecinisse
2610 1897 2822 1951 videtur

1801 1975 1989 2028 Noster
2016 1976 2138 2029 infr.
2164 1977 2334 2043 XCV,
2363 1980 2426 2040 6,
2447 1997 2479 2047 7
2506 1995 2521 2029 :
2544 1977 2622 2029 Ae
2653 1980 2825 2030 Volusi

1799 2056 1995 2106 annales
2019 2047 2116 2073 ”³
2154 2057 2226 2108 Et
2262 2057 2400 2107 latas
2434 2057 2665 2110 scombris
2701 2079 2821 2129 sepe

1799 2135 1981 2186 clabum
2000 2139 2290 2189 eunicas.—
2303 2136 2487 2189 Caenea
2506 2138 2682 2189 charta
2701 2139 2758 2192 h.
2774 2157 2819 2190 e.

1798 2228 2142 2285 conspurcata
2183 2228 2236 2268 et
2274 2217 2630 2270 contaminata
2674 2217 2824 2271 malis

1797 2293 2062 2360 versibus,
2091 2314 2278 2367 parum
2307 2295 2552 2350 honeste!
2584 2317 2690 2354 nec
2721 2317 2823 2350 ma·

1799 2372 1875 2444 gis
1901 2375 2118 2428 honeste
2147 2375 2280 2428 mala
2303 2376 2538 2430 carmina
2563 2375 2820 2431 deser-ibit

1799 2453 2305 2521 Martial.X11,61‚
2340 2476 2422 2510 10.

1882 2536 1937 2600 3,
1960 2541 2011 2597 ti.
2037 2536 2230 2588 Sanceoe
2252 2537 2446 2587 Veneri.
2470 2536 2557 2590 Sic
2579 2537 2823 2591 infrave·

1799 2628 1949 2668 catur
1962 2617 2145 2668 Venus
2161 2630 2326 2667 sancta
2348 2618 2527 2671 Carm.
2541 2618 2823 2683 LXVIII,

1802 2695 1861 2754 5,
1912 2709 1965 2746 et
2008 2696 2116 2765 ipse
2158 2695 2368 2766 Cupido
2405 2709 2597 2749 sanctus
2640 2698 2819 2752 Carm-

1797 2774 1994 2838 LXIV,
2022 2776 2115 2843 95.
2148 2776 2231 2829 Cf.
2256 2776 2587 2830 Brouckhus.
2616 2776 2707 2831 ad.
2729 2778 2823 2829 Ti·

1795 2853 1925 2905 hull.
1953 2856 2053 2918 IV,
2083 2854 2171 2919 13,
2198 2855 2290 2908 23.
2317 2855 2490 2908 Sancte
2512 2857 2694 2910 Livin.
2715 2876 2824 2911 ma·

1796 2933 1875 2987 le!
1912 2935 2175 2987 Restitutus
2194 2978 2205 2997 ‚
2246 2936 2305 2987 h.
2343 2956 2389 2988 e.
2429 2937 2822 3001 reconciliatus,

1795 3012 2049 3068 redditus.
2076 3016 2160 3067 Cf.
2189 3016 2312 3068 infr.
2339 3017 2510 3080 CVII,
2536 3024 2587 3078 ά.

1880 3096 1929 3148 5.
1974 3096 2148 3147 Truces
2186 3097 2311 3148 vihr.
2353 3096 2496 3147 iamb.
2534 3097 2818 3167 Eleganter

1797 3175 1944 3227 iambi
1982 3173 2232 3229 dicuntur
2269 3178 2417 3231 tmoes
2435 3216 2450 3239 ,
2502 3176 2557 3228 h.
2604 3195 2655 3228 e.
2708 3190 2816 3230 ter·

1793 3255 1973 3306 ribiles
1992 3267 2044 3305 et
2064 3255 2308 3320 minaces,
2326 3256 2398 3307 ob
2422 3253 2719 3309 timendam
2736 3257 2817 3309 in·

1794 3333 1861 3385 de
1892 3336 2280 3388 contumeliam.
2319 3336 2700 3389 Conemliosos
2722 3357 2816 3390 vo·

1793 3426 1875 3466 cat
1898 3415 2029 3469 Hor.
2057 3414 2160 3468 Od.
2190 3418 2239 3477 1,
2278 3420 2366 3479 16,
2399 3436 2447 3469 α.
2477 3418 2557 3468 De
2579 3435 2816 3487 quorum

1794 3494 2083 3558 inventore,
2098 3495 2436 3565 Archilocho,
2454 3494 2687 3548 eundem
2704 3494 2815 3548 vid.

1792 3575 1905 3625 Art.
1932 3575 2075 3626 Poet.
2097 3594 2146 3626 v.
2171 3594 2259 3645 79.
2283 3575 2479 3627 lambis
2498 3589 2681 3629 autem
2700 3578 2816 3647 ple-

1792 3671 2015 3723 rumque
2041 3652 2291 3725 deinceps
2315 3655 2598 3727 scriptores
2630 3654 2702 3708 nd
2736 3676 2816 3709 sa·

1793 3733 1916 3783 tiras
1946 3728 2346 3787 conscribendas
2376 3735 2454 3786 usi
2485 3746 2643 3799 sunt;
2683 3734 2817 3789 hinc

1790 3810 2028 3879 ἰαμὸίζειν
2062 3812 2204 3884 apud
2240 3814 2455 3867 Graecos
2486 3814 2623 3868 nihil
2659 3815 2814 3867 aliud

1789 3892 2003 3955 est,nisi
2032 3894 2208 3945 satiras
2234 3893 2580 3946 conscribere.
2600 3895 2818 3946 Vibo-am

1788 3973 1966 4023 iambos
1999 3985 2246 4044 tanquam
2281 3973 2381 4025 tela
2406 3987 2692 4040 venenata,
2722 3996 2814 4028 ex·

1735 4051 1978 4128 ‘quisite
2013 4071 2110 4121 pro
2140 4053 2340 4122 vulgari
2374 4053 2590 4105 scribere.

1874 4151 1927 4200 7.
1972 4132 2236 4201 Tardipedi
2260 4133 2348 4184 deo
2364 4173 2380 4197 ,
2404 4132 2681 4199 Vulcano,
2710 4154 2815 4206 pm
2919 4173 2937 4193 ,
