2986 4935
917 491 1355 560 CARMEN
1412 491 1585 557 LII.

2174 487 2314 561 155

512 624 638 690 Per
675 621 1087 692 consulatum
1130 623 1378 716 pejerat
1406 622 1730 690 Vatinius.

513 728 691 816 Quid
737 743 871 812 est,
906 728 1195 812 Catulle,
1235 729 1393 824 quid
1440 729 1716 796 moraris
1755 726 2002 796 emori?

195 945 314 981 cum
333 945 386 979 v.
414 929 468 980 6.
495 927 670 982 Carm.
695 927 978 981 XXXVII.
1006 930 1212 983 Vitium

196 1020 268 1061 eet
282 1026 519 1079 quarere
536 1022 589 1061 et
600 1009 893 1079 excogitare
912 1009 1214 1063 subtiliores

196 1087 249 1140 in
286 1088 497 1159 scriptis
528 1101 767 1141 veterum
807 1088 1214 1160 interpretandis

195 1167 414 1239 lepores.
444 1168 514 1220 N.

259 1245 313 1300 3.
325 1248 578 1312 Vatinius,
590 1246 682 1317 qui
695 1247 794 1300 fuit
809 1248 989 1300 consul
1005 1267 1126 1300 cum
1141 1249 1211 1314 Q.

198 1325 351 1379 Fusio
379 1328 585 1382 Caleno
609 1345 749 1379 anno
773 1328 841 1381 U.
866 1333 923 1381 C.
945 1328 1213 1390 DCCVII.

196 1407 276 1460 Cf.
287 1425 404 1477 ευρ.
421 1405 494 1459 ad
504 1406 682 1461 Carm-
695 1407 1123 1475 XIV.—Pejerat
1130 1428 1219 1478 per

195 1487 492 1538 consulatum
507 1506 529 1547 ,·
548 1489 727 1557 jurare
753 1487 893 1538 enim
931 1506 1027 1558 per
1058 1488 1216 1540 caris·

195 1564 321 1618 tima
346 1584 580 1637 qumque
603 1566 867 1637 precipue
891 1581 1217 1620 sacrosancta

195 1646 428 1699 solebant
447 1666 470 1712 ς
487 1664 552 1698 eo
574 1648 781 1716 gravius
802 1647 960 1717 igitur
973 1648 1218 1700 commis·

195 1743 305 1778 mm
320 1744 491 1797 peren
503 1726 602 1778 fuit
617 1727 1078 1797 perjurium.—Et
1089 1729 1219 1779 Vul-

195 1806 310 1874 pius
335 1805 404 1859 ad
439 1804 863 1859 confirmandam
904 1826 1019 1858 eam
1056 1807 1217 1859 inter-

197 1886 547 1954 pretationem
568 1886 679 1938 haec
696 1900 924 1938 enarrat:
945 1913 965 1931 ι
979 1887 1066 1937 Sic
1077 1885 1218 1956 apud

201 1964 517 2036 Eupolidem
547 1965 806 2017 comicum
835 1969 973 2036 jurat
998 1965 1215 2036 quidam

199 2041 522 2106 (Miltiades,
537 2058 596 2097 ut
617 2036 770 2113 puto)
795 2064 888 2115 per
911 2065 1062 2096 suum
1081 2064 1215 2117 prae·

197 2123 322 2176 lium
372 2122 442 2175 ad
491 2124 821 2176 Marathona.
867 2124 992 2194 Ejus
1049 2138 1217 2194 poetae

198 2202 484 2256 versiculos
513 2204 697 2254 recitat
726 2204 995 2272 Longinus
1018 2242 1032 2267 ‚
1079 2205 1215 2255 Sect.

205 2286 269 2336 16
291 2285 400 2351 περὶ
425 2283 596 2352 ὕψους.
623 2284 700 2333 Ita
733 2281 892 2334 Ovid.
916 2283 970 2334 iu
993 2281 1213 2335 Remed.

1303 934 1419 982 Am.
1441 950 1490 982 v.
1519 929 1630 998 783
1655 951 1667 979 ε
1696 953 1716 972 ι
1737 929 1874 982 Nam
1890 928 1989 981 sihi
2014 927 2159 1000 quod
2184 949 2323 983 nun-

1301 1028 1458 1080 quam
1502 1022 1692 1062 tactam
1748 1006 1981 1062 Briseida
2036 1010 2173 1079 jurat
2220 1009 2323 1063 Per

1301 1102 1598 1159 sceptrum;
1629 1100 1895 1160 sceptrum
1913 1107 2022 1140 non
2044 1100 2194 1160 putat
2215 1106 2324 1142 esse

1302 1170 1458 1221 Deos.
1483 1195 1505 1214 n
1542 1167 1666 1222 Haec
1701 1169 1807 1222 ille.
1835 1165 1937 1221 Sed
1976 1169 2122 1221 locus
2153 1180 2328 1239 potest
2418 1225 2429 1236 ,

1302 1249 1405 1300 alio
1451 1246 1614 1300 modo
1656 1248 1869 1319 exponi.
1910 1249 2161 1301 Ineuntes
2201 1266 2326 1300 con-

1301 1330 1527 1381 sulatum
1555 1341 1880 1380 sacramento
1912 1347 1966 1380 se
1993 1328 2328 1398 obstringere

1303 1408 1538 1461 solebant
1573 1427 1627 1459 se
1670 1427 1776 1459 non
1817 1406 2109 1480 quidquam
2149 1407 2253 1460 nisi
2291 1426 2323 1459 e

1303 1487 1602 1560 republica,
1638 1501 1688 1539 et
1719 1486 1853 1540 nihil
1897 1500 2081 1540 contra
2110 1505 2326 1557 rempu-

1305 1570 1498 1621 blicam
1554 1568 1802 1621 facturos.
1854 1569 2036 1638 Itaque
2079 1567 2326 1620 Vatinius

1305 1649 1441 1699 inter
1472 1648 1743 1717 improbos
1777 1647 2124 1717 nequissimus
2147 1683 2163 1709 ‚
2194 1644 2324 1697 dum

1305 1746 1360 1779 se
1381 1725 1663 1779 commodo
1678 1727 1916 1778 omnium
1938 1745 2045 1777 esse
2063 1727 2329 1778 consultu·

1306 1826 1423 1858 rum
1455 1806 1813 1876 polliceretur,
1838 1804 2079 1857 dolosum
2110 1806 2326 1857 falsum·

1306 1905 1411 1956 que
1434 1887 1789 1954 juramentum
1819 1886 2052 1954 cogitans
2080 1899 2130 1936 et
2161 1885 2330 1936 sciens

1307 1965 1543 2035 praebeba
1552 1978 1586 2028 t,
1603 1965 2038 2034 consulatumque
2057 1964 2329 2035 polluebat

1304 2045 1570 2115 impietate
1592 2043 1867 2095 mendacii.
1893 2044 2135 2113 Namque
2160 2056 2216 2094 ut
2237 2041 2326 2094 da-

1304 2137 1410 2175 tam
1444 2124 1621 2174 fallere
1647 2122 1806 2173 fidem
1825 2161 1839 2185 ‚
1869 2123 1939 2174 sic
1968 2122 2093 2174 dare
2124 2120 2287 2173 fidem
2310 2160 2325 2184 ,

1304 2222 1463 2273 quam
1520 2215 1763 2271 praestare
1809 2202 1983 2264 nolis,
2035 2201 2328 2273 perjurium

1307 2295 1401 2334 est.
1438 2282 1505 2333 N.

809 2494 1360 2584 CARMEN
1452 2482 1721 2584 LIII.

733 2731 833 2777 DE
901 2731 1274 2790 QUODAM
1347 2734 1446 2776 ET
1515 2733 1797 2779 cALvo.

518 2921 666 2986 R1s1
713 2921 928 2987 nescio
970 2944 1163 3012 quein
1209 2919 1406 2987 modo
1451 2923 1517 2986 in
1562 2947 1843 3001 corona,

518 3026 690 3111 Qui,
727 3050 929 3117 quum
972 3025 1244 3093 mirifice
1284 3028 1627 3093 Vatiniana

519 3133 705 3197 Meus
749 3133 1023 3199 crimina
1062 3130 1306 3200 Calvus
1342 3130 1761 3225 explicasset,

521 3235 868 3304 Admirans
899 3238 988 3304 ait
1019 3238 1196 3321 ham,
1236 3262 1600 3330 manusque
1643 3239 1917 3323 tollens;

274 3425 415 3474 Aac.
472 3419 701 3473 uidendi
747 3439 950 3472 causam
1000 3420 1215 3475 dederat

198 3501 410 3555 Catullo
428 3498 649 3570 quidam
668 3520 728 3552 ex
747 3502 967 3571 populo,
990 3503 1078 3572 qui
1104 3503 1216 3555 Cal-

202 3599 352 3644 vum,
384 3579 568 3631 audita
600 3583 713 3649 ejus
748 3582 910 3633 multa
939 3583 990 3633 vi
1023 3594 1074 3632 et
1107 3596 1217 3633 arte

203 3659 252 3709 in
278 3659 485 3712 Vatinii
513 3660 735 3711 crimina
759 3661 936 3712 habita
964 3662 1216 3723 oratione,

199 3738 426 3791 diser-tm
449 3738 753 3807 Salaputium
777 3751 1003 3792 vocarat.

280 3836 330 3871 ι.
357 3820 412 3870 Ε
435 3838 612 3869 mmm
634 3819 787 3870 affert
813 3819 1069 3888 Meleager
1095 3837 1123 3869 e
1154 3820 1215 3870 li·

200 3896 298 3949 bro
321 3897 607 3951 Comelini.
633 3915 794 3968 quam
815 3898 1093 3952 confirmat
1121 3899 1218 3950 Pa-

200 3994 316 4047 pyr.
341 3977 456 4029 Pal.
475 3988 526 4027 et
544 3976 666 4028 libri
689 3975 899 4028 editoris
916 3977 1216 4048 Cantabrig.

200 4056 286 4105 cui
304 4056 443 4108 favet
462 4057 618 4108 etiam
643 4053 780 4107 Edit.
807 4058 864 4107 R.
880 4056 1218 4126 antiquissim.

202 4135 292 4186 ubi
331 4147 412 4187 est
439 4153 451 4185 :
482 4147 530 4185 ee
549 4177 560 4197 ,
606 4154 794 4185 corona.
821 4169 898 4178 —
927 4136 1115 4187 Corona
1145 4148 1221 4187 est

1215 4210 1232 4231 Ν

1305 3424 1533 3476 circulus
1553 3424 1849 3488 hominum,
1868 3427 1960 3496 qui
1984 3423 2247 3495 judicium
2272 3427 2325 3478 in

1306 3504 1421 3554 foro
1468 3502 1715 3554 audiendi
1763 3525 1914 3557 causa
1963 3508 2028 3558 ab
2080 3507 2327 3558 omuibus

1304 3583 1541 3650 partibus
1561 3582 1792 3652 cingunt.
1812 3617 1892 3628 -—
1908 3587 2059 3636 -Non
2080 3587 2219 3637 enim
2235 3605 2324 3637 co·

1305 3680 1431 3712 rona
1473 3682 1743 3714 consessus
1782 3678 1948 3716 vester
1985 3667 2183 3716 cinctus
2230 3679 2325 3729 est,

1310 3754 1367 3792 ut
1396 3741 1593 3793 solebat
1621 3768 1667 3805 a,
1696 3743 1806 3794 Cic.
1834 3763 1930 3812 pro
1955 3745 2069 3795 Mil.
2097 3747 2139 3795 1.
2167 3746 2231 3795 N.

1389 3819 1438 3871 3.
1482 3822 1674 3872 Calvus.
1721 3823 1798 3872 De
1832 3824 1992 3875 Calvo
2032 3836 2083 3874 et
2109 3824 2333 3875 Vatinio

1307 3898 1374 3948 cf.
1407 3897 1473 3951 ad
1506 3900 1679 3952 Carm.
1710 3901 1859 3952 XIV.

1391 3985 1442 4040 4.
1480 3980 1745 4050 Μαηιιξςςιιε
1779 3982 1977 4042 tollens,
2011 3984 2173 4049 χιῖρας
2207 3981 2328 4033 ἀνα·

1311 4064 1561 4127 σχόμενος.
1584 4059 1787 4111 Morem
1801 4073 2054 4122 veterum,
2068 4080 2324 4114 summam

1309 4137 1524 4190 sublatis
1554 4141 1791 4191 inanibus
1814 4137 2213 4193 admirationem
2237 4160 2328 4192 ex-
