2986 4935
821 485 1265 552 CARMEN
1323 487 1618 553 LXIII.

2141 487 2287 558 213

253 618 492 708 Itaque
529 629 608 683 ut
643 614 867 684 relicta
905 619 1106 684 sensit
1146 617 1269 685 sibi
1310 617 1607 685 membra
1653 619 1793 686 sine
1839 618 2016 704 viro;

256 726 346 790 Et
378 721 517 813 jam
566 736 830 789 recente
874 735 1064 791 terroe
1100 722 1238 790 sola
1285 725 1603 817 sanguine
1646 723 2024 807 maculam,

255 829 490 897 Niveis
527 829 726 895 citata
767 829 940 921 cepit
975 829 1276 896 manibus
1314 827 1456 896 leve
1495 842 1920 923 tympanum,

253 936 711 1028 Tympanum,
739 935 1002 1020 tubam,
1034 934 1333 1028 Cybelle,
1375 950 1488 1004 tua
1512 990 1530 1019 ‚
1571 949 1812 1020 mater,
1849 939 2062 1022 initia3

144 1118 355 1168 Doctus
392 1116 448 1168 in
481 1117 778 1170 Observntt.
813 1118 1034 1170 Miscell.
1059 1136 1177 1188 quae

144 1215 279 1249 cura
306 1196 552 1250 Dorviuii
576 1194 918 1267 prodierunt,
940 1198 1096 1249 Tom.
1121 1199 1177 1261 1,

147 1275 278 1327 vol.
301 1276 358 1328 11
374 1315 389 1338 ‚
408 1295 463 1346 p.
490 1273 556 1328 32
570 1277 621 1340 5,
641 1276 734 1329 ubi
755 1288 927 1329 totum
946 1277 1049 1329 hoc
1070 1295 1180 1329 car·

148 1373 276 1408 men
302 1354 603 1408 exhibitum
636 1368 686 1408 et
711 1355 849 1409 notis
874 1356 1072 1408 criticis
1101 1356 1177 1407 in·

145 1447 411 1488 metum
430 1448 527 1500 est,
547 1436 766 1507 propius
781 1434 1035 1488 accedens
1052 1436 1180 1487 Vos·

145 1514 228 1567 sio
243 1553 262 1580 ,
297 1511 585 1585 legendum
625 1528 774 1585 putat
816 1515 1021 1566 devolvit
1055 1515 1177 1565 lecta

146 1607 295 1646 actaea
319 1635 336 1657 ,
379 1608 437 1648 ut
474 1595 660 1665 legerit
695 1595 891 1648 silicem
925 1608 1134 1646 acutum
1159 1632 1175 1656 ‚

146 1693 259 1745 quo
279 1692 418 1745 opus
445 1673 548 1727 hoc
576 1687 865 1745 perageret.
889 1707 970 1717 —
999 1676 1174 1725 Devol-

148 1760 216 1805 vit
248 1753 338 1807 ille
369 1767 515 1805 acuto
542 1754 720 1807 (ἂι-ων.
751 1787 834 1796 -
862 1754 944 1808 Cf.
976 1752 1043 1807 de
1075 1753 1178 1806 hoc

145 1835 271 1886 loco
297 1833 510 1887 Victor.
548 1835 676 1886 Var.
715 1835 863 1886 Lect.
902 1835 1036 1898 XX,
1089 1851 1173 1885 10.

145 1913 351 1966 Textus
374 1913 542 1967 nostri
565 1913 721 1967 lectio
743 1925 818 1965 est
843 1932 908 1966 ex
930 1910 1176 1965 emenda-

80 2033 90 2042 .
147 1994 296 2046 tione
316 1993 586 2065 Scaligeri.
603 2025 680 2035 —-
696 1992 935 2045 Devolvit.
963 1994 1181 2062 Elegan-

147 2087 229 2126 ter
260 2092 367 2144 pro
406 2099 429 2121 ι
451 2070 670 2126 demetit
695 2086 747 2125 et
776 2073 968 2145 abjicit.
997 2099 1018 2118 ι
1056 2068 1179 2124 Pro·

146 2153 270 2223 prie
309 2152 458 2206 enim
489 2151 700 2205 devolvi
726 2152 977 2205 dicuntur
1001 2151 1180 2221 ponde·

146 2252 225 2296 m,
257 2233 478 2304 quibus,
501 2232 651 2304 quasi
676 2232 801 2285 viris
824 2232 1028 2284 molesti
1055 2232 1176 2295 sint,

142 2332 173 2364 a
215 2312 397 2383 poetis
438 2311 757 2365 denotantur
801 2311 1024 2364 testiculi
1045 2333 1059 2372 ;
1110 2309 1178 2362 de

143 2410 256 2463 quo
283 2390 547 2463 loquendi
570 2409 762 2460 genere
785 2389 892 2444 vid.
919 2392 1178 2460 Interpre-

143 2487 223 2526 ια
249 2471 322 2525 td
354 2472 569 2525 Petron.
604 2490 651 2526 c.
691 2491 785 2540 9²·
815 2472 940 2524 Haec
961 2472 1177 2541 pondera

140 2565 328 2605 autem
353 2569 427 2603 ex
447 2550 693 2621 Scaliger-i
718 2551 1177 2623 interpretatione,

142 2629 379 2703 pudoris
399 2650 556 2685 musa
572 2633 679 2702 jam
696 2644 950 2685 vocantur
967 2631 1068 2682 illa.
1083 2656 1103 2676 ι
1116 2631 1178 2681 In

143 2713 310 2765 rebus
327 2711 478 2763 enim
494 2751 510 2775 ,
522 2711 694 2783 inquit
707 2710 918 2764 doctiss.
936 2710 1033 2770 vir,
1052 2728 1181 2781 quas

145 2792 437 2844 nominare
459 2787 635 2863 pudor
657 2810 764 2843 non
791 2790 995 2842 sinebat
1009 2828 1026 2853 ,
1050 2807 1181 2840 sem-

145 2889 243 2942 per
262 2871 374 2923 hoc
394 2870 710 2941 pnonomine
729 2872 809 2922 ille
823 2869 1108 2922 utebantur
1123 2907 1137 2932 ,
1150 2894 1170 2914 ι

146 2964 204 3004 ιιι
257 2969 424 3021 supra
468 2950 604 3001 vm
632 2988 647 3013 ,
695 2953 728 3001 6
753 2991 767 3015 ‚
819 2964 870 3002 et
930 2948 1180 3018 inprimis

145 3030 402 3094 LXVII,
433 3048 526 3098 ²7·
558 3027 823 3099 Equidem
857 3030 910 3080 in
940 3040 1177 3079 contem·

142 3122 313 3178 ptum
341 3109 523 3180 potins
547 3109 634 3159 itta
657 3107 762 3161 dici
790 3122 920 3179 puto
940 3108 1176 3176 pondera,

142 3190 253 3242 hoc
280 3207 441 3242 senen
463 3206 478 3238 t
511 3187 598 3239 illa
627 3200 735 3240 tam
758 3188 881 3239 vilia
907 3188 1143 3240 membra
1162 3222 1178 3246 ‚

142 3286 270 3341 quae
304 3268 458 3320 oneri
489 3268 599 3320 visa
629 3279 750 3320 sunt
781 3268 965 3319 Attini.
1007 3265 1073 3318 Et
1108 3266 1181 3317 sic

140 3347 347 3403 eodem
375 3344 541 3400 modo
571 3347 762 3401 exsecti
789 3344 1012 3399 testiculi
1039 3343 1182 3415 apud

140 3427 358 3482 Tibull.
409 3427 467 3491 1,
513 3432 544 3489 4
563 3466 580 3490 ,
621 3445 692 3495 7⁰
709 3465 723 3489 ‚
766 3439 1019 3479 vocantur
1059 3424 1183 3475 vilia

142 3507 365 3560 menbra
383 3547 403 3570 ,
432 3506 526 3558 ubi
548 3505 702 3577 plura
731 3507 968 3578 exempla
995 3501 1063 3556 de
1083 3504 1183 3557 hac

139 3586 427 3641 locutione
448 3586 662 3656 collegit
689 3591 879 3658 Heyne.
908 3616 987 3628 --
1016 3587 1179 3637 Acuta

142 3669 288 3720 silice
303 3704 322 3729 ‚
353 3666 572 3719 cultello
603 3663 835 3736 lapideo.
863 3665 1045 3719 Saxum
1072 3684 1183 3715 acu·

141 3761 248 3801 tum
282 3745 357 3800 de
389 3744 577 3798 eadem
613 3762 671 3797 re
705 3758 758 3796 et
785 3744 974 3798 eodem
1001 3757 1181 3796 nostro

137 3828 334 3881 Attine
373 3822 517 3879 dixit
550 3822 710 3878 ovid.
754 3824 889 3878 Fast.
918 3826 1015 3883 IV,
1052 3823 1180 3893 ²37·

143 3907 231 3961 cf.
267 3906 442 3976 Vulp.

1266 1137 1335 1171 ne
1366 1137 1427 1170 ea
1458 1132 1639 1190 parte,
1666 1137 1770 1190 qua
1801 1120 1908 1176 viri
1935 1137 2131 1173 snmus,
2164 1121 2289 1173 Eoi·

1267 1203 1411 1249 mstis
1439 1198 1533 1251 inf.
1560 1218 1611 1251 v.
1648 1217 1734 1268 ¹7·

1348 1297 1402 1348 7.
1442 1278 1612 1330 Etiam
1648 1277 1856 1350 Gryph.
1891 1278 2084 1333 Mutet.
2113 1278 2289 1333 Groev.

1265 1388 1344 1400 -
1378 1358 1540 1409 Terroe
1563 1358 1667 1409 sola
1695 1357 1949 1429 exquisite
1970 1378 2073 1429 pro
2093 1372 2287 1421 terram,

1264 1456 1367 1508 qua
1408 1438 1638 1506 pleniori
1681 1438 1948 1491 locutione
1993 1456 2130 1509 sape
2170 1453 2294 1491 usus

1263 1528 1339 1569 est
1365 1518 1656 1570 Lucretius.

1347 1599 1398 1650 8.
1429 1596 1627 1660 Citam,
1661 1596 1862 1668 impetu
1887 1595 2120 1667 quodam
2144 1598 2294 1650 abre·

1264 1691 1356 1747 pta
1371 1716 1385 1741 ,
1405 1677 1663 1729 celeriter.
1685 1675 1813 1728 Vim
1834 1677 1979 1728 vocis
2001 1680 2178 1728 citatus
2198 1675 2292 1730 do-

1263 1767 1346 1808 cet
1375 1754 1614 1828 ejusdem
1639 1756 1826 1826 saepiue
1850 1755 1907 1809 in
1933 1755 2038 1810 hoc
2059 1756 2293 1810 carmine

1262 1837 1518 1905 repetitus
1552 1854 1711 1901 usus;
1739 1837 1809 1889 cf.
1846 1834 1912 1887 ad
1937 1854 2069 1890 vers.
2108 1856 2157 1889 ι.
2194 1836 2292 1889 Fa-

1264 1927 1377 1967 cete
1401 1928 1578 1967 autem
1610 1934 1753 1968 nunc
1779 1933 1943 1985 genus
1968 1926 2137 1968 mutat
2161 1916 2291 1968 Poe·

1263 2006 1313 2046 ta
1337 2034 1352 2059 ,
1394 2006 1447 2047 et
1480 1993 1550 2047 de
1580 1995 1779 2048 evirato
1821 1995 2004 2048 Attine
2038 2007 2289 2066 tanquam

1264 2072 1332 2125 de
1363 2074 1579 2126 foemina
1606 2073 1750 2144 loqui
1778 2073 1984 2144 incipit.
2018 2107 2099 2117 -—
2121 2075 2288 2128 Niveis

1265 2154 1480 2204 manibus
1520 2152 1575 2205 h.
1620 2172 1665 2205 e.
1712 2152 1968 2224 pulchris.
2017 2186 2099 2196 --
2141 2154 2293 2205 Breve

1265 2234 1498 2284 crotalum
1520 2252 1617 2302 pro
1641 2233 1736 2285 leve
1757 2244 2030 2302 tympanum
2050 2232 2182 2286 alios
2201 2233 2294 2285 ha·

1264 2313 1389 2365 bere
1409 2324 1627 2365 testatur
1645 2313 1840 2365 Muret.
1863 2343 1943 2354 -—
1959 2314 2083 2365 Leve
2108 2326 2295 2384 tympa-

1265 2411 1375 2443 num
1387 2412 1408 2455 ,·
1427 2394 1653 2444 formam
1676 2391 1918 2463 tympani
1939 2392 2153 2445 exhibet
2172 2391 2293 2464 Spo-

1265 2474 1371 2524 m‘us
1396 2473 1605 2526 Miscell.
1624 2472 1756 2526 erud.
1784 2476 1939 2544 antiq.
1966 2474 2085 2528 Sect
2109 2474 2134 2523 1
2150 2512 2166 2537 ‚
2187 2486 2286 2526 art.

1269 2556 1321 2605 6.
1364 2552 1616 2624 Inprimis
1664 2551 1734 2605 de
1771 2555 1984 2625 (γηψαηὶ
2028 2554 2196 2606 forma
2238 2569 2293 2606 et

1265 2634 1377 2701 ejus
1419 2633 1472 2683 in
1512 2633 1671 2684 sacris
1712 2649 1810 2684 usu
1853 2632 1965 2685 fuse
1995 2646 2049 2685 et
2084 2633 2289 2685 erudite

1264 2710 1495 2782 disputat
1530 2712 1813 2763 Perizonius
1850 2710 1916 2763 ad
1954 2713 2148 2765 AElian.
2182 2715 2290 2774 xl,

1266 2808 1315 2843 c.
1341 2793 1392 2842 8.
1421 2789 1575 2842 Adde
1602 2791 1781 2845 Christ.
1813 2790 1972 2846 θοαί.
2002 2792 2294 2845 Sclzwarezie'

1265 2870 1487 2922 Miscell.
1519 2871 1662 2940 polit.
1685 2871 1900 2923 human.
1927 2891 1977 2942 p.
2003 2875 2075 2927 86
2100 2884 2152 2922 et
2187 2892 2207 2926 ι
2225 2880 2287 2930 πά

1266 2967 1406 3021 seqq.
1423 2982 1504 2991 -
1519 2950 1749 3002 Primam
1773 2949 1828 3002 in
1848 2968 1976 3002 voce
1993 2964 2284 3020 tympanum,

1266 3029 1388 3080 elisa
1423 3028 1572 3080 litem
1599 3048 1644 3079 m
1660 3070 1675 3094 ,
1704 3042 1760 3082 ut
1782 3047 2128 3082 numerorum
2153 3033 2288 3083 ratio

1267 3122 1487 3171 constet,
1513 3127 1541 3159 a
1561 3122 1714 3179 poeta
1734 3108 1950 3179 corripi,
1970 3110 2290 3181 precipiunt

1267 3185 1331 3240 nd
1361 3188 1504 3240 hunc
1533 3188 1713 3239 locum
1743 3188 2079 3260 Interpretec.

1351 3288 1405 3336 9.
1431 3269 1552 3320 Leve
1576 3280 1845 3339 tympanum
1870 3286 1935 3321 ex
1961 3288 2115 3323 versu
2140 3288 2292 3341 supe-

1269 3347 1399 3399 riori
1437 3349 1626 3417 repetit
1661 3347 1916 3400 Muretus.
1952 3379 2034 3394 —-
2078 3350 2292 3421 Tympa-

1270 3445 1380 3478 num
1396 3467 1410 3489 ‚
1452 3427 1612 3478 tubam
1658 3427 1875 3500 Cybelles
1889 3469 1905 3491 ‚
1938 3429 2174 3482 Vossius,
2215 3462 2293 3474 -—-

1273 3506 1528 3577 Vulpius‚
1546 3507 1887 3561 Werthesius
1909 3520 1960 3560 et
1983 3510 2158 3561 caeteri
2199 3513 2294 3581 qui

1272 3586 1518 3639 vossium
1552 3600 1843 3657 sequuntur
1868 3587 2048 3658 legunt
2087 3591 2296 3660 Tympa-

1267 3685 1379 3718 num
1426 3665 1585 3716 tubam
1634 3665 1851 3738 Cybelles
1870 3703 1886 3730 ,
1945 3668 2049 3719 hoe
2110 3686 2295 3721 sensu:

1278 3773 1300 3794 ι
1321 3759 1633 3818 tympanum
1665 3745 1950 3811 nimirum,
1983 3746 2128 3818 quod
2160 3751 2297 3801 tubae

1270 3825 1388 3878 loco
1429 3826 1484 3877 in
1529 3826 1754 3895 Cybeles
1793 3827 1947 3877 sacris
1985 3840 2294 3896 usurpatum

1274 3918 1346 3957 est
1362 3924 1410 3969 ;-
1437 3925 1555 3976 quae
1572 3904 1787 3976 quidem
1811 3905 2115 3976 explicatio,
2137 3925 2295 3977 qnam

230 3992 296 4040 6.
319 3986 454 4057 Ieaq.
473 3996 527 4037 ue
549 3985 703 4039 relict.
726 4003 849 4036 sens.
868 3983 960 4036 sibi
980 3980 1185 4034 membra
1276 3984 1466 4057 frigida
1497 4000 1547 4037 et
1579 3984 1794 4056 indigna
1824 3986 1975 4056 plane
2002 4004 2110 4037 non
2135 3986 2297 4038 subli-

143 4070 252 4120 εἰπε
294 4072 442 4132 vim,
486 4076 704 4130 ornate,
740 4084 838 4136 pro
881 4091 902 4111 ιι
929 4082 1098 4135 quum
1135 4081 1188 4114 se
1278 4065 1433 4117 miori
1465 4078 1667 4117 tantum
1687 4106 1705 4130 ‚
1725 4064 1815 4117 sed
1846 4082 2165 4136 quocunque
2196 4067 2301 4118 alio

143 4149 420 4202 eviratum
450 4144 629 4199 sensit.
656 4170 678 4192 ι
711 4175 792 4188 —-
814 4144 929 4199 Sine
957 4148 1093 4205 viro,
1129 4143 1190 4196 si·

1279 4158 1435 4215 poeta
1471 4145 1566 4208 sit,
1600 4157 1655 4197 ut
1690 4158 1887 4197 taceam
1922 4162 2077 4213 quam
2111 4163 2299 4217 parum

1852 4275 1873 4318 ι
1894 4254 1937 4336 4
1959 4237 1983 4275 ³
