2986 4935
831 413 1279 482 CARMEN
1338 414 1612 482 LXIV.

2142 415 2288 510 275

282 548 610 619 veridicos
648 549 868 614 Parcae
904 560 1251 638 coeperunt
1287 545 1481 613 edere
1519 559 1768 616 cantus,

284 659 394 724 His
428 672 666 748 corpus
704 650 1060 721 tremulum
1096 650 1544 745 complectens
1576 651 1868 744 undique
1907 676 2228 744 quercus,

184 847 362 900 quem,
388 847 544 900 quem
572 828 629 880 in
659 826 1062 898 pulcherrimis,
1085 845 1183 877 no-

187 908 431 962 bilissimis
452 948 468 972 ,
522 904 1060 979 splendidissimisque
1099 918 1183 959 to·

188 988 280 1040 tius
304 987 619 1060 antiquitatis
642 987 839 1051 habeo,
866 999 1104 1040 versatur
1131 986 1185 1037 in

186 1066 527 1121 adumbranda
574 1068 859 1119 Parcarum
907 1064 1078 1136 figura
1134 1077 1189 1116 et

186 1148 725 1218 imagine,earumque
743 1144 984 1198 nentium
1010 1158 1063 1198 et
1084 1144 1189 1196 sata

184 1229 350 1280 futura
387 1228 620 1281 carmine
664 1227 915 1278 amoebaeo
947 1223 1189 1296 panden-

184 1307 310 1362 tium
338 1305 707 1380 descriptione.
734 1305 1010 1376 Proecipue
1041 1305 1190 1356 locus

181 1405 209 1439 a
230 1406 273 1439 ν.
309 1387 577 1443 311·321‚
605 1385 807 1455 vixlegi
836 1396 1037 1456 potest,
1061 1385 1191 1455 quin

182 1465 501 1520 vividissimis
530 1466 803 1520 'coloribus
829 1466 1114 1518 Parcarum
1135 1464 1195 1516 fi-

182 1545 227 1600 la
256 1544 629 1600 deducentium
657 1546 829 1598 oculis
864 1545 1058 1597 nostrie
1096 1545 1192 1596 ob·

180 1637 408 1679 versetur
438 1627 647 1697 imagO,
675 1623 808 1700 adeo
833 1637 1004 1677 totum
1032 1622 1194 1675 nendi

181 1710 341 1772 σχῆμα
366 1719 419 1759 ct
438 1705 696 1760 levissimi
720 1705 964 1757 nentium
994 1704 1194 1775 quique

177 1798 338 1839 motus
373 1786 610 1858 expressi
647 1797 700 1837 et
728 1783 930 1855 depicti
957 1796 1096 1837 sunt.
1114 1817 1195 1825 —

177 1865 387 1935 Insignis
424 1865 495 1918 de
530 1865 711 1918 Parcis
744 1865 896 1917 locus
933 1877 1011 1916 est
1052 1862 1195 1934 apud

177 1942 384 1999 Home.
435 1946 646 2016 Hymn.
690 1944 748 1995 in
795 1944 1029 1996 Mei-cur.
1082 1944 1193 2012 549

176 2041 285 2096 ‘qq-
314 2025 440 2090 ubi,
466 2023 630 2097 quod
667 2022 898 2076 traditur
929 2022 996 2076 de
1021 2021 1197 2074 domi-

177 2103 292 2156 cilio
313 2105 605 2158 Parcarum
635 2122 687 2156 v,
721 2102 829 2157 552
858 2119 873 2155 ε
897 2104 1048 2169 Οἰκὶᾳ
1065 2122 1196 2153 ναιε-

171 2183 336 2238 riuum
360 2185 458 2238 ὑπὸ
483 2183 645 2252 πτυχὶ
661 2186 936 2253 Παρνησοῖο
957 2223 971 2245 ,
1002 2208 1023 2227 ⁷·
1054 2200 1198 2252 egre·

172 2263 249 2332 gie
272 2264 395 2330 facit
424 2262 497 2317 ad
524 2264 824 2319 Catullum.
861 2262 1072 2333 Nuptiae
1111 2279 1196 2312 ce-

167 2341 511 2398 lebrabantur
543 2343 782 2398 Pharsali
810 2343 865 2393 in
906 2341 1195 2394 Thessalia.

168 2421 365 2490 Parca,
410 2442 536 2497 qua
582 2423 642 2476 in
686 2422 881 2476 vicinia
924 2421 1197 2484 habitant,

165 2501 388 2570 adnuit,
437 2503 853 2576 epithalamium
892 2514 1198 2554 cantatura.

164 2581 286 2639 Hoc
324 2584 563 2655 pulchre
608 2584 748 2635 inter
791 2602 846 2636 se
875 2594 1194 2653 congruunt.

164 2665 310 2716 -In
348 2675 715 2719 monumento
740 2676 918 2715 vetere
951 2681 983 2714 a
1009 2663 1198 2734 Beyero

160 2740 407 2809 edito,in
439 2762 559 2816 quo
586 2754 817 2796 mortem
840 2742 1092 2811 Meleagri
1112 2760 1199 2793 ex·

162 2840 392 2892 pressam
423 2842 545 2878 ease
582 2835 809 2894 putant;
849 2840 955 2874 una
993 2834 1197 2874 tantum

157 2902 318 2958 Parca
352 2923 387 2957 e
418 2904 607 2957 tribus
641 2903 943 2969 sororibus,
974 2920 1092 2973 quae
1117 2901 1195 2954 ibi

157 2981 429 3051 visuntur,
449 2986 639 3037 fusum
661 2982 902 3047 sustinet,
924 3000 1022 3034 nec
1043 2980 1200 3052 quid-

156 3078 320 3134 quam
363 3064 427 3118 in
475 3064 589 3116 illis
628 3063 705 3115 ibi
746 3060 1196 3133 deprehenditur,

153 3143 301 3213 quod
341 3145 559 3199 anilem
593 3160 777 3195 earum
807 3140 1196 3194 deformitatem

156 3223 658 3277 &imbecillitatem
672 3223 880 3275 referat·
887 3220 1013 3273 Vid.
1026 3223 1199 3294 Beyeri

151 3302 489 3375 werida
528 3301 992 3374 p.12.—-Cum
1024 3303 1198 3373 Lyco-

151 3383 444 3452 phamev.
484 3388 632 3446 144,
658 3382 797 3434 bene
816 3381 1067 3435 Nostrum
1092 3384 1199 3451 jam

151 3464 505 3536 &inputavit
510 3461 929 3515 Miueherticlnius.
933 3462 1197 3530 ——Infirrm

149 3558 285 3614 quat.
303 3564 452 3616 corp.
474 3554 653 3595 notu.-
670 3560 838 3611 corpus
856 3553 986 3593 motu
1007 3554 1201 3612 quatere

152 3621 355 3678 dicitur
376 3622 455 3677 de
478 3621 925 3685 vaticinantibus,
951 3639 1099 3674 sacro
1122 3623 1202 3674 su·

146 3718 270 3758 rore
297 3702 591 3774 correpti·
616 3713 671 3754 et
695 3713 812 3754 toto
837 3719 1061 3772 conpore
1095 3714 1201 3753 tre-

147 3784 466 3847 mentibua..
499 3794 573 3835 nt
600 3781 777 3834 olim
756 3799 864 3851 jam
903 3780 1203 3833 observavi-

145 3882 302 3920 mus.
288 3883 305 3896 ·
336 3863 558 3935 infimo
590 3872 793 3934 spectat
822 3860 890 3914 ad
920 3860 1205 3914 Parcarum

1269 825 1420 878 modi
1441 838 1673 878 tremore
1693 827 1927 878 membra
1957 841 2136 880 nostra
2156 830 2300 881 inva-

1270 905 1350 958 dit
1374 919 1428 958 et
1453 906 1640 969 solvit,
1670 905 1788 970 cui,
1816 919 1877 958 ut
1904 905 2096 959 accidit
2118 909 2301 962 vatici-

1270 986 1559 1050 nantibus,
1601 1005 1711 1038 non
1756 986 1924 1038 resisti
1968 1000 2160 1057 potest.
2208 989 2298 1042 Sic

1272 1059 1382 1118 fere
1404 1069 1551 1136 piger·
1578 1085 1721 1135 sopor
1744 1065 1837 1137 qui
1865 1066 2052 1137 pigros
2088 1066 2265 1122 reddit
2284 1111 2300 1134 ,

1272 1163 1436 1215 supra
1464 1146 1682 1210 LXIII,
1710 1147 1802 1215 37.
1820 1178 1896 1186 —-
1923 1146 2058 1198 Mihi
2085 1146 2301 1202 videtur

1276 1225 1520 1279 Catullus
1534 1225 1818 1277 tremulum
1836 1226 2083 1278 anilitatis
2094 1240 2300 1282 motum

1276 1304 1588 1376 depingere,
1609 1316 1670 1356 ut
1698 1305 1762 1357 C.
1785 1305 1943 1371 LXI,
1974 1305 2163 1359 rsit-3.
2192 1308 2259 1361 N.

1360 1386 1492 1438 308.
1541 1384 1646 1435 Pro
1686 1405 1885 1456 qeoercus
1930 1386 1986 1436 in
2032 1387 2303 1459 plerisque

1278 1463 1432 1518 editt.
1503 1464 1750 1517 Parthen.
1821 1465 2031 1535 Gryph.
2106 1468 2301 1522 Muret.

1280 1544 1454 1598 GraeV.
1491 1544 1620 1596 Silv.
1657 1546 1963 1615 Cantabrig.
2006 1546 2219 1615 Bipont.
2253 1563 2306 1603 et

1278 1625 1395 1677 aliis
1425 1624 1621 1696 legitur
1650 1629 1799 1676 vestis
1825 1643 1845 1676 .·
1877 1623 1968 1676 sed
1993 1645 2161 1695 quum
2189 1628 2303 1681 Sta·

1282 1705 1387 1756 tius
1419 1706 1472 1756 in
1502 1704 1651 1758 MSS.
1679 1704 1942 1757 invenerit
1967 1718 2184 1777 questus,
2215 1728 2305 1759 an-

1282 1785 1483 1854 tiquior
1522 1783 1741 1835 omnino
1779 1796 1832 1836 et
1864 1785 2054 1836 melior
2091 1786 2304 1840 videtur

1280 1879 1459 1916 nostra
1501 1864 1677 1915 lectio.
1741 1864 1899 1914 Vestis
1946 1864 2091 1916 haud
2141 1865 2304 1920 dubie

1282 1943 1624 1995 substitutum
1667 1956 1743 1993 est
1782 1944 1848 1995 ab
1895 1942 2032 2008 illis,
2069 1946 2162 2015 qui
2186 1966 2304 1998 ver-

1283 2022 1363 2074 sui
1440 2021 1678 2093 sequenti
1762 2022 2051 2075 faciliorem
2132 2023 2302 2095 expli·

1283 2102 1547 2154 cntionem
1578 2119 1767 2170 parare
1795 2101 2008 2154 vellent.
2039 2136 2118 2144 —
2149 2105 2301 2175 lnge.

1281 2183 1428 2233 niose
1459 2183 1666 2234 Lenzc'us
1698 2180 1755 2231 in
1786 2180 1926 2232 notis
1952 2180 2019 2232 ad
2046 2182 2098 2233 h.
2126 2184 2165 2234 l.
2194 2203 2298 2254 pro

1282 2281 1450 2330 corpus
1479 2261 1726 2312 tremulum
1752 2260 2149 2314 rescribendum
2181 2276 2297 2315 tem-

1276 2362 1371 2411 pus
1406 2341 1653 2392 tremulum
1674 2381 1688 2402 ,
1738 2353 1789 2392 et
1829 2359 2026 2412 quercus
2056 2340 2124 2394 de
2166 2353 2300 2396 coe-'o-

1284 2441 1345 2472 na
1362 2441 1565 2490 qucrnea
1576 2420 1946 2491 accipiendum
1964 2422 2296 2491 putat.1dem

1282 2501 1427 2555 edito
1445 2504 1555 2573 jam
1577 2502 1682 2553 hoc
1705 2500 1943 2553 carmine
1971 2503 2026 2554 in
2049 2502 2295 2576 Spicileg.

1283 2583 1578 2635 Observatt.
1625 2581 1693 2634 ad
1733 2600 1819 2633 me
1859 2580 2015 2632 misso
2061 2584 2242 2639 scribit
2283 2606 2297 2639 ε

1287 2661 1404 2714 «Sin
1431 2680 1640 2715 mecum
1661 2680 1880 2733 quercum
1903 2660 1971 2712 de
1995 2682 2191 2718 corona
2212 2686 2298 2719 ca-

1279 2743 1394 2813 pis,
1419 2760 1541 2794 ecce
1567 2741 1804 2793 occurrit
1821 2741 2018 2794 Hecate
2044 2764 2298 2813 στεφανω-

1281 2825 1470 2891 σαμένη
1513 2817 1655 2890 δρυσὶ
1696 2821 1751 2871 in
1795 2820 2004 2890 Fragm.
2046 2823 2297 2894 Sophocl.

1280 2900 1433 2972 quod
1469 2900 1651 2954 laudat
1683 2899 2000 2953 Valckenar.
2032 2902 2200 2956 Diatr.
2239 2907 2294 2959 in

1284 2980 1527 3052 Euripid.
1576 2980 1877 3050 Fragment.
1916 2999 1970 3050 p.
2027 2985 2156 3052 167,
2180 3010 2201 3028 .
2247 3000 2299 3037 et

1285 3062 1357 3115 sic
1382 3062 1536 3113 Plato
1564 3060 1794 3131 Republ.
1828 3060 1880 3110 X
1898 3098 1914 3125 ‚
1937 3078 1990 3130 p.
2020 3059 2148 3129 3²9·
2172 3064 2294 3134 Bip.

1283 3143 1473 3195 Parcas
1507 3140 1663 3212 fingit
1688 3142 2119 3208 λευχειμονούσας,
2142 3145 2298 3213 στέμ-

1286 3241 1428 3290 ματα.
1465 3221 1547 3272 ἐπὶ
1585 3228 1681 3272 τῶν
1722 3227 1940 3290 κεφαλῶν
1992 3222 2198 3287 ἐχούσας
2205 3264 2296 3278 .....

1285 3304 1468 3372 ὑμνεῖν.
1521 3299 1625 3354 Sed
1649 3340 1664 3365 ,
1708 3311 1768 3351 ut
1814 3318 1912 3369 ego
1957 3319 2071 3352 rem
2119 3304 2296 3358 animo

1287 3381 1564 3452 concipio,
1606 3379 1885 3449 ingeniosae
1923 3379 2083 3450 hujus
2119 3401 2299 3438 versus

1287 3481 1317 3514 a
1353 3461 1552 3513 Lenzio
1589 3472 1773 3512 nostro
1799 3462 2086 3531 propositae
2119 3480 2299 3517 emen-

1287 3539 1489 3593 dationi
1513 3554 1562 3593 et
1589 3538 1758 3593 doctae
1782 3539 2121 3609 explicationi
2141 3561 2298 3613 repu-

1287 3634 1412 3692 gnat
1431 3639 1614 3673 versus
1636 3638 1874 3690 sequens.
1903 3653 1983 3660 -—
2016 3620 2112 3670 His
2129 3640 2298 3693 corpus

1291 3701 1476 3753 tremui.
1523 3712 1622 3753 etc.
1660 3699 1829 3752 Mulm
1862 3711 1915 3750 et
1948 3699 2093 3751 varia
2124 3700 2180 3752 in
2216 3704 2301 3758 his

1289 3780 1502 3833 duobus
1519 3778 1757 3832 versibus
1779 3776 2121 3831 emendandis
2141 3795 2195 3833 et
2214 3803 2303 3836 ex.

1290 3859 1553 3933 plicandis
1587 3859 1759 3911 moliti
1797 3871 1919 3911 sunt
1955 3858 2302 3929 interpretes,

144 3946 491 4006 militamur,
514 3941 629 3995 nisi
654 3942 792 3994 forte
819 3953 971 3996 motus
994 3940 1205 4009 infirmus
1295 3958 1429 4012 quos
1456 3938 1704 4011 quidem,
1731 3958 1790 3991 re
1811 3953 1865 3991 et
1889 3939 2065 3990 verbis
2087 3937 2309 4013 diligen-

143 4022 213 4078 de
232 4024 456 4080 effectu
473 4019 857 4093 accipiendum
877 4019 947 4075 sit
962 4021 1091 4092 ,qui
1111 4040 1208 4073 nos
1296 4022 1400 4073 tius
1425 4020 1760 4078 examinatis,
1786 4019 1856 4070 ita
1879 4036 2022 4070 nunc
2043 4018 2310 4093 interpre.

142 4105 403 4159 infirmos
438 4115 504 4155 et
525 4112 814 4155 trementes
844 4060 1057 4165 reddit,
1079 4104 1211 4170 ejus·

1298 4098 1485 4152 tandos
1515 4111 1690 4170 puto·
1714 4098 1958 4150 «Harum
1987 4114 2181 4170 corpus
2212 4118 2320 4157 tre.

1896 4198 2021 4265 18²
