2986 4935
713 396 861 466 328

1238 397 1312 460 C.
1357 394 1796 460 VALERII
1855 392 2320 460 CATULLI

813 529 1058 596 Moesta
1088 549 1304 618 neque
1336 525 1603 593 assiduo
1636 526 1970 592 tabescere
2004 523 2254 592 lumina
2295 524 2455 593 fletu
2791 557 2837 593 ss

921 636 1302 716 Cessarent,
1342 633 1640 725 tristique
1685 632 1896 699 imbre
1933 630 2200 699 madere
2240 656 2440 724 genae.

727 735 732 750 ⁶
816 739 1049 829 Qualis
1091 742 1154 807 in
1201 740 1358 806 aerii
1404 738 1742 832 pellucens
1787 740 2034 806 vertice
2081 739 2323 805 montis

917 848 1126 914 Rivus
1171 871 1479 915 muscoso
1521 844 1772 938 prosilit
1814 870 1849 912 e
1896 844 2151 938 lapide3

813 954 985 1041 Qui,
1029 977 1233 1045 quum
1282 951 1363 1018 de.
1403 976 1617 1048 prona
1661 975 1953 1045 praeceps
1992 966 2091 1019 est
2128 949 2297 1019 valle
2341 950 2635 1037 volutus,

919 1063 1047 1127 Per
1092 1057 1384 1126 medium
1427 1057 1613 1126 densi
1659 1060 1890 1126 transit
1927 1060 2049 1126 iter
2092 1056 2362 1152 populi,
2795 1089 2838 1124 c..

815 1164 1029 1235 Dulce.
1065 1167 1298 1233 viatori
1340 1165 1511 1234 lasso
1548 1167 1615 1233 in
1661 1164 1902 1232 sudore
1946 1164 2274 1249 levamen,

922 1274 1146 1360 Quum
1196 1273 1413 1365 gravis
1460 1286 1727 1340 exustos
1767 1286 1961 1339 aestus
2007 1269 2258 1339 hiulcat
2296 1295 2531 1364 agros3

720 1496 861 1548 Unda
883 1494 1026 1547 haud
1059 1494 1220 1547 dubie
1248 1515 1310 1546 ex
1335 1494 1728 1564 interpretatio·

714 1595 798 1626 ne.
821 1609 899 1616 —-
925 1576 1026 1626 Pro
1073 1577 1270 1627 OEtaeis
1302 1576 1443 1626 varia
1487 1575 1541 1625 in
1575 1575 1729 1626 variis

712 1656 864 1707 libris
909 1655 1208 1707 offeruntur
1243 1655 1533 1705 iectionum
1578 1674 1729 1704 mon·

717 1750 850 1798 stra;
884 1734 995 1786 vid.
1049 1736 1259 1786 Samen.
1314 1732 1518 1784 Eodem
1568 1732 1729 1784 modo

716 1815 837 1867 libri
874 1815 1075 1866 variant
1112 1816 1166 1865 in
1199 1814 1390 1870 Malia,
1425 1832 1541 1882 quae
1575 1814 1730 1865 lectio

719 1909 858 1946 certe
894 1908 1009 1964 post
1047 1895 1391 1946 Parthenium
1416 1913 1523 1944 non
1555 1894 1732 1962 impu-

718 1975 867 2045 gnari
898 1974 1150 2036 debebat;
1176 1971 1282 2025 vid.
1322 1985 1432 2025 not.
1460 2004 1541 2014 —
1561 1974 1730 2023 Lamia

719 2056 949 2107 tentabat
967 2054 1258 2106 Tam-ellus,
1284 2052 1386 2104 Sed
1408 2053 1620 2103 Vossius
1639 2054 1734 2102 im·

720 2136 949 2205 portavit
964 2135 1151 2185 Daulia
1166 2175 1178 2194 ‚
1198 2134 1386 2184 merito
1401 2133 1504 2184 hoc
1519 2133 1732 2183 nomine

719 2218 828 2285 jam
870 2215 1216 2285 reprehensus
1259 2215 1325 2264 ab
1376 2214 1734 2263 Hemsterleusio

720 2293 789 2346 ad
808 2296 1025 2346 Lucian.
1042 2295 1106 2345 T.
1130 2295 1180 2356 Ι,
1199 2313 1249 2361 p.
1278 2311 1298 2342 1
1318 2311 1498 2344 12.—-
1513 2293 1730 2344 Sensus:

725 2388 777 2425 et
801 2387 1056 2443 quantum
1079 2371 1263 2423 ardent
1284 2373 1500 2422 thermae
1522 2392 1561 2422 s.
1585 2391 1734 2442 aquae

725 2451 906 2505 calidae
943 2455 995 2505 in
1031 2451 1422 2520 Thermopylis.
1452 2484 1532 2493 —
1561 2452 1735 2522 Hujus

725 2551 876 2602 aquae
913 2532 1093 2584 calidae
1126 2533 1294 2582 fontes
1327 2531 1543 2582 Herculi
1575 2530 1730 2584 dicati

728 2612 943 2662 fuerunt
981 2613 1033 2661 iu
1073 2612 1197 2681 ipsis
1218 2611 1698 2681 Thermopylarum
1719 2652 1733 2679 ,

729 2689 853 2741 inde
889 2691 960 2742 sic
1005 2690 1262 2742 dictarum
1293 2730 1307 2753 ‚
1359 2692 1593 2742 faucibus
1628 2692 1733 2742 sive

728 2771 959 2840 ingressu
983 2810 997 2834 ,
1024 2790 1142 2841 quae
1180 2790 1209 2821 a
1238 2769 1733 2841 superimpendente

730 2850 830 2901 illis
855 2864 1033 2902 monte
1062 2851 1199 2902 OEta
1216 2865 1473 2903 vocantur
1498 2852 1731 2911 OEeoeae;

726 2929 840 2999 ipsa
871 2950 1005 3001 aqua
1040 2944 1211 2983 autem
1251 2928 1443 2982 dicitur
1478 2931 1639 2982 Malia
1668 2932 1732 2982 ab

724 3009 995 3080 adjacente
1048 3012 1259 3081 regione
1302 3011 1532 3062 stlaliensi
1551 3052 1566 3072 ,
1616 3029 1733 3080 quas

725 3096 879 3141 sinum
907 3091 1165 3143 Maliacum
1186 3089 1250 3142 ad
1268 3091 1539 3142 Orientem
1555 3090 1730 3142 habet.

726 3170 859 3221 Fuse
878 3184 928 3221 et
952 3169 1155 3222 erudite
1173 3171 1305 3222 hanc
1332 3190 1445 3221 rem
1468 3171 1731 3221 examina·

726 3251 802 3301 vit
825 3250 1129 3313 Santenius,
1159 3269 1315 3320 quem
1350 3248 1489 3301 vide.

813 3326 904 3380 55.
931 3329 1031 3378 Nec
1057 3330 1109 3380 in
1132 3331 1298 3381 tribus
1323 3329 1466 3382 libris
1478 3328 1729 3382 Santonii.

812 3406 878 3476 57
921 3425 1063 3478 seqq.
1102 3409 1251 3460 Hanc
1299 3408 1729 3478 elegantissimam

726 3505 850 3538 cum
882 3487 997 3539 rivo
1031 3488 1477 3557 comparationem
1514 3489 1648 3537 male
1664 3488 1731 3541 ad

722 3565 1061 3618 lacrimarum
1101 3567 1324 3617 imbrem
1362 3566 1519 3618 trahit
1551 3568 1729 3619 Mure-

723 3658 840 3708 tus,
883 3664 1041 3716 quem
1079 3666 1201 3697 cum
1247 3646 1359 3696 aliis
1404 3647 1563 3697 secuti
1610 3661 1730 3699 sunt

722 3725 957 3796 Vulpius
1004 3738 1057 3776 et
1111 3725 1384 3778 Santenius
1403 3764 1417 3787 ‚
1467 3726 1564 3797 qui
1616 3727 1727 3779 loca

723 3807 878 3875 plane
912 3805 1017 3857 huc
1042 3825 1151 3857 non
1181 3805 1492 3875 pertinentia
1514 3808 1565 3857 in
1588 3807 1725 3858 hanc

722 3904 832 3936 rem
858 3904 919 3936 ex
947 3885 1181 3937 Homero
1202 3884 1441 3948 laudant;
1462 3888 1721 3937 nexusin·

720 3965 907 4016 stitutae
917 3965 1499 4035 comparationisaperte
1514 3979 1589 4017 est
1603 3966 1718 4018 hic:

726 4045 920 4116 «quale
970 4044 1205 4097 levamen
1251 4047 1438 4097 aestatis
1483 4060 1718 4115 tempore

1835 1494 1968 1546 lasso
2012 1506 2063 1544 et
2094 1492 2303 1545 sudanti
2341 1493 2534 1547 viatori
2570 1506 2644 1546 est
2683 1493 2841 1547 dulcis

1834 1574 2009 1636 rivus,
2051 1586 2103 1624 et
2132 1573 2287 1644 quale
2322 1574 2569 1626 solatium
2594 1575 2737 1627 venti
2772 1595 2842 1626 se-

1836 1653 1999 1705 cundi
2028 1653 2234 1705 afflatus
2253 1655 2428 1705 nautis
2455 1666 2757 1724 tempestate
2776 1658 2840 1725 ja·

1837 1734 1986 1785 etatis
2027 1734 2256 1803 praebet,
2294 1734 2395 1784 tale
2421 1733 2555 1785 mihi
2594 1733 2648 1784 in
2675 1753 2843 1786 amore

1837 1832 1956 1864 meo
1981 1813 2166 1864 Manlii
2184 1812 2285 1864 suit
2302 1813 2579 1865 auxilium.
2603 1839 2625 1858 ι
2652 1816 2844 1866 -Ρώ

1838 1893 1995 1944 lucens
2018 1931 2034 1956 ,
2077 1890 2352 1962 limpidus·
2389 1892 2616 1963 Vulpius
2660 1894 2715 1946 in
2755 1894 2844 1946 hac

1836 1991 1968 2024 voce
2007 1984 2289 2042 argutatur.

1923 2054 2012 2105 58.
2042 2057 2094 2103 A
2120 2053 2280 2123 lapide
2300 2051 2354 2103 in
2368 2052 2513 2104 Datii
2530 2050 2741 2118 codice;
2759 2052 2842 2105 sed

1838 2151 1995 2184 nemo
2025 2151 2130 2183 non
2162 2132 2404 2202 praeferet
2427 2154 2453 2182 e
2478 2133 2655 2202 lapide.

1924 2212 2011 2280 59.
2047 2213 2125 2262 De
2151 2232 2308 2282 prono
2339 2213 2460 2263 colle
2494 2213 2844 2283 suspicabatur

1839 2291 1966 2343 olim
2001 2291 2296 2343 Santenius.

1922 2376 2015 2422 60.
2047 2373 2147 2422 Per
2170 2372 2370 2422 medium
2398 2372 2536 2424 densi
2568 2377 2744 2423 transit
2764 2377 2843 2423 iter

1831 2472 1950 2521 pop.
1989 2472 2084 2522 per
2112 2450 2339 2505 mediam
2371 2453 2514 2505 viam
2534 2491 2557 2517 ,
2584 2473 2742 2525 quam
2767 2473 2842 2506 ce·

1839 2532 2007 2583 lebrat
2030 2544 2081 2582 et
2110 2532 2409 2603 frequentat
2434 2534 2686 2605 populus.

1921 2618 2013 2664 61.
2042 2613 2197 2662 Basso
2227 2616 2446 2680 viatori,
2485 2613 2635 2684 quod
2673 2614 2843 2665 vitiose

1839 2691 1894 2741 in
1919 2690 2092 2744 Codd.
2121 2693 2311 2762 legitur
2328 2732 2343 2756 ,
2374 2712 2485 2744 non
2511 2691 2770 2746 dubitavit
2795 2694 2842 2744 in

1837 2769 2001 2821 fidem
2053 2790 2198 2822 suam
2241 2773 2476 2843 recipere
2503 2773 2734 2825 Vossius.
2770 2804 2844 2814 —·

1838 2851 2089 2903 Eldickius
2134 2853 2269 2903 bene
2311 2869 2435 2904 cum
2485 2866 2662 2904 nostro
2700 2870 2843 2903 com·

1837 2944 1985 2999 parat
2004 2933 2177 2983 lomim
2203 2931 2386 3002 Anyeoe
2401 2933 2536 2996 VII,
2561 2933 2592 2985 3
2609 2971 2626 2996 ,
2645 2933 2701 2985 in
2719 2935 2845 2984 Ana-

1837 3010 1985 3062 lectis
2000 3012 2144 3062 Vett.
2179 3011 2325 3063 Poet.
2357 3012 2530 3065 Graec.
2561 3014 2846 3074 Bruncffii,

1838 3102 1970 3142 tom.
2009 3093 2062 3154 Ι,
2107 3110 2162 3161 p.
2212 3093 2365 3160 198:
2405 3087 2659 3144 «niaem
2704 3100 2752 3144 τ’
2796 3096 2847 3145 ix

1837 3174 2003 3238 παγαῖς
2046 3171 2218 3240 ψυχρὸν
2263 3173 2365 3223 ’πί-ε·
2411 3166 2478 3227 δὴ
2516 3170 2615 3241 γὰρ
2662 3168 2844 3231 ὀδίτιις

1837 3240 2083 3319 Agar-caup?
2112 3252 2157 3301 ἐν
2182 3256 2340 3321 θερμῷ
2365 3252 2588 3319 καύματι
2613 3258 2759 3304 τοῦτο
2779 3254 2848 3320 ‹pi-

1835 3335 1933 3380 λον.
1960 3356 1980 3376 ι
2033 3329 2286 3382 Similiter
2322 3349 2540 3401 quoque
2577 3331 2850 3403 Oppianus

1837 3409 2038 3479 Cyneg.
2071 3409 2158 3474 11,
2200 3410 2270 3478 39
2295 3428 2308 3460 :
2338 3436 2359 3457 ι
2379 3412 2570 3481 Ψυχρὸν
2607 3404 2662 3463 δ’
2692 3412 2742 3474 ἐξ
2767 3411 2846 3462 ἄν·

1836 3509 1962 3557 τροιο
1991 3490 2316 3559 προχιὺμινον
2341 3490 2549 3559 ἄργυφον
2569 3487 2707 3561 ὕδωρ
2738 3483 2844 3543 Oion

1834 3577 2115 3637 κεκμηκῶσι
2158 3572 2341 3633 ποτὸν,
2381 3573 2609 3639 γλυκερόν
2647 3592 2702 3627 τι
2744 3578 2847 3622 λοσ-

1835 3651 1961 3716 τρόν.
1985 3674 2006 3694 ι
2047 3649 2296 3717 Inprimis
2326 3650 2434 3702 huc
2457 3650 2688 3719 pertinet
2722 3650 2847 3721 Epi-

1831 3746 2066 3795 gramma
2095 3728 2422 3799 Asclepiadis
2454 3729 2591 3792 XX,
2628 3731 2684 3782 in
2706 3733 2844 3781 Ana·

1829 3807 1977 3858 lectis
1994 3807 2140 3859 Vett.
2167 3809 2333 3861 Poett.
2358 3809 2529 3862 Grac.
2559 3808 2842 3870 Brunckii,

1827 3898 1956 3939 tom.
1986 3888 2045 3951 1,
2074 3906 2130 3957 p.
2169 3888 2298 3941 205.
2321 3919 2401 3930 ——
2428 3888 2512 3942 Cf.
2541 3888 2729 3941 similis
2758 3907 2838 3940 ar·

1825 3979 2095 4035 gumento‚
2124 3965 2404 4019 dulcedine
2432 3968 2606 4039 impar
2626 3987 2837 4038 compa·

1823 4047 1959 4098 ratio
1987 4046 2128 4117 apud
2151 4048 2299 4118 Virg.
2327 4048 2438 4100 Ecl.
2460 4048 2531 4111 V,
2561 4053 2652 4111 46.
2693 4049 2762 4101 N.
