2986 4935
889 493 1334 559 CARMEN
1393 493 1608 558 ΧΧΙ.

381 618 620 705 Proin’‚
649 622 894 704 viator,
938 622 1118 691 hunc
1156 624 1377 690 Deum
1418 622 1796 707 vereberis,

379 730 790 821 Manumque
825 753 1083 797 sorsum
1122 729 1416 797 habebis.
1456 732 1604 797 Hoc
1649 730 1770 796 tibi
1816 731 2117 825 expedit3

379 835 614 902 Parata
651 858 939 928 namque
981 859 1142 903 crux
1166 889 1186 920 ,
1223 837 1363 904 sine
1401 849 1544 903 arte
1587 834 1903 904 mentula.

382 938 599 1009 Velim
637 939 791 1035 pol,
829 942 1046 1036 inquis
1085 966 1100 1008 t
1137 955 1207 1009 at
1250 940 1360 1035 pol
1400 966 1554 1010 ecce
1577 993 1594 1027 ‚
1633 940 1888 1011 villicus

380 1047 632 1116 Venit:
671 1045 931 1116 valente
964 1049 1072 1116 cui
1110 1046 1371 1117 revulsa
1410 1048 1685 1116 brachio
2263 1093 2309 1117 2„

382 1153 484 1221 Fit
525 1155 649 1221 ista
687 1152 982 1222 mentula
1005 1208 1025 1239 ,
1058 1168 1211 1249 apta
1250 1153 1436 1222 clava
1479 1154 1782 1223 dexterae.

1287 1399 1461 1446 veras,
1499 1382 1588 1434 illa
1621 1383 1674 1433 in
1724 1397 1773 1435 te
1802 1384 2148 1437 exercebitur.
2177 1385 2317 1437 Ecce

1282 1463 1390 1532 J‘am
1417 1462 1561 1514 venit
1580 1462 1810 1528 villicus,
1834 1464 1928 1533 qui
1947 1465 2180 1517 mentula
2201 1465 2314 1529 ista,

1286 1541 1491 1614 yalente
1532 1542 1750 1593 brachio
1796 1542 1999 1606 evulsa,
2034 1544 2317 1596 commode

1287 1633 1464 1673 utetur
1486 1622 1645 1674 clavae
1667 1622 1785 1673 loco
1804 1660 1819 1684 ,
1842 1640 1946 1692 qua
1964 1622 2100 1674 bene
2118 1635 2169 1675 te
2189 1625 2320 1676 mul-

1284 1713 1478 1752 ctatum
1505 1699 1610 1753 det.
1638 1733 1718 1742 —
1747 1699 2120 1758 Admirentur‚
2155 1703 2196 1754 si
2225 1723 2316 1754 ven

1284 1779 1415 1841 lint,
1434 1780 1549 1833 haec
1581 1781 1815 1833 carmina
1832 1821 1847 1845 ,
1874 1800 2101 1851 vereque
2137 1783 2310 1834 Catul-

1284 1859 1421 1911 liana
1453 1860 1774 1931 praedicent:
1806 1880 1903 1931 ego
1934 1860 2154 1914 difficile
2182 1862 2316 1914 mihi

1284 1939 1340 1990 in
1381 1941 1617 1991 animum
1660 1939 1920 1992 inducam*
1965 1939 2107 1992 idem
2156 1961 2315 2011 argu-

1287 2030 1523 2070 mentum
1571 2032 1649 2071 ter
1695 2040 1725 2071 a
1762 2020 1970 2072 Catullo
2007 2034 2317 2083 tractatum;

1285 2097 1534 2149 libentius
1561 2097 1878 2151 crediderim
1908 2100 2010 2152 hoc
2039 2099 2209 2169 ipsum
2245 2100 2314 2151 ad

1290 2175 1636 2246 praecedentis
1694 2178 1961 2247 exemplar
2007 2178 2108 2229 alia
2160 2198 2319 2230 manu

1289 2256 1662 2326 compositum.
1678 2259 1876 2309 Desunt
1895 2258 1946 2309 in
1963 2257 2141 2309 multis
2156 2256 2315 2310 codd.

1289 2337 1402 2388 haec
1428 2336 1524 2387 tria
1558 2336 1808 2407 priapeia.
1834 2337 1899 2389 N.

267 1395 341 1446 17.
363 1378 654 1451 Manumque
679 1399 859 1430 sorsum
883 1380 1076 1432 habebis
1096 1422 1111 1443 ,
1138 1382 1192 1434 h.

194 1477 233 1509 e.
245 1457 552 1521 continebis,
573 1478 684 1510 non
703 1458 772 1514 ad
795 1459 997 1514 furtum
1017 1473 1197 1512 exten-

194 1535 273 1587 des
295 1554 309 1588 ε
335 1556 452 1590 nam
492 1539 551 1591 in
589 1552 844 1610 promptu
887 1552 963 1590 est
988 1541 1199 1591 mentula

192 1620 279 1667 siae
319 1631 419 1669 arte
437 1660 452 1681 ,
484 1638 601 1670 non
634 1617 837 1670 affabre
872 1616 963 1670 sed
1001 1631 1196 1671 temere

191 1714 245 1746 ex
271 1697 403 1768 ligno
431 1698 621 1751 excisa.
654 1699 790 1750 Crux
826 1711 1078 1769 tanquam
1115 1697 1197 1751 in-

190 1788 511 1829 strumentum
565 1778 814 1849 supplicii
843 1816 858 1843 ,
912 1796 943 1829 a
992 1778 1198 1830 furibus

193 1854 440 1920 sumendi3
475 1876 606 1909 nam
641 1858 777 1910 servi
818 1858 1022 1910 furaces
1053 1857 1196 1929 apud

190 1933 326 1988 heros
353 1936 645 1989 severiores
685 1955 897 2007 poenam
944 1938 999 1988 in
1039 1956 1197 1990 cruce

188 2014 406 2082 luebant,
431 2035 556 2087 qum
587 2036 741 2088 poena
763 2020 871 2087 jam
899 2018 1196 2089 respicitur.

191 2093 265 2146 Cf.
285 2096 489 2167 Lipsius
516 2095 586 2149 de
612 2098 805 2151 Cruce.

265 2192 325 2245 ¹9
343 2216 357 2240 ,
372 2195 448 2247 sq.
470 2176 698 2230 Sensus:
721 2178 963 2229 Profecto
986 2196 1093 2228 non
1117 2177 1198 2228 in-

191 2267 316 2320 grata
348 2256 457 2309 haec
487 2256 625 2308 mibi
659 2276 815 2328 poena
843 2257 966 2320 erit,
993 2255 1198 2326 inquis;

190 2346 234 2384 at
255 2335 346 2387 erit
370 2336 550 2389 hercle
567 2375 583 2399 ‚
611 2356 735 2389 nam
751 2377 767 2405 ‚
790 2355 935 2389 secus
966 2355 1027 2388 ac
1056 2350 1201 2406 puta-

784 2559 1339 2647 CARMEN
1406 2561 1677 2649 XXI.

935 2799 1039 2841 Al)
1102 2798 1550 2842 AURELHJM.

487 2990 801 3070 Auiti-1121,
842 3001 1030 3079 pater
1075 2987 1506 3053 esuritionuin
1535 3041 1551 3070 ‚

256 3197 385 3247 Aac.
412 3196 687 3247 Venerem
715 3213 824 3244 non
851 3212 1059 3264 semper
1087 3194 1196 3245 sine

187 3272 367 3327 Cerere
408 3275 635 3346 frigere,
666 3272 910 3343 exemplo
947 3293 1042 3325 suo
1079 3294 1198 3344 pro·

184 3352 316 3406 havit
358 3354 630 3407 Aurelius.
671 3352 1005 3424 Quamquam
1056 3354 1196 3405 enim

1285 3213 1516 3263 euntque
1542 3195 1687 3264 prius
1710 3234 1723 3256 ,
1754 3212 1915 3263 quam
1946 3213 2171 3265 puerum
2192 3235 2206 3260 ,
2231 3199 2316 3248 cui

1287 3274 1478 3325 frustra
1504 3286 1676 3325 nectat
1697 3272 2315 3338 insidiaS,attrectaverit,

1286 3373 1314 3404 a
1355 3371 1408 3403 se
1441 3353 1558 3421 ipso
1594 3365 1788 3404 tactum
1824 3352 1889 3404 iri
1927 3354 2317 3415 inrumatione,

186 3431 264 3484 ille
295 3452 416 3486 cum
465 3450 673 3485 summa
709 3449 889 3484 rerum
924 3432 1102 3504 inopia
1149 3444 1198 3482 et
1289 3444 1484 3483 monet.
1550 3465 1627 3473 —
1684 3432 2034 3503 Comparetur
2078 3433 2323 3504 inprimis

185 3513 458 3566 emi-itione
493 3511 826 3565 conflictatus
860 3510 1199 3577 dicitur-,tan-
1289 3530 1410 3563 cum
1454 3524 1635 3562 nostro
1681 3511 1903 3564 imitatio
1945 3513 2199 3566 Martialis
2247 3514 2317 3567 ad

184 3602 286 3644 tum
322 3606 505 3645 tamen
544 3591 751 3654 abfuit,
782 3604 842 3641 ut
865 3591 1005 3651 ¹fame
1036 3592 1204 3642 victus
1291 3590 1714 3654 Mamurianum,
1742 3593 1798 3655 Ι,
1824 3610 1906 3662 ep.
1936 3593 2025 3659 93.

185 3670 272 3723 alia
290 3672 473 3725 omnia
493 3689 655 3742 quam
675 3667 915 3722 libidinis
932 3668 1204 3741 explendae

183 3753 500 3806 nutrimenta
514 3762 788 3821 quareret,
809 3763 867 3802 ut
887 3751 1062 3820 potius
1079 3769 1207 3820 quo·

185 3830 254 3883 vis
280 3829 449 3884 modo
480 3829 676 3882 Catulli
703 3847 930 3900 puerum
960 3828 1028 3881 ad
1059 3848 1206 3881 amo·

184 3928 285 3963 rem
321 3910 583 3981 pellicere
627 3908 1031 3961 machinaretur.
1068 3908 1208 3961 Salse

183 3989 332 4059 igitur
354 3991 524 4043 Poeta
556 3987 809 4060 perfricat
836 3988 1108 4041 hominem
1141 3989 1212 4040 fa·

1379 3689 1400 3721 1
1413 3710 1424 3720 .
1444 3671 1598 3721 Pater
1618 3675 1920 3722 esuritionem
1938 3692 1955 3723 .·
1970 3673 2188 3744 proprie
2200 3693 2323 3727 con-

1294 3749 1415 3802 vivii
1450 3751 1533 3800 vel
1563 3770 1721 3802 coenae
1753 3749 2005 3803 dominus
2032 3754 2320 3805 venerabili

1294 3829 1511 3880 nomine
1538 3834 1696 3900 patris
1736 3830 1971 3900 insigniri
2011 3833 2238 3894 solebat,
2267 3846 2324 3884 ut

1296 3907 1441 3979 apud
1480 3911 1664 3962 Horat.
1704 3909 1860 3964 Satir.
1894 3911 1978 3975 11,
2022 3914 2053 3964 8
2076 3949 2091 3974 ,
2124 3930 2177 3980 7.
2217 3911 2323 3963 Sed

1297 3987 1521 4041 ridicule
1545 4002 1764 4042 vocatur
1795 3990 2038 4041 Aurelius
2056 4002 2197 4059 pater·
2218 4012 2324 4042 esu·

186 4070 459 4135 melicum,
487 4088 517 4121 a
547 4086 655 4139 quo
688 4067 951 4138 praecipue
981 4088 1047 4120 ne
1080 4087 1211 4139 puer
1302 4072 1553 4131 ritionum,
1592 4070 1679 4120 ubi
1699 4111 1713 4135 ,
1739 4068 1888 4140 quod
1912 4069 2191 4122 Terentius
2225 4071 2333 4136 ait,

186 4151 375 4205 esurire
429 4164 484 4202 et
538 4147 682 4201 sitire
731 4147 894 4201 discat
915 4187 928 4211 ‚
975 4161 1182 4200 veretur
1201 4188 1213 4212 ‚
1304 4169 1362 4199 ex
1386 4148 1629 4201 hesterno
1657 4152 1771 4218 jure
1794 4149 1944 4220 panis
1967 4163 2074 4202 ater
2096 4164 2332 4204 voratur.

1853 4245 1961 4321 (5⁴
