2986 4935
836 464 1284 534 CARMEN
1340 469 1619 534 LXIV.

2131 470 2275 560 237

289 594 639 676 Advenere,
677 593 945 661 domum
985 612 1315 664 conventu
1349 613 1485 665 tota
1519 599 1891 692 frequentat

282 699 597 767 Thessalia
627 726 642 767 :
679 700 986 794 oppletur
1018 700 1257 770 laetanti
1299 706 1478 795 regia
1513 721 1719 789 coetu;

283 808 464 873 Dona
501 806 760 873 ferunt:
797 831 932 900 prae
972 832 1039 875 se
1080 807 1416 878 declarant
1451 811 1687 904 gaudia
1725 811 1930 882 vultu.

281 913 604 980 Deseritur
644 916 882 1006 Scyros
915 940 929 979 :
971 912 1272 1008 linquunt
1303 916 1676 985 Phthiotica
1708 923 1987 1013 Tempe,
2236 957 2274 990 r,

285 1019 719 1112 Cranonisque
754 1019 1020 1102 domm,
1051 1044 1130 1088 ac
1162 1024 1401 1089 moenia
1436 1025 1781 1109 Larissaea3

195 1252 350 1302 simus·
364 1252 529 1306 n—-H,
549 1254 588 1305 l.
606 1266 795 1324 optatus
812 1253 957 1306 aliud
987 1254 1087 1306 fert
1100 1268 1175 1307 at·

193 1349 281 1399 que
302 1351 346 1385 v.
372 1352 453 1383 υ.
488 1340 548 1385 Ν.

264 1411 344 1463 32.
374 1412 437 1463 Ut
455 1432 623 1464 venere
641 1412 805 1483 Vulp.
825 1424 874 1463 et
896 1413 984 1465 alii
1006 1414 1167 1465 male!

193 1507 297 1540 nam
322 1493 455 1542 st'med
475 1493 529 1543 in
561 1510 714 1543 versu
736 1490 1061 1543 antecedenti
1099 1507 1173 1544 est

193 1587 277 1638 pro
299 1572 497 1622 simulac.
518 1602 596 1612 -—
621 1573 821 1622 Domum
841 1584 1065 1623 conventu
1074 1575 1172 1638 fie-

192 1663 387 1716 queritat,
417 1664 600 1703 ornate
623 1670 721 1721 pro
755 1678 777 1698 ι
798 1651 1095 1721 frequenter
1120 1653 1172 1703 in

193 1725 330 1779 domo
350 1732 606 1782 convenit.
634 1757 655 1777 ι

261 1806 342 1870 34.
361 1811 501 1861 Dona
509 1811 683 1876 ferunt
692 1830 798 1879 prce
822 1831 872 1860 se
885 1829 905 1869 ,·
930 1811 1177 1861 declamat

190 1889 348 1951 gaudia
390 1892 553 1940 vultus
570 1930 586 1952 ,
631 1890 906 1959 proposuit
949 1892 1173 1942 Lenzius.

193 1965 335 2036 Magis
358 1981 522 2020 tamen
554 1969 722 2039 placet
742 1981 917 2020 nostra
943 1970 1177 2021 lectionis

191 2047 306 2096 ratio
323 2061 372 2099 et
393 2049 780 2119 interpuncti03
806 2049 1011 2099 suavius
1033 2050 1173 2100 enim

192 2123 438 2180 Thessaliae
463 2128 648 2180 incolae
666 2128 855 2197 gaudia
877 2148 983 2197 prae
1008 2147 1060 2179 se
1083 2127 1173 2180 de-

193 2204 362 2257 clarare
382 2221 430 2259 et
451 2207 685 2277 pandere
710 2209 880 2270 vultu,
901 2226 1056 2277 quam
1078 2207 1173 2259 do·

191 2302 248 2334 na
265 2303 364 2353 prae
383 2305 434 2337 se
462 2288 603 2339 serre
632 2288 871 2339 manibus
892 2287 1142 2339 dicuntur
1160 2310 1173 2350 ;

187 2375 267 2414 aut
285 2365 321 2416 si
346 2365 473 2418 forte
490 2366 582 2417 cui
606 2366 694 2418 illa
715 2368 848 2419 ratio
862 2403 878 2427 ,
893 2381 1049 2437 quam
1069 2370 1171 2436 jam

189 2441 401 2498 Muretus
421 2459 626 2499 secutus
648 2458 722 2498 est
749 2446 804 2498 in
825 2444 949 2500 edit.
977 2447 1144 2517 prima
1162 2489 1176 2511 ‚

191 2535 240 2574 ut
263 2538 370 2594 post
388 2546 492 2595 proe
521 2547 577 2577 se
611 2528 1038 2597 interpungatur,
1068 2546 1175 2578 me·

188 2601 274 2654 lior
294 2604 522 2658 videatur
540 2647 557 2671 ,
578 2619 718 2657 certe
747 2626 851 2657 non
873 2626 1006 2676 opus
1025 2619 1100 2657 est
1120 2611 1175 2659 τὸ

194 2684 308 2733 vultu
328 2685 381 2735 in
403 2687 570 2737 vultus
595 2698 814 2737 mutare.
839 2720 918 2727 —
950 2688 1178 2751 Dona-fe·

188 2777 312 2826 runt,
353 2764 608 2817 nimirum
646 2764 921 2817 Thessalia&
959 2767 1140 2816 incolae
1163 2785 1175 2818 :

187 2838 245 2891 de
276 2862 375 2913 quo
410 2842 664 2916 loquendi
696 2863 885 2914 genere
917 2846 986 2897 cf.
1022 2864 1178 2914 supra

185 2919 241 2971 ad
261 2923 426 2976 Carm.
455 2925 498 2974 X
514 2962 528 2987 ,
562 2944 614 2991 9.

257 3002 341 3054 35.
368 3004 648 3054 Phthiotica
673 3005 844 3072 templa
871 3015 1030 3054 tentat
1052 3004 1177 3054 Len-

188 3097 283 3148 nep.
305 3080 367 3133 ad
397 3082 611 3135 Coluth.
645 3084 699 3147 1,
729 3102 782 3152 7,
810 3081 955 3154 quod
976 3083 1179 3151 Tempe

187 3176 280 3210 non
308 3162 358 3212 in
386 3160 723 3226 Phthiotide,
751 3161 838 3213 sed
868 3162 921 3213 in
953 3162 1179 3232 Pelasgi·

188 3235 271 3301 «le,
296 3241 424 3293 inter
446 3242 743 3314 Olympum
771 3255 821 3293 et
847 3242 1025 3292 Ossam
1045 3279 1060 3304 ‚
1086 3243 1178 3292 sita

186 3316 377 3373 fuerint.
400 3356 480 3365 —
502 3325 669 3374 Docte
686 3323 794 3391 jam
815 3340 876 3371 ex
898 3340 1044 3371 more
1062 3339 1182 3390 poe·

188 3408 365 3463 tarum,
391 3415 448 3453 ut
474 3421 541 3454 eo
568 3401 763 3452 clarius
786 3401 943 3452 totius
969 3401 1043 3451 rei
1072 3418 1180 3452 sce-

186 3494 242 3528 na
264 3477 467 3533 lectoris
485 3483 790 3533 obversetur
813 3481 985 3531 animo
999 3519 1013 3543 ,
1028 3480 1184 3530 urbes

186 3569 230 3607 et
249 3573 414 3627 partes
429 3559 684 3631 quasdam
702 3558 979 3611 Thessalia:
1001 3578 1181 3610 recen-

187 3648 265 3687 set.
281 3639 548 3711 —Scyros
566 3660 584 3692 :
608 3639 811 3708 longius
830 3637 1045 3709 quidem
1072 3638 1182 3689 haec

184 3712 337 3769 insula
365 3734 569 3771 remota
598 3731 672 3770 est
699 3738 729 3770 a
755 3718 1017 3770 Thessalia
1042 3755 1056 3777 ‚
1092 3716 1181 3769 sed

182 3794 309 3847 culta
332 3797 459 3849 olim
485 3799 586 3850 fuit
607 3817 638 3849 a
663 3798 1030 3849 Thessalorum
1058 3816 1182 3866 gen-

184 3885 257 3935 te,
280 3876 603 3947 Dolopibus:
629 3890 815 3946 praeter
842 3875 1086 3928 vossium
1116 3875 1181 3928 ad

183 3950 229 4003 h.
258 3954 291 4005 Ι.
323 3955 430 4007 vid.
466 3955 625 4009 Diod.
661 3956 820 4009 Sicul.
859 3956 966 4017 XI,
1001 3959 1106 4018 60,
1133 3968 1181 4006 et

182 4044 226 4081 et
264 4032 333 4083 ibi
371 4036 459 4084 W
452 4039 671 4103 esseling.
697 4067 776 4077 ——
798 4035 1050 4088 Consulto
1088 4054 1180 4085 au·

181 4122 274 4163 tem
302 4128 453 4183 poeta
470 4152 487 4178 ,
523 4128 578 4166 ut
616 4114 852 4184 undique
874 4113 1181 4167 confluxisse

1261 1255 1544 1308 videantur
1576 1260 1912 1311 remotissimi
1941 1264 2126 1333 populi
2162 1266 2278 1334 qui-

1258 1353 1395 1405 que,
1444 1338 1745 1388 remotioris
1790 1340 2019 1409 regionis
2058 1345 2278 1395 mentio·

1259 1433 1379 1465 uem
1412 1416 1585 1485 primo
1615 1416 1731 1469 loco
1759 1418 1943 1489 injicit.
1970 1453 2049 1461 —
2080 1424 2280 1474 Phthio-

1261 1499 1354 1543 tica
1382 1495 1553 1563 Tempe
1574 1515 1592 1546 .·
1612 1497 1880 1548 communi
1905 1498 2118 1569 quidem
2146 1516 2281 1555 vete·

1259 1591 1379 1623 rum
1418 1592 1674 1625 consensu
1708 1577 1760 1626 in
1794 1578 2067 1648 Pelasgide
2087 1618 2102 1640 ‚
2138 1582 2273 1635 inter

1259 1651 1551 1723 Olympum
1594 1666 1645 1705 et
1687 1655 1868 1707 Ossam
1891 1698 1906 1721 ‚
1945 1660 2034 1710 ubi
2078 1660 2278 1713 Peneus

1260 1731 1483 1794 labitur,
1506 1733 1709 1803 Tempe
1731 1736 1823 1786 sita
1855 1736 2080 1790 fuerunt.
2110 1731 2269 1805 (Plin.

1261 1809 1328 1861 Η.
1361 1812 1427 1863 Ν.
1465 1812 1564 1875 IV,
1599 1813 1663 1876 8,
1694 1832 1733 1866 s.
1770 1818 1858 1866 16.
1892 1818 2080 1870 AElian.
2106 1820 2174 1883 V,
2205 1822 2270 1874 H.

1261 1890 1341 1940 111
1367 1928 1383 1952 ,
1417 1887 1483 1952 ι.)
1507 1890 1611 1942 Sed
1628 1928 1641 1946 ‚
1664 1912 1770 1962 quo
1796 1896 1914 1963 jure
1937 1897 2136 1948 Peneus
2161 1920 2279 1969 pro·

1260 1981 1375 2037 pter
1431 1970 1749 2022 vicinitatem
1802 1976 2009 2041 φθιώτης
2061 1994 2276 2032 vocatur

1258 2047 1400 2117 apud
1422 2050 1731 2101 Callimach.
1754 2041 1840 2116 [H.
1861 2054 1914 2103 in
1938 2055 2116 2107 Del.v.
2142 2078 2162 2109 1
2182 2077 2199 2108 1
2218 2058 2272 2119 α]

1261 2126 1446 2178 eodem
1472 2147 1682 2197 quoque
1706 2131 1813 2198 jam
1841 2133 2043 2203 Tempe
2071 2137 2274 2187 Phemo-

1264 2209 1357 2256 tica
1386 2205 1523 2258 dicta
1553 2205 1719 2259 videri
1751 2206 1975 2273 debent;
2009 2213 2105 2265 nisi
2142 2217 2274 2269 forte

1262 2298 1452 2337 tractus
1472 2286 1756 2339 Phthiotici
1783 2291 1853 2340 ob
1875 2292 2102 2360 regionis
2120 2314 2277 2348 amoe-

1261 2366 1477 2417 nitatem
1506 2366 1659 2416 altera
1683 2369 1827 2437 quasi
1856 2371 2027 2440 Tempe
2050 2377 2275 2444 appella-

1264 2444 1300 2496 ti
1344 2446 1480 2508 sint;
1533 2447 1832 2517 sequiorem
1883 2463 2021 2502 certe
2073 2466 2272 2508 aetatem

1260 2526 1606 2577 amoenissima
1624 2545 1846 2597 qumque
1865 2529 1977 2582 loca
1996 2532 2168 2604 Tempe
2178 2555 2275 2587 no-

1266 2623 1483 2656 minasse
1509 2617 1627 2656 satis
1646 2621 1860 2661 constat.

1347 2684 1436 2735 36.
1461 2685 1599 2736 Mire
1624 2686 1709 2737 hic
1729 2705 1908 2739 versus
1934 2702 2039 2740 tam
2073 2692 2125 2743 in
2152 2696 2275 2746 scri·

1265 2762 1365 2831 ptis
1387 2781 1545 2831 quam
1572 2764 1836 2834 impressis
1861 2769 2007 2819 libris
2029 2768 2283 2839 deprava-

1266 2853 1346 2891 tus
1386 2855 1476 2894 est.
1524 2842 1904 2918 Gravinom‘sqeoe
1937 2848 2096 2899 domos
2128 2853 2280 2906 MSS.

1268 2922 1393 2971 stat.
1441 2933 1490 2971 et
1527 2936 1711 2973 vetust.
1752 2929 1976 2995 exempl.
2014 2929 2164 2983 Voss,
2202 2964 2281 2973 —

1271 2999 1657 3071 Graninom'sque
1681 3003 1841 3053 domos
1858 3006 2025 3057 Vatic.
2045 3040 2124 3049 —
2153 3012 2282 3063 Gra·

1253 3083 1550 3150 jugenasque
1591 3081 1752 3132 domos
1788 3085 1849 3133 L.
1893 3085 2042 3136 MSS.
2085 3100 2135 3139 et
2181 3103 2283 3142 tres
2321 3120 2323 3122 ·

1264 3159 1634 3226 antiquissimae
1650 3159 1797 3212 editt.
1818 3176 1939 3214 teste
1953 3163 2140 3220 editor.
2155 3170 2286 3221 Can·

1267 3238 1484 3306 tahrig.;
1512 3239 1653 3290 unde
1675 3238 1903 3312 Scaliger
1931 3242 2282 3313 Grajugermm-

1266 3338 1353 3388 que
1370 3318 1549 3368 domos.
1567 3351 1644 3360 --
1665 3321 1953 3391 Depravata
1969 3325 2123 3377 lectio
2138 3331 2277 3382 haud

1267 3396 1427 3448 dubie
1456 3410 1572 3450 orta
1599 3411 1673 3450 est
1700 3418 1762 3451 ex
1790 3403 2004 3473 antiqua
2030 3410 2280 3479 scriptura

1273 3477 1555 3529 Crannonis.
1591 3477 1716 3530 Vid.
1748 3482 2038 3536 Mitscherl.
2072 3502 2122 3539 et
2154 3490 2284 3540 Dra·

1267 3556 1539 3609 ekenborcle.
1563 3557 1629 3610 ad
1654 3559 1769 3611 Liv.
1793 3562 2064 3625 XXXVI,
2095 3585 2186 3631 10,
2220 3589 2237 3621 1
2266 3610 2279 3633 ,

1268 3654 1322 3706 p.
1369 3653 1527 3706 1017.
1569 3669 1648 3679 —-
1690 3640 1793 3691 Pro
1834 3647 2001 3691 moem'a
2042 3645 2279 3699 Lar-ism«

1271 3727 1561 3767 monstrose
1593 3716 1863 3786 legebatur
1893 3721 1947 3771 in
1981 3722 2100 3776 libr.
2129 3728 2280 3782 MSS.

1270 3814 1327 3844 ac
1351 3799 1527 3845 nicenis
1550 3796 1806 3859 ‹eluet-isca,
1841 3800 1921 3850 vel
1959 3802 2171 3855 Lar-ism
2207 3811 2280 3861 uti

1270 3887 1343 3924 est
1372 3874 1425 3924 in
1448 3876 1597 3926 Voss.
1631 3877 1765 3929 libro
1782 3917 1796 3941 ,
1823 3880 1903 3930 vel
1930 3900 1987 3929 ac
2004 3885 2155 3935 nitens
2175 3888 2281 3941 ula.-

1270 3957 1416 4003 crissa
1436 3956 1516 4006 vel
1545 3976 1602 4005 ac
1623 3962 1813 4007 nitentis
1839 3960 2095 4012 alacrissea
2116 3968 2194 4017 vel
2227 3991 2284 4019 αι·

1270 4037 1457 4084 nitentis
1483 4035 1755 4086 alacrissaea
1783 4039 1861 4088 vel
1883 4058 1940 4088 ac
1962 4041 2157 4095 Nice-nis
2175 4051 2282 4099 ala-

1270 4117 1431 4166 crissa.
1444 4146 1523 4154 -—-
1542 4117 1735 4166 Gratum
1754 4129 1828 4168 est
1850 4119 2105 4189 oppidum
2119 4125 2285 4179 Thes-
