2986 4935
849 451 1289 518 CARMEN
1348 451 1625 516 LXIV.

2140 446 2286 518 235

275 580 529 674 illaque
561 579 867 672 haudque
903 580 1026 648 alia
1057 581 1364 648 viderunt
1398 579 1543 648 luce
1576 581 1856 647 marinas

277 685 595 754 Mortales
639 685 812 754 oculi
856 687 1103 755 nudato
1149 712 1428 780 corpore
1465 686 1843 779 Nylnplia5‚

276 794 620 860 Nutricum
653 807 843 859 tenus
875 807 1201 861 exstantes
1231 818 1266 860 e
1298 794 1557 886 gurgite
1591 817 1775 860 cau0.

377 902 548 965 Tum
583 897 876 965 Thetidis
914 897 1143 967 Peleus
1180 900 1484 968 incensus
1522 898 1728 966 fertur
1763 921 2023 978 amore,

275 1008 443 1071 Tum
471 1003 696 1071 Thetis
732 1003 1056 1072 humanos
1089 1030 1222 1072 nou
1255 1004 1549 1098 despexit
1586 1004 1995 1096 hymenaeOS,

278 1113 449 1177 Tum
477 1109 735 1176 Thetidi
770 1125 957 1202 pater
987 1112 1124 1204 ipse
1156 1111 1517 1205 jugandum
1552 1109 1743 1178 Pelea
1781 1111 1999 1177 sensit.

181 1319 343 1370 oratio
375 1316 734 1387 decorumque
775 1317 1038 1387 poeticum
1077 1336 1183 1368 ser·

181 1397 405 1449 vabitur.
432 1397 734 1448 «Emersere
754 1397 848 1448 feri
870 1397 1066 1459 vultuS,
1081 1397 1182 1447 scil.

181 1494 431 1547 aquoreae
462 1474 764 1526 Nereides·
797 1476 915 1527 Jam
940 1487 1060 1527 ante
1087 1477 1187 1528 Ca·

181 1556 367 1606 tullum
398 1555 600 1617 Attius,
635 1555 688 1606 in
720 1556 1061 1625 Argonautis,
1093 1554 1187 1606 ad·

182 1648 335 1686 ventu
363 1634 513 1686 navis
537 1632 773 1686 inaudito
793 1647 1056 1704 stupentes
1075 1635 1187 1685 ani·

181 1732 289 1765 mos
321 1714 558 1766 carmine
596 1727 929 1784 expresserat.
971 1714 1058 1766 Sic
1095 1732 1185 1783 pa·

181 1806 283 1844 stor
312 1794 632 1864 loquebatur
661 1811 675 1844 :
708 1819 727 1838 ι
758 1806 892 1844 tanta
928 1793 1090 1844 moles
1116 1794 1186 1844 la·

181 1873 318 1924 bitur
348 1870 714 1924 Fremebunda
745 1891 806 1923 ex
834 1873 966 1934 alto,
994 1873 1187 1941 ingenti

182 1954 346 2003 sonitu
375 1964 428 2003 et
454 1950 636 2021 spiritu
663 1953 777 2003 Prae
804 1970 855 2002 se
886 1951 1053 2003 undas
1079 1952 1189 2003 vol·

180 2033 281 2088 vit,
312 2031 538 2082 vortices
564 2032 610 2081 vi
645 2033 882 2093 suscitat,
914 2032 1037 2082 Ruit
1065 2050 1187 2100 pro·

179 2111 347 2179 lapsa,
376 2111 589 2180 pelagus
610 2110 891 2181 respergit,
920 2109 1082 2161 reflat.
1115 2112 1191 2162 Ita

180 2187 304 2246 dum
341 2191 697 2260 interruptum
738 2189 919 2241 credas
950 2190 1189 2242 nimbum

179 2270 412 2330 volvier,
447 2271 583 2319 Dum
612 2267 753 2338 quod
779 2269 1002 2320 sublime
1027 2269 1193 2320 ventis

180 2349 459 2419 expulsum
496 2348 610 2418 rapi
644 2349 837 2400 Saxum
868 2360 956 2399 aut
988 2349 1191 2417 procel·

177 2429 270 2492 lis,
297 2428 382 2481 vel
411 2427 652 2497 globosos
681 2429 911 2481 turbines
938 2427 1193 2480 Exsistere

177 2509 333 2569 ictos,
377 2505 537 2559 undis
576 2509 1036 2571 concursantibus3
1078 2508 1190 2559 Nisi

175 2607 304 2659 quas
331 2601 602 2640 terrestres
629 2587 823 2639 Pontus
853 2601 1042 2655 strages
1067 2605 1193 2638 con-

173 2669 303 2732 ciet,
325 2671 437 2719 Aut
464 2668 598 2718 forte
611 2667 796 2718 Triton
827 2668 1023 2717 fuscina
1044 2685 1192 2717 ever·

177 2760 286 2799 tens
308 2765 502 2817 specus
518 2785 532 2809 ‚
554 2746 744 2797 Subter
768 2744 966 2797 radices
990 2746 1196 2814 penitus

177 2825 402 2879 undanti
434 2826 488 2877 in
514 2826 647 2877 freto
670 2826 865 2877 Molem
892 2844 953 2875 ex
977 2826 1195 2894 profun-

174 2903 246 2957 do
263 2923 476 2958 saxeam
498 2904 567 2956 ad
590 2905 779 2957 coelum
799 2905 978 2956 vomit.
994 2929 1013 2948 ι
1045 2905 1112 2956 Ν.

262 2989 352 3037 16.
384 2984 486 3036 Illa
509 2997 650 3055 aeque
672 2986 770 3035 alia
799 2985 852 3034 in
881 2982 1004 3035 edit.
1035 2996 1157 3035 vett.
1179 3024 1190 3043 ,

173 3063 263 3117 sed
310 3064 476 3116 unice
523 3083 673 3121 vera,
718 3082 875 3134 quam
919 3062 1191 3122 dedimus,

172 3143 437 3196 Vossiana
461 3143 632 3195 lecti0.
668 3171 745 3182 —
773 3143 957 3213 Illoque
982 3143 1198 3212 laeaudqtze

171 3224 274 3274 alia
291 3263 307 3285 ,
335 3222 449 3275 hoc
467 3241 576 3274 uno
598 3235 800 3273 tantum
824 3219 938 3285 die,
962 3240 1068 3272 non
1094 3221 1195 3272 alio

174 3303 409 3355 vicissim
432 3320 449 3364 ς
507 3303 664 3371 ἤματι
717 3301 854 3369 κείνῳ
876 3338 891 3364 ,
950 3300 1195 3369 Apollou.

172 3381 362 3435 Rhod.
387 3383 417 3433 1
433 3418 450 3443 ‚
477 3381 607 3449 547.

261 3481 356 3531 ¹7·
394 3460 626 3513 Mortales
654 3461 801 3510 oculas
831 3460 965 3511 male
993 3460 1048 3511 in
1083 3459 1198 3528 qui·

169 3540 425 3594 busdam.

257 3624 353 3674 18.
389 3619 641 3672 Nun-icum
669 3631 798 3669 tenus
828 3618 983 3670 MSS.
1020 3616 1197 3678 Statii,

169 3715 220 3753 et
238 3703 318 3753 sic
337 3714 423 3752 est
445 3700 500 3750 in
519 3696 666 3751 editt.
689 3699 876 3749 Venet.
897 3730 975 3739 —-
999 3699 1201 3749 Crat-um

170 3795 306 3833 tenus
329 3778 575 3848 Scaliger
595 3796 659 3829 ex
679 3778 818 3830 libro
839 3790 941 3830 vet.
965 3790 1013 3828 et
1032 3777 1105 3828 sic
1127 3790 1200 3828 est

167 3860 223 3912 in
252 3858 395 3912 edit.
433 3857 644 3927 Gryph.
671 3889 748 3899 —-
781 3857 1043 3908 Umblicum
1072 3869 1201 3908 tenus

133 4000 140 4006 ‚
167 3940 330 3993 Voss.
361 3936 523 4009 quod
546 3935 866 4007 adscriptum
890 3955 1100 4006 quoque
1130 3949 1203 3987 est

166 4018 414 4089 margini
450 4015 575 4068 edit.
611 4016 820 4087 Gryph.
848 4047 926 4057 --
951 4016 1202 4067 Nun-icum

167 4116 344 4161 ecum,
396 4097 457 4149 h.
508 4115 552 4147 e.
589 4113 953 4147 mammarum.
990 4095 1196 4163 Apulei.

1279 1318 1408 1369 Met.
1429 1318 1482 1367 II
1498 1355 1512 1377 ‚
1535 1318 1598 1369 ab
1623 1317 1740 1369 init.
1764 1317 1957 1368 eandem
1983 1320 2205 1368 nutricem
2225 1322 2291 1366 si-

1280 1399 1379 1448 mul
1399 1398 1611 1448 bibimus.
1640 1429 1715 1437 —
1742 1397 2007 1449 Nimirum
2036 1400 2199 1448 nutrix
2225 1395 2291 1447 de

1279 1495 1591 1547 quacunque
1611 1494 1685 1539 re,
1705 1494 1821 1546 quae
1841 1476 2001 1527 nutrit
2022 1490 2070 1527 et
2095 1475 2183 1527 alit
2202 1476 2298 1526 ho·

1279 1556 1470 1616 mines,
1487 1555 1696 1608 dicitur.
1711 1553 1837 1608 vid.
1861 1555 1949 1605 W
1941 1557 2162 1625 esseling.
2186 1556 2294 1606 Ob·

1279 1654 1408 1687 serv.
1441 1636 1527 1698 11,
1557 1654 1640 1704 ¹7·

1368 1735 1386 1768 ι
1401 1733 1431 1781 9
1447 1753 1461 1777 ,
1489 1733 1575 1767 20.
1597 1714 1736 1765 Male
1758 1733 1854 1784 pro
1879 1725 1975 1765 mm
1997 1715 2050 1764 in
2072 1714 2288 1784 quibus-

1279 1794 1399 1846 dam
1423 1794 1682 1845 veteribus
1699 1813 1801 1844 cum
1813 1794 1891 1845 vel
1913 1813 2050 1866 quum
2070 1793 2257 1863 legitur
2274 1814 2288 1857 ;

1279 1874 1504 1925 suaviter
1530 1873 1669 1924 enim
1697 1885 1746 1923 et
1768 1891 1888 1923 cum
1917 1875 1968 1924 vi
1994 1886 2072 1924 ter
2100 1873 2292 1943 repeti-

1281 1966 1365 2004 tur
1402 1953 1514 2004 haec
1549 1952 1838 2022 particula;
1880 1965 2161 2023 peccarunt
2197 1971 2290 2003 au·

1282 2045 1384 2084 tem
1417 2050 1550 2100 saepe
1580 2032 1632 2081 in
1657 2030 1739 2081 his
1768 2029 2123 2099 permutandis
2149 2032 2290 2081 voci-

1282 2112 1380 2161 bus
1411 2112 1631 2163 librarii.
1656 2108 1780 2161 Vid.
1808 2109 2190 2161 Drackenborcle.
2222 2110 2289 2161 ad

1282 2190 1374 2241 Sil.
1400 2192 1512 2241 Ital.
1538 2191 1692 2253 1‚40
1712 2229 1726 2254 ,
1749 2202 1800 2239 et
1827 2189 1891 2241 ad
1918 2191 2034 2241 Liv.
2060 2191 2162 2249 VI,
2189 2189 2255 2239 23
2276 2230 2290 2250 ,

1288 2271 1317 2322 3
1336 2308 1350 2332 ‚
1368 2271 1523 2320 Tom.
1546 2270 1599 2319 ΙΙ
1622 2309 1636 2332 ,
1665 2288 1719 2338 p.
1747 2268 1874 2321 361.
1897 2302 1975 2310 -
1995 2269 2105 2320 Non
2129 2268 2288 2337 degne·

1282 2353 1357 2400 :cit
1383 2352 1645 2418 lismenaeos
1666 2388 1679 2410 ,
1709 2367 1815 2399 non
1841 2347 2004 2400 invite
2025 2349 2172 2399 cessit
2192 2368 2291 2399 nu·

1285 2429 1406 2498 ptiis
1441 2427 1700 2480 humanis.
1733 2426 1892 2480 Varie
1928 2428 2146 2480 omniuo
2183 2428 2293 2480 haec

1284 2509 1457 2561 fabula
1500 2527 1530 2559 a
1561 2508 1756 2561 Graecis
1786 2520 1999 2561 tractata
2036 2508 2187 2560 fuisse
2216 2510 2294 2559 vi·

1284 2587 1455 2640 detur.
1527 2586 1679 2657 Apud
1752 2586 2039 2640 Homerum
2106 2586 2293 2646 (Iliad.

1285 2668 1509 2730 XVIII,
1556 2664 1700 2730 434)
1737 2667 1919 2719 Thetis
1968 2665 2124 2719 πολλὰ
2175 2669 2292 2738 μάλ’

1285 2749 1369 2798 οὐκ
1397 2749 1726 2810 ἐθέλουσα,
1765 2747 1919 2797 Peleo
1953 2748 2185 2816 nupsisse
2214 2746 2289 2799 di-

1285 2826 1435 2877 citur.
1472 2825 1629 2897 Apud
1655 2823 1812 2877 Ovid.
1843 2817 2005 2892 (Met.
2041 2828 2151 2887 XI,
2186 2826 2291 2878 235

1285 2898 1454 2976 seqq.)
1472 2905 1741 2974 inopinato
1758 2904 1843 2956 illa
1866 2905 1917 2955 iu
1938 2924 2093 2975 specu
2119 2910 2295 2955 :Emo-

1287 2985 1385 3035 uiae
1421 3004 1510 3036 seu
1545 2983 1826 3035 Thessalici
1864 2984 2051 3035 littoris
2079 3004 2107 3034 a
2143 2984 2298 3035 Peleo

1287 3063 1642 3134 opprimitur:
1679 3060 1766 3113 sed
1798 3061 1941 3132 apud
1973 3064 2090 3114 Val.
2128 3063 2296 3115 Flacc.

1289 3144 1351 3205 Ι,
1392 3143 1523 3205 130,
1570 3142 1661 3192 ubi
1702 3141 1958 3193 Thetidos
2002 3143 2200 3211 nuptiae
2248 3144 2297 3193 iu

1289 3224 1429 3290 Argo
1460 3222 1612 3291 pictae
1643 3234 1790 3284 sunt,
1824 3221 2007 3273 lubens
2036 3223 2122 3273 illa
2142 3262 2155 3283 ,
2187 3221 2298 3273 ‹lel-

1290 3301 1456 3371 phino
1476 3315 1620 3352 vecta
1643 3341 1658 3366 ‚
1678 3298 1743 3351 ad
1764 3301 1977 3353 Peleum
2002 3299 2296 3353 deducitur.

1290 3380 1374 3433 Cf.
1410 3380 1629 3431 Dor-ville
1662 3378 1728 3431 ad
1764 3380 2034 3434 Chariton.
2066 3402 2120 3452 p.
2161 3384 2300 3444 360,

1290 3458 1413 3511 edit.
1450 3460 1591 3529 Lips.
1626 3472 1676 3511 et
1711 3460 1882 3528 Heyne
1916 3460 1981 3512 ad
2017 3463 2216 3514 Tibull.
2250 3465 2302 3524 1,

1296 3539 1325 3591 5
1345 3577 1359 3603 ,
1395 3542 1482 3601 46.

1376 3637 1462 3670 21.
1500 3620 1601 3686 lpse
1629 3632 1798 3687 pater,
1837 3640 1940 3671 nou
1976 3623 2216 3692 Jupiter,
2246 3634 2302 3673 ut

1290 3698 1687 3750 Mitscherle'che'us
1730 3713 1778 3751 et
1826 3700 1911 3750 alii
1952 3701 2162 3755 volunt,
2211 3700 2300 3751 sed

1291 3777 1401 3847 ipse
1413 3777 1824 3847 Thetidospater
1840 3779 2038 3831 Nereus
2052 3819 2065 3841 ‚
2083 3780 2163 3831 cui
2187 3799 2306 3850 pro·

1290 3858 1404 3928 prie
1437 3857 1680 3909 convenit
1704 3860 1882 3927 jugat-e
1913 3854 1998 3919 (iu
2032 3859 2301 3910 matrimo-

1291 3937 1437 3987 nium
1467 3933 1625 3998 dare)
1655 3937 1817 3989 filiam
1845 3938 2047 3989 marito.
2080 3941 2161 3989 Cf.
2189 3939 2305 3989 Vir-

1291 4016 1379 4086 gil.
1408 4014 1617 4067 AEneid.
1647 4017 1671 4066 Ι
1689 4055 1703 4078 ,
1737 4018 1868 4079 345.
1893 4016 2051 4069 Aliud
2078 4033 2149 4070 est
2177 4036 2305 4069 con·

1293 4093 1479 4147 cedere
1509 4095 1655 4146 alteri
1684 4096 1911 4165 puellam
1927 4136 1940 4160 ,
1961 4096 2103 4167 quod
2125 4096 2191 4149 de
2213 4100 2309 4149 Jo-
