2986 4935
878 454 1314 522 CARMEN
1379 417 1474 522 L.
2089 458 2231 550 ¹49

428 583 714 653 Multum
758 583 1029 654 lusimus
1072 587 1138 652 in
1177 588 1334 653 meis
1374 583 1655 668 tabellis,

426 695 520 760 Ut
555 706 955 760 convenerat
988 715 1166 776 esse;
1200 690 1515 759 delicatos

430 797 731 866 Scribens
769 795 1121 867 versiculos
1163 812 1436 890 uterque
1473 811 1809 882 nostrum,

427 903 729 972 Ludebat
771 929 1049 972 numero
1093 903 1291 971 modo
1329 904 1496 986 hoc,
1535 902 1734 972 modo
1770 901 1954 988 illoc,
2208 935 2226 968 5

426 1009 733 1078 Reddens
777 1024 1002 1078 mutua
1047 1035 1166 1104 per
1199 1011 1423 1100 jocum
1465 1023 1661 1102 atque
1701 1010 1947 1078 vinum.

425 1120 644 1208 Atque
684 1114 859 1184 illinc
895 1116 1064 1201 abii,
1102 1130 1217 1182 tuo
1252 1113 1474 1209 lepore

426 1223 782 1306 Incensus,
826 1223 1068 1306 Licini,
1109 1220 1521 1313 facetiisque,

426 1329 521 1394 Ut
567 1352 688 1397 nec
725 1352 831 1396 me
866 1330 1175 1395 miserum
1215 1327 1396 1395 cibus
1425 1329 1719 1418 juvaret,

144 1548 313 1601 catulli
332 1551 557 1617 animus,
575 1564 634 1603 ut
645 1551 863 1604 domum
880 1570 1132 1615 reversus,
1218 1553 1291 1604 sic
1329 1557 1499 1603 omnis
1517 1592 1529 1615 ‚
1562 1565 1692 1621 puto
1710 1591 1724 1615 ‚
1759 1571 1860 1622 qua
1888 1551 2129 1622 impediti
2158 1566 2233 1604 te-

144 1646 284 1696 quam
297 1642 431 1683 totus
443 1644 577 1684 esset
591 1632 645 1682 in
659 1631 956 1701 repetendis
974 1645 1025 1683 et
1049 1630 1134 1683 ad·
1218 1644 1412 1682 nentur
1436 1632 1763 1702 interpretes,
1787 1644 1987 1683 remota
2015 1633 2115 1685 erit
2140 1631 2240 1683 ‹lif-

149 1707 372 1762 mirandis
394 1710 547 1763 Calvi
576 1710 775 1763 facetiis
803 1724 961 1782 atque
985 1711 1131 1781 lepo·
1220 1710 1437 1762 ficultaS.
1485 1711 1624 1762 Male
1666 1713 1721 1762 in
1762 1710 1992 1763 editione
2024 1712 2233 1781 Bipont.

145 1784 296 1852 ribus,
321 1806 414 1840 nec
439 1790 565 1842 cibo
591 1805 687 1843 nec
718 1808 902 1842 somno
920 1793 1132 1860 juvare·
1220 1802 1269 1841 et
1297 1789 1408 1840 aliis
1439 1789 1829 1861 inter-pungitur
1854 1803 1970 1861 post
1987 1791 2231 1848 delicatos,

149 1876 236 1917 mr.
284 1868 495 1939 Scripsit
547 1869 710 1939 igitur
761 1870 813 1920 in
873 1871 970 1921 hac
1025 1871 1131 1939 ipsa
1220 1867 1362 1938 quod
1385 1866 1446 1919 ad
1466 1870 1748 1921 versiculos
1769 1868 2104 1922 referendum
2128 1884 2242 1929 est:

147 1945 342 2012 graviori
373 1949 538 2002 animi
570 1949 849 2002 affectione
878 1950 980 2002 hoc
1007 1968 1132 2019 poe·
1221 1949 1411 1998 delicati
1449 1951 1673 2000 >versiculi
1703 1961 1823 2000 sunt
1850 1950 2033 2016 jocosi.
2062 1981 2139 1990 —
2168 1951 2237 2001 Ue

149 2026 345 2091 matina,
383 2046 488 2098 quo
519 2028 681 2081 misso
711 2047 818 2080 non
852 2029 1020 2080 solum
1054 2029 1133 2078 in·
1220 2039 1496 2079 convenerat
1516 2049 1631 2090 esse,
1658 2029 1898 2078 dedicatos
1920 2029 1973 2079 in
1997 2029 2233 2081 Patavin.

148 2099 409 2173 domitum,
450 2126 564 2178 quo
602 2110 673 2159 ob
718 2107 978 2178 privatam
1025 2110 1135 2175 ejus
1221 2109 1410 2169 altero,
1439 2109 1599 2159 male!

149 2180 1135 2258 absentiavoluptatemnunccrucietur‚
1304 2192 1355 2237 6.
1400 2187 1617 2237 Reddens
1656 2199 1815 2237 mutua
1863 2205 1934 2240 sc.
1974 2188 2236 2249 carmina,

150 2260 428 2329 significaret
471 2264 716 2319 dolorem
763 2267 1002 2330 Licinio,
1047 2266 1134 2318 sed
1222 2264 1363 2336 quod
1411 2284 1544 2335 saepe
1589 2265 1765 2317 omitti
1802 2266 1946 2316 solet.
1976 2266 2060 2317 Sic
2099 2266 2238 2336 apud

150 2341 346 2396 eundem
387 2364 637 2416 quoque,
670 2359 726 2397 ut
755 2365 961 2398 summo
983 2385 997 2409 ,
1029 2365 1135 2416 quo
1225 2346 1413 2415 Virgil.
1462 2345 1640 2415 Eclog.
1685 2346 1792 2396 VII
1823 2383 1839 2410 ,
1883 2364 1949 2396 υ
1990 2363 2007 2396 :
2059 2370 2078 2391 .
2114 2364 2238 2416 pro·

151 2417 333 2491 flagret,
355 2442 531 2479 secum
566 2423 805 2478 versandi
832 2426 1135 2497 colloquen·
1225 2426 1362 2477 xima
1399 2425 1581 2477 Phoebi
1617 2425 1870 2477 Versibus
1910 2424 1999 2477 ine
2047 2425 2183 2477 facit.
2214 2452 2231 2471 2.

151 2495 444 2575 diquequam
457 2506 698 2577 primum
724 2506 996 2559 satisfaciat
1011 2504 1139 2557 desi·
1226 2506 1333 2556 Ubi
1366 2505 1406 2556 si
1434 2504 1501 2556 ad
1522 2510 1744 2574 proxima
1772 2506 1981 2576 supples
2006 2510 2237 2565 carmina,

150 2575 407 2654 derio,per
420 2585 669 2637 Nemesin
685 2585 1047 2637 obtestaretur.
1061 2587 1140 2637 De
1225 2603 1329 2635 non
1364 2604 1497 2655 opus
1523 2597 1597 2635 est
1626 2603 1747 2636 cum
1786 2586 1977 2656 lleynio
2016 2597 2241 2637 statuere

151 2658 289 2714 calvo
304 2663 411 2715 Lic.
432 2663 548 2717 vid.
573 2683 687 2735 sup.
708 2663 773 2716 ad
797 2664 969 2716 Carm.
991 2665 1137 2715 XIV.
1230 2667 1282 2715 τὸ
1302 2668 1523 2733 proxima
1553 2677 1799 2735 tanquam
1824 2677 2069 2716 neutrum
2094 2665 2243 2716 abso-

221 2758 263 2793 a.
281 2742 483 2796 Multum
501 2746 663 2795 [usim.
684 2748 732 2794 in
752 2749 862 2795 meis
886 2744 982 2796 tab.
1005 2746 1140 2796 Ver·
1226 2744 1335 2794 lute
1366 2745 1596 2814 positum
1625 2763 1731 2795 esse
1755 2762 1854 2813 pro
1872 2749 2130 2813 proximos.
2161 2747 2246 2796 cf.

150 2818 270 2871 ‘ibus
298 2823 433 2875 enim
460 2819 856 2890 αὖτοσχιδιαστὶ
892 2824 943 2875 in
971 2825 1141 2895 pugil·
1230 2822 1381 2892 Virg.
1419 2823 1598 2892 Eclog.
1635 2824 1738 2886 IX,
1772 2822 1871 2884 36,
1918 2836 1968 2875 et
2014 2827 2129 2874 AEn.
2175 2825 2246 2881 11.

151 2897 319 2953 laribus
332 2904 562 2955 exaratis
577 2904 703 2954 boni
725 2904 880 2955 etiam
904 2922 1144 2955 nonnun·
1235 2903 1362 2971 ²39·
1389 2904 1605 2953 Reddere
1631 2914 1791 2954 mutua
1816 2901 1973 2970 igitur
2001 2915 2078 2953 est
2102 2904 2248 2971 quasi

153 2996 289 3046 quam
312 2996 476 3051 poeto
497 2984 667 3034 animi
688 3000 839 3035 causa
860 2981 1043 3036 ludere
1065 3001 1144 3033 so·
1231 2982 1424 3032 alternis
1458 3002 1641 3032 cauere.
1682 3014 1760 3023 —-
1794 2981 1891 3030 Per
1907 2985 2069 3049 jocum
2110 2994 2249 3053 alque

151 3056 305 3111 lebant
322 3098 338 3124 ‚
378 3060 710 3133 frequentius
754 3074 927 3114 tamen
977 3076 1143 3132 poetae
1232 3064 1395 3111 vinum
1447 3062 1753 3111 insolentius
1798 3057 2000 3112 dictum
2042 3058 2253 3113 videtur

151 3133 397 3192 deterioris
432 3154 598 3194 nota.
643 3140 823 3193 Horat.
863 3142 968 3194 Sat.
1006 3144 1032 3192 1
1050 3180 1064 3203 ,
1092 3148 1144 3202 4,
1228 3160 1315 3208 per
1343 3145 1505 3190 vinum
1524 3160 1543 3199 ,·
1588 3137 1678 3190 sed
1707 3137 1814 3190 vid.
1844 3139 2077 3209 exempla
2109 3140 2251 3208 apud

159 3215 214 3266 13
256 3236 372 3290 seqq
404 3239 416 3272 ε
456 3248 479 3270 ι
510 3220 654 3273 Ecce
712 3220 983 3290 Crispinus
1053 3221 1146 3271 mi·
1235 3219 1661 3272 Drackenborch.
1707 3218 1773 3270 ad
1802 3218 1917 3269 Liv.
1953 3220 2049 3269 LX
2072 3257 2089 3281 ,
2121 3238 2172 3287 7,
2199 3239 2253 3287 9,

152 3294 278 3349 niuno
301 3317 382 3351 me
409 3314 702 3371 provocat:
731 3302 952 3369 Accipe,
983 3301 1025 3351 si
1051 3300 1142 3361 vis»,
1233 3300 1390 3351 Tom.
1422 3300 1491 3361 V,
1521 3319 1575 3369 p.
1606 3300 1737 3366 439.
1775 3298 1941 3366 Supra
1975 3296 2252 3350 dicebatur

154 3376 323 3447 Accipe
363 3382 472 3449 jam
514 3380 753 3441 tabulas,
796 3378 950 3431 detur
994 3380 1147 3430 nobis
1237 3379 1410 3429 Carm.
1438 3379 1572 3440 XII,
1603 3397 1629 3429 α
1649 3417 1663 3441 ,
1684 3383 1733 3428 in
1742 3382 1855 3447 joco
1881 3391 2021 3446 atque
2038 3382 2169 3429 vino.

154 3452 309 3520 locus,
333 3458 495 3516 hora.
537 3456 829 3511 Custodes:
861 3458 1146 3520 videamus,
1317 3478 1370 3525 7.
1405 3459 1543 3509 Illinc
1569 3457 1667 3507 abii
1690 3499 1703 3519 ‚
1735 3476 1795 3507 ex
1820 3457 1921 3508 hoc
1951 3458 2251 3510 certamine.

155 3545 255 3586 nter
282 3537 397 3607 plus
434 3540 668 3591 scribere
704 3538 879 3608 possit.
902 3562 924 3582 ·
960 3572 1038 3581 —
1060 3536 1142 3590 Cf.
1318 3539 1369 3588 8.
1408 3539 1627 3589 lucemus
1659 3555 1764 3587 non
1808 3536 1883 3588 ira
1917 3539 1987 3588 ob
2021 3555 2252 3608 praerep-

156 3610 1149 3677 C¹.Raou1-R0chette(Mem.del’Aca-
1241 3630 1344 3667 tam
1377 3617 1473 3668 sibi
1504 3617 1559 3667 in
1592 3617 1692 3667 hoc
1723 3614 2006 3666 certamine
2034 3635 2060 3667 a
2091 3617 2254 3668 Calvo

155 3689 306 3747 demie
340 3694 430 3751 des
466 3699 634 3749 Inscr.
666 3709 718 3748 et
743 3697 800 3747 B.
827 3697 888 3747 L.
915 3696 1146 3756 Tom.V,
1237 3696 1497 3764 palmam,
1531 3694 1620 3746 sed
1650 3696 1701 3745 in
1732 3696 1874 3745 bono
1904 3712 2053 3746 sensu
2078 3711 2088 3743 ε
2117 3696 2249 3748 face·

158 3763 308 3838 ῧΩἹο,
342 3768 563 3842 18²1),
588 3775 740 3828 docte
771 3775 838 3827 de
879 3790 1145 3846 extempo·
1238 3777 1426 3826 tiaram
1478 3774 1824 3827 admiratione
1872 3772 2253 3835 inflammatus,

157 3852 236 3903 reli
270 3857 495 3909 carmine
529 3854 816 3925 disputans.
853 3856 918 3907 N.
1238 3856 1391 3923 plane
1416 3855 1476 3904 iis
1501 3857 1746 3924 abreptus
1773 3864 1822 3903 et
1846 3853 1900 3902 in
1928 3871 2033 3903 una
2061 3853 2247 3904 harum

225 3934 271 3986 3.
300 3935 362 3986 Ue
385 3948 667 3986 convenerat
688 3955 799 3994 esse,
829 3936 1012 4005 supple
1032 3940 1150 3984 otio·
1240 3936 1538 3986 facetiarum
1570 3934 1883 4002 cogitatione
1913 3927 2128 3992 defixus,

157 4030 248 4074 ωε.
280 4026 328 4066 et
358 4016 561 4086 explica
589 4033 600 4065 t
635 4025 692 4064 ut
720 4027 1035 4066 conventum
1062 4015 1142 4064 in·
1320 4036 1371 4079 9.
1436 4015 1515 4064 Me
1567 4018 1778 4064 miserum
1802 4054 1812 4071 ,
1869 4011 2249 4063 vehementiori

158 4102 224 4142 ter
244 4112 334 4145 nos
357 4095 529 4148 fuerat
557 4094 658 4146 hoc
686 4091 771 4143 die
795 4113 898 4145 esse
921 4093 1142 4153 otiosos;
1232 4094 1387 4144 animi
1420 4094 1697 4145 affectione
1723 4090 2051 4158 impeditum.

1769 4185 1890 4266 ¹0³
