2986 4935
702 464 840 548 134

1218 468 1293 533 C.
1333 467 1768 533 VALERII
1828 457 2301 535 CATULLI

1009 601 1487 691 persequamur
1525 622 1708 681 eam,
1750 613 1815 666 et
1858 598 2322 692 reflagitemuS.

1009 706 1177 791 Quae
1214 706 1336 791 sit,
1370 703 1699 798 quaeritis?
1741 704 1881 790 illa,
1923 729 2122 797 quam
2167 704 2399 773 videtis

1005 813 1229 904 Turpe
1273 811 1617 891 incedere,
1662 813 1922 879 mimice
1964 836 2042 881 ac
2083 809 2353 880 moleste

1008 917 1357 984 Ridentem
1402 917 1599 985 catuli
1644 943 1759 986 ore
1794 916 2135 986 Gallicani.

1009 1026 1489 1092 Circumsistite
1526 1049 1704 1107 eam,
1743 1038 1809 1092 et
1852 1024 2219 1117 reflagitate
2259 1050 2273 1090 ε

1007 1130 1276 1198 Moecha
1317 1131 1581 1224 putida,
1630 1130 1828 1198 redde
1872 1128 2243 1214 codicillos;

1011 1237 1274 1320 Redde,
1311 1237 1544 1330 putida
1578 1237 1869 1323 moecha,
1902 1234 2256 1305 codicillos,

1010 1343 1161 1411 Non
1196 1346 1356 1412 assis
1391 1343 1594 1422 facis?
1625 1347 1687 1409 O
1730 1343 1941 1411 lutum
1965 1398 1983 1426 ,
2015 1342 2326 1437 lupanar,

1015 1457 1141 1517 Aut
1175 1453 1223 1516 si
1263 1449 1579 1543 perditius
1617 1464 1831 1543 potest
1864 1449 2023 1542 quid
2057 1475 2216 1517 esse.

694 1672 836 1722 enim
871 1670 1351 1741 interpunctionem
1387 1688 1413 1719 a
1448 1669 1715 1738 plerisque

693 1749 1014 1802 editionibus
1042 1761 1303 1819 receptam
1333 1750 1643 1817 Pugillare'a:
1676 1751 1717 1798 si

688 1835 797 1899 pati
808 1834 1006 1898 potestis
1018 1867 1034 1893 ‚
1057 1832 1403 1899 Persequamur
1420 1848 1525 1879 eam
1545 1841 1591 1878 et
1613 1830 1713 1898 refl.

697 1911 783 1961 vix
808 1911 967 1962 verba
993 1908 1272 1961 admittere
1296 1908 1563 1959 videntur.

776 1992 827 2043 8.
869 1992 1025 2060 Turpe
1065 1989 1307 2049 incedere,
1357 1988 1503 2060 quod
1548 1988 1609 2039 fit
1652 1989 1716 2038 ab

691 2069 783 2134 iis,
815 2090 1043 2140 quorum
1072 2069 1324 2134 incessus,
1357 2082 1414 2119 ut
1441 2067 1719 2120 Petronius

696 2151 799 2214 ait,
834 2153 903 2204 ita
931 2163 1040 2201 arte
1072 2150 1395 2219 compositus
1425 2161 1533 2209 est,
1567 2160 1624 2198 ut
1652 2165 1718 2197 ne

694 2231 910 2302 vestigia
934 2228 1147 2299 quidem
1175 2227 1371 2298 pedum
1398 2241 1543 2279 extra
1572 2245 1717 2277 men-

694 2329 868 2362 suram
915 2311 1177 2361 aberrent.
1226 2307 1497 2377 Ejusmodi
1543 2318 1715 2358 autem

695 2408 928 2458 gressum
977 2387 1258 2440 delicatum
1301 2389 1600 2439 meretrices
1640 2387 1718 2436 in-

696 2470 884 2539 primis
935 2466 1176 2539 placendi
1230 2486 1380 2519 causa
1434 2467 1718 2537 fingebant.

699 2551 838 2601 Hinc
863 2548 1023 2601 Ovid.
1048 2551 1159 2599 Art.
1188 2550 1306 2599 Ain.
1332 2547 1441 2611 ΙΙΙ,
1470 2566 1577 2616 ²99
1607 2565 1716 2616 sqq.

707 2657 728 2677 ι
751 2631 844 2681 Est
877 2643 929 2681 et
967 2630 1020 2679 iu
1058 2629 1261 2680 incessu
1299 2646 1419 2696 pars
1451 2646 1556 2677 non
1586 2638 1717 2676 tem-

696 2707 868 2762 nenda
898 2707 1117 2760 decoris,
1147 2705 1343 2758 Adlieit
1368 2707 1573 2775 ignotos
1600 2705 1683 2757 illa
1702 2745 1715 2765 ,

697 2790 951 2860 fugatque
994 2788 1152 2839 viros,
1209 2787 1331 2837 Haec
1379 2798 1557 2837 movet
1610 2798 1719 2835 arte

696 2869 832 2921 latus
890 2868 1183 2937 tunicisque
1236 2865 1523 2917 fluentibus
1572 2883 1720 2916 auras

699 2947 790 3010 [cf.
824 2950 1068 3017 Propert.
1107 2948 1166 3011 I,
1208 2967 1233 2997 ἰ
1258 2986 1271 3008 ,
1317 2942 1393 3005 2.]
1433 2945 1716 3014 «Excipit;

696 3043 932 3081 extensos
945 3030 1151 3098 fertque
1169 3025 1391 3097 superba
1413 3022 1589 3094 pedes.
1605 3026 1720 3087 Illa,

696 3111 838 3161 velut
863 3110 1060 3178 conjux
1078 3107 1271 3157 Umbri
1295 3103 1590 3157 rubicunda
1616 3124 1718 3156 ma·

700 3189 789 3242 riti
821 3188 1101 3250 Ambulat,
1132 3187 1367 3256 ingentes
1395 3186 1567 3236 varica
1599 3186 1719 3236 sert-

697 3288 801 3340 que
825 3267 1029 3340 gradus,
1059 3293 1078 3311 a
1129 3268 1211 3319 Cf.
1243 3266 1293 3316 in
1323 3265 1460 3315 hanc
1487 3284 1600 3315 rem
1629 3266 1717 3316 In·

700 3361 954 3419 terpretes
981 3346 1047 3397 ad
1069 3347 1281 3397 Petron.
1308 3364 1354 3397 c.
1379 3345 1639 3407 CXXVI,
1667 3358 1718 3397 et

695 3429 1030 3482 Burmannus
1060 3424 1125 3478 ad
1160 3423 1365 3476 Phaedr.
1403 3425 1528 3475 Fab.
1560 3426 1630 3488 V,
1670 3442 1717 3488 1,

705 3510 792 3561 13.
825 3508 1041 3559 Incedere
1071 3518 1245 3559 autem
1281 3505 1499 3576 proprie
1532 3503 1599 3555 de
1632 3504 1717 3567 iis,

693 3590 788 3659 qui
815 3587 1124 3659 gravitatem
1154 3582 1437 3655 quamdam
1466 3596 1519 3634 et
1547 3581 1719 3653 digni-

696 3681 854 3724 tatem
899 3669 1101 3720 incessu
1143 3665 1406 3717 affectant.
1444 3663 1604 3733 Prop.
1645 3664 1717 3728 11,

699 3774 752 3818 η,
767 3753 817 3801 6.
836 3749 915 3801 Cf.
937 3748 1083 3799 Serv·
1103 3744 1165 3796 ad
1179 3744 1329 3813 Virg.
1347 3746 1466 3794 AEn.
1483 3745 1529 3805 1,
1547 3748 1718 3805 46.—

697 3833 857 3899 Turpe
899 3825 1085 3880 morali
1131 3842 1281 3874 sensu
1319 3822 1707 3892 accipiendum,

689 3925 939 3982 tanquam
970 3924 1141 3976 parum
1167 3902 1370 3953 modeste
1395 3916 1444 3953 et
1473 3904 1707 3966 decenter,

689 3991 892 4043 delicate
926 3989 1090 4047 nimis,
1132 3997 1190 4035 ut
1223 3983 1477 4054 Doering.
1513 3995 1709 4047 monet,

688 4090 797 4124 non
830 4069 1056 4140 opinor3
1091 4062 1182 4115 sed
1214 4082 1362 4133 prave
1395 4075 1442 4113 et
1473 4065 1710 4113 invenuste

689 4151 846 4204 velim
869 4143 1107 4215 intelligi.
1126 4143 1246 4192 Vox
1268 4146 1417 4209 eeu-pb
1435 4142 1710 4211 saepissime

1803 1668 1990 1719 vitium
2011 1668 2249 1738 corporis
2264 1665 2409 1738 qnod
2430 1668 2559 1720 libet
2578 1680 2741 1721 notat.
2761 1669 2822 1720 N.

1804 1781 1881 1788 -—
1903 1747 2096 1798 Mimice
2114 1761 2162 1798 et
2182 1749 2371 1798 moleste
2404 1748 2560 1798 ridere
2586 1761 2666 1800 est
2687 1767 2828 1801 more

1804 1827 2091 1878 mimorum
2106 1840 2157 1878 et
2174 1828 2379 1897 ingrato
2394 1845 2545 1881 more
2559 1825 2828 1880 ridere.—

1809 1906 1975 1957 Catuli
1987 1927 2066 1957 ore
2083 1907 2350 1972 Gallicani,
2367 1908 2658 1978 ore—patulo
2669 1920 2721 1960 et
2732 1909 2829 1960 late

1805 1984 2063 2049 diducto,
2090 1987 2232 2056 quali
2272 1987 2382 2038 sere
2425 1988 2672 2040 instructi
2715 2000 2831 2040 sunt

1805 2083 1957 2117 canes
1974 2068 2199 2119 venatici
2219 2067 2493 2120 Gallicani.
2522 2100 2603 2109 —
2629 2069 2831 2139 Myr-mi-

1806 2167 1887 2207 ce,
1926 2147 2061 2197 male
2098 2148 2149 2197 in
2187 2160 2314 2199 vett.
2352 2145 2477 2200 edd.
2512 2167 2615 2219 pro
2653 2152 2832 2198 mimice

1806 2223 1953 2295 quod
1980 2239 2121 2278 recte
2157 2228 2421 2279 revocavit
2447 2227 2582 2280 Stat.
2610 2228 2828 2288 Murice,

1808 2304 2031 2357 Corrad.
2062 2305 2129 2357 de
2166 2307 2266 2358 All.
2294 2308 2493 2358 Ritmice
2515 2348 2530 2371 ,
2560 2305 2834 2360 Erhardus

1807 2383 1873 2436 ad
1903 2386 2117 2437 Petron.
2151 2406 2196 2438 c.
2232 2391 2360 2440 126.

1896 2484 1914 2517 1
1937 2485 1980 2517 1.
2007 2466 2189 2517 Panda
2211 2509 2223 2530 ‚
2256 2465 2479 2519 ridicula
2507 2467 2578 2519 ob
2603 2466 2831 2521 nimium

1806 2559 1858 2597 et
1901 2547 2064 2598 multa
2111 2559 2220 2598 arte
2265 2548 2544 2617 quaesitum
2586 2547 2835 2618 placendi

1806 2625 2058 2689 studium,
2075 2626 2266 2697 ineptis
2280 2627 2518 2679 moribus
2531 2625 2833 2698 displicens.

1892 2725 1912 2756 1
1930 2706 1978 2756 3.
2020 2706 2069 2757 O
2086 2707 2234 2758 lutum
2249 2747 2263 2769 ,
2300 2727 2329 2757 o
2355 2708 2562 2777 lupanar
2582 2708 2669 2759 vel
2700 2729 2731 2758 ο
2759 2709 2833 2760 lu·

1807 2797 1902 2835 tum
1937 2786 2155 2855 luparum
2184 2787 2296 2839 vult
2326 2787 2454 2839 Stat.
2489 2787 2540 2839 Ο
2568 2787 2726 2839 lutum
2755 2789 2835 2839 lu·

1798 2885 1983 2934 patiare
2003 2867 2237 2918 Vossius.
2264 2900 2343 2909 --
2376 2867 2596 2919 oblitum
2631 2888 2660 2918 o
2694 2870 2833 2938 lupa-

1806 2965 1897 2995 nar
1923 2958 2086 2997 tentat
2114 2947 2291 2998 Heius.
2321 2947 2373 2998 in
2401 2959 2510 2999 not.
2541 2945 2610 2998 ad
2635 2948 2834 3000 catull.

1805 3025 1956 3095 quia,
1986 3038 2112 3077 teste
2132 3027 2321 3077 Vossio
2339 3065 2353 3089 ,
2381 3027 2509 3077 olim
2541 3028 2739 3080 lectum
2770 3028 2834 3079 sit

1804 3105 1998 3155 oblitum
2028 3106 2247 3174 lupanar.
2270 3139 2347 3147 —
2376 3106 2426 3158 O
2449 3107 2597 3157 lutum
2630 3127 2733 3177 pro
2757 3108 2833 3158 lu·

1806 3186 1985 3235 talenta
2004 3225 2017 3248 ,
2055 3184 2267 3238 sordida
2287 3226 2301 3249 ,
2339 3198 2397 3238 ut
2421 3205 2557 3257 saepe
2578 3188 2729 3257 loqui
2750 3207 2832 3239 so·

1803 3266 1911 3317 lent
1933 3266 2154 3317 Comici.
2182 3266 2269 3317 Sic
2286 3279 2455 3336 stupor
2470 3268 2628 3336 supra
2649 3268 2832 3320 Carm.

1807 3346 1988 3412 XVII,
2009 3364 2035 3395 2
2055 3364 2073 3397 1
2090 3385 2103 3410 ,
2121 3365 2219 3415 pro
2242 3346 2459 3398 homine
2483 3345 2720 3417 stupido.
2746 3347 2833 3400 Sic

1806 3445 1982 3475 coenum
2006 3424 2148 3495 apud
2173 3426 2344 3478 Cicer.
2365 3425 2430 3478 ad
2450 3426 2614 3479 Attic.
2638 3429 2712 3491 11,
2740 3448 2768 3480 2
2784 3447 2833 3490 1,

1807 3504 1910 3556 Pro
1938 3506 2068 3557 Pub.
2098 3506 2242 3558 Sext.
2270 3525 2315 3558 c.
2355 3525 2376 3557 1
2395 3526 2442 3558 1.
2477 3506 2559 3558 Cf.
2587 3507 2832 3559 Turneb.

1805 3583 2021 3637 AdverS.
2043 3586 2246 3649 XXIX,
2274 3606 2294 3638 1
2310 3605 2360 3655 7.
2390 3587 2622 3657 Lupanar
2636 3605 2739 3658 pro
2762 3587 2833 3639 lu-

1799 3685 1882 3733 pa.
1907 3665 1996 3716 Sic
2020 3685 2181 3715 carcer
2205 3663 2347 3737 apud
2370 3667 2587 3718 Terent.
2610 3666 2830 3719 Phorm.

1807 3744 1917 3809 111,
1945 3765 1971 3796 2
1993 3784 2007 3809 ‚
2035 3744 2102 3796 25
2126 3784 2139 3808 ,
2164 3764 2263 3815 pro
2286 3745 2502 3797 homine
2519 3764 2733 3799 carcere
2758 3746 2836 3799 di·

1798 3844 1919 3894 gno.
1942 3823 2356 3893 *Hujusmodi
2390 3824 2616 3879 convicii
2649 3839 2706 3879 et
2739 3847 2836 3882 oc·

1799 3903 2111 3956 centationis
2133 3905 2434 3976 exemplum
2458 3905 2661 3976 prabet
2679 3908 2840 3961 Plau·

1800 3995 1911 4047 tus,
1944 3981 2184 4036 Pseudol.
2215 3985 2275 4048 1,
2306 3985 2336 4037 3
2359 4024 2373 4047 ,
2414 3992 2543 4047 ηις.
2574 3986 2647 4039 Ν.

1887 4082 1905 4117 1
1922 4070 1973 4126 4.
2005 4065 2114 4115 Aut
2136 4069 2181 4115 si
2201 4063 2568 4135 quidperditius
2594 4065 2650 4119 h.
2684 4086 2733 4120 e.
2763 4068 2841 4121 vi·

1800 4143 1902 4194 lius
1927 4155 1980 4196 et
2005 4143 2277 4213 abjectius.
