2986 4935
632 492 750 545 χιι
1291 488 1809 545 unm-olus
1872 489 2134 547 Novl

754 606 1351 729 Polymetrica
1391 606 1898 695 istiusmodi
1935 626 2538 720 tentamenta,
2566 639 2767 730 quae

627 788 901 844 nemo
952 756 1303 876 sapiens
1343 752 1628 875 pluris
1669 786 1926 879 aequo
1976 756 2588 869 aestimaverit,
2638 776 2768 844 ta-

626 940 840 993 men
892 907 960 991 si
1008 924 1251 992 recte
1288 901 1697 1021 judicare
1745 906 2098 1025 cupiaS,
2147 907 2379 993 ratio
2420 926 2768 1025 tempo-

628 1089 839 1143 rum
891 1051 1313 1140 habenda
1374 1073 1529 1143 est.
1587 1055 2033 1167 Quotiens
2083 1053 2360 1142 dictio
2411 1056 2766 1175 poetica

631 1206 1264 1296 excellentium
1311 1205 1720 1291 virorum
1770 1204 2023 1293 cultu
2077 1226 2165 1293 et
2220 1207 2608 1293 inventis
2656 1237 2768 1293 eo

629 1355 1069 1479 perducta
1110 1375 1287 1466 est,
1331 1374 1435 1441 ut
1474 1356 1837 1476 copiosa
1887 1354 2156 1442 simul
2195 1376 2283 1442 et
2317 1355 2765 1476 perpolita

625 1508 912 1594 niteat
935 1577 956 1618 ,
996 1535 1247 1593 vanae
1279 1502 1868 1591 multiformis
1897 1505 2579 1592 versificationis
2629 1538 2771 1592 ar-

630 1660 901 1783 gutiae
947 1656 1514 1743 sterilitatem
1551 1656 1891 1778 ingenii
1927 1658 2214 1781 magis
2249 1687 2527 1779 quam
2568 1653 2773 1742 sub-

630 1809 1055 1897 tilitatem
1104 1825 1547 1931 arguunt,
1591 1826 1680 1893 et
1727 1805 2216 1931 degeneres
2255 1808 2604 1895 animos
2653 1804 2767 1894 ad

629 1959 933 2044 inania
956 1957 1616 2079 praestigiarum
1640 1952 2304 2044 oblectamenta
2332 1955 2767 2043 alliciunt.

629 2110 832 2195 Jam
894 2102 1298 2192 difficilia
1361 2134 1532 2224 pro
1595 2103 2045 2224 pulchris,
2115 2138 2531 2226 perversa
2597 2136 2770 2225 pro

626 2258 897 2346 rectis
955 2287 1272 2342 omnes
1334 2273 1743 2374 captant,
1806 2274 1895 2342 et
1952 2254 2229 2342 stulta
2272 2252 2772 2342 verborum

632 2401 1283 2494 struendorum
1354 2404 1873 2494 curiositate
1956 2404 2421 2528 neglectus
2496 2401 2774 2492 decor

632 2557 1292 2644 sententiarum
1313 2554 1580 2671 jacet.
1610 2557 1925 2643 Donec
1946 2588 2162 2643 vero
2186 2559 2538 2677 poetice
2559 2555 2772 2644 ado-

630 2706 922 2817 lescit,
957 2735 1317 2791 necesse
1360 2723 1491 2790 est
1528 2703 1819 2792 multa
1858 2706 2171 2830 agitet,
2211 2706 2499 2794 multa
2538 2709 2775 2827 peri-

638 2855 1001 2943 clitetur
1024 2924 1046 2968 ‚
1076 2873 1165 2940 et
1197 2851 1418 2940 alios
1445 2872 1718 2975 atque
1747 2853 1967 2942 alios
2000 2853 2363 2943 habitus
2392 2855 2771 2945 induere

636 3008 999 3132 gestiat,
1044 3037 1333 3128 quum
1376 3002 1801 3118 meliora,
1843 3004 2173 3128 quibus
2219 3008 2770 3131 acquiescat,

634 3157 1030 3277 reperire
1086 3154 1456 3265 nititur,
1510 3174 1783 3278 atque
1831 3156 1987 3248 illo
2035 3154 2362 3245 sudore
2391 3228 2412 3269 ‚
2464 3160 2619 3280 qui
2674 3160 2772 3244 in

632 3309 997 3394 irritum
1044 3300 1383 3391 effusus
1423 3301 1730 3392 forsan
1766 3307 2077 3395 multis
2121 3307 2574 3420 videatur,
2623 3310 2777 3396 sti-

635 3458 777 3543 lus
830 3453 1274 3575 paulatim
1331 3451 1806 3568 subactuS‚
1855 3454 2185 3544 ducere
2235 3489 2420 3579 quo
2482 3461 2773 3545 menti

630 3602 1120 3727 placuerit,
1181 3599 1572 3690 docilem
1636 3635 1727 3690 se
1782 3602 2181 3724 praebere
2234 3609 2768 3694 consuescit.

636 3748 1443 3870 Quemadmodum
1521 3786 1749 3874 puer
1826 3755 1919 3839 in
1998 3754 2189 3843 otio
2274 3775 2777 3877 occupatus

638 3934 996 4024 semper
1024 3899 1469 4023 quidlibet
1509 3922 1930 4015 conatur,
1963 3903 2205 3992 unde
2236 3904 2466 3992 nihil
2496 3910 2777 4031 agens

636 4087 823 4142 sese
883 4048 1248 4175 fatiget3
1310 4053 1498 4139 imo
1554 4083 1771 4141 vero
1828 4051 2004 4140 hoc
2070 4056 2300 4179 agit,
2362 4053 2776 4175 palaestra

626 4202 782 4294 issa
821 4198 1256 4314 naturali,
1294 4220 1397 4287 ut
1423 4270 1445 4312 ,
1485 4198 2122 4291 membrorum
2162 4223 2458 4316 artuS,
2485 4202 2775 4327 quod-
