2986 4935
840 462 1281 537 CARMEN
1319 459 1624 527 LXVI.
2167 478 2309 546 297

767 695 1321 785 CARMEN
1389 693 1748 780 LXVI.

800 929 896 978 DE
953 928 1181 976 COMA
1239 927 1716 973 BERENICES·

287 1125 550 1188 OMNIA
594 1119 721 1212 qui.
744 1118 968 1211 magni
1005 1117 1285 1210 dispexit
1322 1115 1570 1183 lumina
1606 1115 1870 1202 mundi,

266 1331 405 1379 Aac.
419 1327 606 1393 Quum
621 1342 830 1378 carmen
846 1344 1076 1395 grecum
1093 1323 1213 1377 Cal·
1234 1315 1239 1321 ⁸

183 1407 396 1466 limachi
425 1445 442 1471 ,
509 1402 658 1475 quod
701 1405 946 1475 precibus
997 1403 1209 1456 Hortali

182 1485 446 1539 adductus
463 1483 639 1537 latinis
654 1485 891 1537 numeris
915 1484 1209 1554 exprimere

181 1565 387 1624 studuit
418 1563 688 1629 Catullus,
717 1561 786 1616 ad
819 1582 916 1615 nos
947 1582 1055 1616 non
1090 1582 1210 1634 per-

184 1646 423 1710 venerit,
465 1643 763 1696 facultatem
803 1642 927 1695 inde
967 1642 1122 1695 nohis
1159 1654 1214 1694 et

184 1726 517 1795 voluptatem
543 1759 559 1784 ‚
602 1742 664 1775 ex
720 1720 1041 1775 instituenda
1090 1740 1212 1775 cum

183 1804 423 1858 varmine
466 1820 635 1871 groeoo
675 1801 1067 1873 comparatione
1106 1815 1213 1856 tam

182 1880 548 1937 constituendi
587 1882 746 1951 hujus
784 1881 1033 1933 carminis
1076 1880 1212 1932 inte·

182 1965 431 2034 gritatem
444 1999 461 2025 ,
474 1979 630 2032 quam
651 1959 980 2033 percipiendi
1001 1979 1213 2011 omnem

184 2046 304 2114 ejus
323 2039 635 2113 elegantiam
653 2053 889 2112 ereptam
907 2057 1016 2091 esse
1033 2078 1047 2102 ,
1061 2038 1215 2091 valde

185 2119 487 2174 dolendum
514 2132 607 2172 est.
643 2151 710 2164 —-
738 2122 984 2191 Loquens
1014 2138 1112 2189 per
1134 2132 1216 2171 to-

186 2215 306 2254 tum
348 2201 452 2252 hoc
494 2196 764 2251 inducitur
803 2217 1014 2254 carmen
1053 2199 1216 2255 Coma

185 2280 495 2339 Berenices,
516 2298 631 2349 quae
645 2316 661 2339 ,
690 2300 711 2320 ·
727 2297 829 2348 qua
846 2297 998 2333 causa
1017 2278 1217 2332 Veneri

181 2360 384 2422 dicata,
399 2357 593 2411 deinde
606 2357 747 2410 inter
761 2360 899 2409 Deos
921 2358 1100 2421 relata,
1115 2370 1167 2415 et
1184 2376 1216 2408 a

183 2444 417 2495 Conone
445 2437 679 2508 primum
703 2436 840 2489 inter
861 2435 1030 2489 sidera
1049 2436 1217 2489 anim·

184 2518 468 2580 madversa
491 2517 586 2581 sit,
609 2543 631 2564 ι
656 2517 819 2569 fusius
847 2530 1070 2570 enarrat.
1096 2517 1219 2569 Fuit

179 2613 369 2652 autem
393 2597 677 2662 Berenice,
707 2616 799 2649 seu
827 2597 1078 2649 Beronice
1094 2598 1219 2648 Pto-‚-

184 2678 365 2733 lemaei
389 2674 725 2754 Philadelphi
764 2694 825 2727 ex
856 2677 1077 2728 Arsinoe
1110 2694 1219 2728 ma-

178 2763 307 2832 jore
340 2758 482 2822 filia,
509 2774 538 2808 a
566 2757 728 2810 fratre
756 2756 1038 2808 Ptolemoeo
1062 2757 1222 2808 Ever-

181 2852 311 2908 geta
330 2856 396 2889 ex
425 2835 645 2888 solemni
670 2854 817 2888 more
846 2836 1219 2906 AEgyptiorum

180 2914 299 2985 (de
330 2935 441 2992 quo
473 2913 583 2969 vid.
616 2913 837 2971 Diodor.
866 2915 968 2975 Sic.
1002 2916 1060 2977 Ι,
1108 2914 1176 2968 23
1205 2953 1220 2978 ,

178 3011 241 3050 et
287 2996 370 3052 ihi
406 2995 705 3065 Wesseling.
746 3014 799 3066 p.
840 2995 945 3058 3ο,
979 2984 1125 3067 31),
1165 2994 1221 3045 in

178 3073 599 3133 matrimonium
636 3073 811 3127 ducta.
859 3076 1014 3138 Haec,
1054 3092 1222 3144 quum

175 3175 379 3210 recens
409 3153 584 3207 adhuc
611 3157 723 3225 ejus
747 3156 938 3223 conjux
969 3152 1037 3205 ad
1063 3153 1224 3205 susci·

172 3233 452 3307 piendam
490 3247 672 3287 contra
719 3235 958 3303 Assyrios
1007 3231 1223 3304 expedi-

174 3316 401 3370 tionem
463 3315 732 3384 profeetus
792 3326 920 3365 esset
943 3352 955 3373 ,
1019 3313 1221 3365 crinem

168 3413 351 3453 suum
372 3432 390 3457 ,
418 3392 463 3445 si
488 3393 588 3445 sibi
624 3394 706 3446 vir
734 3411 856 3446 suus
888 3410 1061 3462 sospes
1095 3390 1220 3445 inde

170 3476 478 3545 victorque
521 3471 747 3535 rediret,
779 3472 979 3524 Veneri
1020 3472 1222 3523 vovisse

164 3554 416 3608 dicitur.
443 3553 609 3625 Cujus
638 3552 746 3604 voti
770 3571 937 3621 quum
955 3586 970 3613 ,
1006 3571 1063 3603 re
1088 3570 1222 3622 prae-

165 3636 337 3688 clare
378 3651 408 3684 a
450 3632 732 3683 Ptolemaeo
772 3643 938 3701 gesta,
980 3628 1223 3685 damnata

161 3725 363 3778 esset,
396 3711 615 3765 exsolvit
650 3729 703 3763 se
731 3710 985 3780 religione
1006 3750 1020 3773 ‚
1050 3724 1102 3763 et
1130 3709 1222 3762 de·

164 3810 412 3847 tonsum
445 3791 644 3844 crinem
677 3790 729 3842 iu
775 3792 974 3860 templo
1000 3790 1224 3842 Veneris

163 3872 451 3927 Arsinoes
523 3868 883 3940 Zephyritidis
954 3868 1224 3941 appendit.

162 3952 297 4007 sed
330 3950 498 4003 crinis
522 3950 610 4001 ille
640 3963 849 4020 postero
877 3947 965 4003 die
991 3967 1097 4001 non
1120 3969 1227 4001 am·

161 4033 335 4106 plius
357 4031 434 4082 ibi
452 4029 766 4101 comparuit.
779 4025 939 4093 Quod
958 4042 1122 4100 quum
1152 4048 1229 4080 re·

156 4116 257 4189 gis
285 4110 601 4181 reginaque
623 4111 949 4178 perturbaret
973 4108 1229 4171 animum,

1299 1323 1497 1390 exstitit
1547 1321 1765 1387 Conon,
1813 1323 2030 1393 insignis
2073 1327 2325 1394 temporis

1297 1415 1658 1467 astronomus,
1679 1401 1773 1473 qui
1791 1403 1930 1473 regis
1945 1402 2167 1473 gratiam
2190 1404 2325 1456 inire

1297 1481 1535 1553 cupiens»,
1553 1482 1752 1534 crinem
1777 1484 1950 1534 Deum
1962 1483 2181 1534 numine
2198 1484 2320 1535 sub·

1299 1560 1466 1614 latum
1505 1575 1558 1615 et
1589 1562 1644 1613 in
1687 1559 1832 1615 sidus
1873 1581 2185 1615 conversum
2217 1583 2325 1614 esse

1301 1638 1536 1693 doceret.
1561 1642 1646 1693 Cf.
1676 1641 1918 1713 Hyginus
1942 1642 2089 1695 Poet.
2114 1643 2323 1694 Astron.

1300 1721 1383 1788 11,
1420 1727 1511 1782 ²4·
1530 1754 1610 1762 —
1632 1721 1747 1772 Hoc
1779 1735 1888 1785 est,
1914 1720 2060 1791 quod
2081 1722 2326 1774 Callima-

1301 1799 1404 1850 cho
1461 1812 1564 1851 tam
1616 1798 1683 1851 ad
1728 1801 1994 1852 Ptolemaei
2022 1841 2036 1866 ,
2095 1801 2328 1853 numinis

1301 1878 1464 1935 instar
1505 1891 1720 1951 propter
1758 1880 2024 1948 singulare
2064 1883 2322 1936 bonarum

1299 1957 1492 2014 artium
1540 1956 1774 2010 studium
1819 1976 1847 2008 a
1885 1977 1938 2010 se
1982 1961 2141 2022 culti,
2191 1962 2326 2013 cele·

1302 2035 1561 2088 hrandam
1594 2037 1848 2107 gloriam,
1888 2057 2044 2108 quam
2091 2039 2156 2092 ad
2189 2059 2322 2110 prae·

1304 2117 1500 2170 claram
1526 2117 1761 2168 Cononis
1779 2118 1834 2168 in
1855 2118 2016 2170 rebus
2038 2121 2327 2171 caelestibus

1302 2194 1703 2247 collaudandam
1729 2196 1972 2267 peritiam
1988 2238 2002 2261 ,
2026 2199 2293 2251 materiem
2310 2238 2325 2262 ,

1303 2294 1462 2346 quam
1495 2276 1728 2327 carmine
1761 2291 2179 2347 persequeretur,
2203 2298 2329 2348 sup—

1303 2352 1560 2424 peditavit
1584 2357 2044 2425 exoptatissimam.
2069 2358 2220 2412 Lusit
2240 2378 2332 2410 au-

1305 2446 1411 2486 tem
1432 2447 1588 2506 poeta
1605 2472 1621 2497 ‚
1654 2447 1712 2487 ut
1735 2436 1895 2491 Poeta
1918 2437 2329 2502 Alexandrinus,

1304 2515 1390 2566 cui
1424 2534 1678 2585 persona,
1713 2535 1870 2587 quam
1914 2518 2090 2571 induit
2127 2520 2180 2571 in
2222 2512 2326 2574 hoc

1304 2595 1538 2646 carmine
1567 2595 1775 2660 Comae,
1800 2597 2000 2650 mirum
2025 2599 2079 2653 in
2107 2597 2327 2652 moduni

1303 2674 1534 2726 arrisisse
1574 2673 1801 2727 videtur.
1822 2675 1951 2728 vid.
1991 2679 2049 2729 de
2078 2682 2225 2747 genio
2255 2700 2331 2731 se·

1306 2754 1402 2804 culi
1425 2754 1792 2805 Ptolemaeorum
1813 2795 1826 2816 ,
1863 2757 2033 2829 Hesne
2068 2756 2264 2828 Opuse.
2289 2773 2326 2812 t.

1307 2833 1361 2892 1,
1406 2853 1461 2904 p.
1506 2835 1950 2902 177.—Graecae
1988 2838 2180 2908 linguae
2227 2840 2329 2891 hoc

1307 2930 1517 2964 carmen
1565 2911 1788 2965 reddere
1836 2916 2056 2967 tentavit
2089 2917 2329 2970 Salve'm'us

1309 2992 1641 3053 Florentium,
1678 2991 1824 3063 quod
1851 2995 1904 3046 in
1935 2996 2172 3047 tironum
2213 3017 2330 3068 gra-

1310 3071 1436 3124 tiam
1464 3071 1660 3124 Catulli
1695 3073 2019 3128 carminibus
2045 3076 2330 3147 subjicien-

1309 3148 1437 3203 dum
1468 3151 1796 3216 curabimus;
1829 3166 1882 3205 at
1917 3152 2058 3205 idem
2094 3158 2330 3211 numeris

1310 3230 1600 3283 vernaculis
1627 3229 1871 3284 incedere
1904 3234 2052 3301 jussit
2073 3236 2207 3287 Rode
2234 3238 2270 3290 l.
2292 3237 2330 3288 l.

1312 3329 1366 3380 p.
1394 3312 1484 3363 65.

1398 3410 1442 3443 1.
1482 3391 1712 3460 Despexit
1742 3392 1927 3445 vitiose
1949 3395 2003 3446 in
2034 3395 2189 3448 MSS.
2220 3397 2330 3449 Sta-

1311 3470 1387 3523 tii.
1408 3501 1483 3512 —-
1504 3471 1773 3541 Descripsit
1809 3474 1943 3527 male
1983 3487 2147 3528 tentat
2175 3477 2332 3529 Bent-

1312 3550 1455 3603 leius.
1480 3551 1758 3603 ——Moem'a
1795 3554 1984 3618 mundi,
2014 3553 2159 3625 quod
2185 3554 2335 3609 dedit

1313 3629 1570 3708 Vossius,
1577 3633 1682 3699 jam
1709 3634 1992 3703 explosum
2016 3648 2092 3686 est
2116 3654 2144 3686 a
2175 3636 2333 3687 Bent-

1313 3710 1433 3763 leiu.
1452 3742 1530 3751 —--
1552 3709 1807 3780 Dispexit5
1846 3712 2073 3783 dispicere
2101 3731 2208 3765 non
2256 3728 2329 3766 est

1312 3788 1621 3861 simpliciter
1675 3787 1854 3843 videre
1874 3831 1891 3854 ,
1950 3790 2039 3844 sed
2100 3792 2329 3846 videndo

1312 3866 1731 3929 animadvertere
1757 3909 1771 3933 ‚
1828 3885 1880 3923 et
1937 3872 2168 3943 reperire
2199 3892 2213 3934 ;
2270 3889 2330 3927 ut

1314 3948 1503 4015 passim
1533 3946 1673 4019 apud
1699 3949 2024 4003 Ciceronem.
2043 3952 2324 4015 -Mmedi,

1314 4026 1457 4091 caeli,
1480 4024 1547 4079 cf.
1580 4025 1645 4079 ad
1666 4029 1843 4080 Carm.
1873 4031 2068 4095 LXIV,
2103 4038 2229 4086 206.
2254 4067 2332 4080 --

1318 4103 1597 4161 ‹Mundus›
1636 4108 1743 4163 caeli
1796 4122 1967 4161 vastus
2006 4113 2234 4166 constitit
2269 4115 2335 4172 si„
