2986 4935
619 467 622 471 ’
697 464 834 528 103

1213 463 1289 528 C.
1325 464 1757 529 VALERII
1815 463 2281 530 CATULLI

1270 683 1824 782 CARMEN
1910 696 2224 781 XXX.

1432 941 1535 985 AD
1595 939 2063 985 ALPHENUM.

686 1143 1023 1206 ALPHENE
1057 1139 1404 1205 immemor
1435 1152 1633 1231 atque
1664 1138 1991 1204 unanimis
2028 1135 2187 1204 false
2225 1134 2595 1219 sodalibuS,

689 1249 834 1312 Jam
871 1258 933 1311 te
975 1242 1064 1310 nil
1105 1246 1398 1327 miseret,
1436 1244 1633 1329 dure,
1670 1246 1764 1310 tui
1804 1241 2011 1311 dulcis
2050 1240 2348 1327 amiculi3

689 1354 832 1417 Jam
874 1375 978 1417 rne
1023 1349 1336 1443 prodere,
1368 1349 1504 1442 jam
1543 1375 1678 1417 non
1713 1349 1971 1416 dubitas
2013 1347 2269 1432 fallere,
2315 1345 2586 1441 perfide.

691 1456 832 1524 Nec
870 1456 1041 1524 facta
1079 1457 1276 1548 impia
1313 1454 1616 1522 fallacum
1663 1456 2005 1522 hominum
2053 1453 2351 1522 caelicolis
2398 1451 2696 1547 placent3

696 1565 863 1649 Quae
899 1578 970 1630 tu
1007 1561 1315 1656 negligis,
1345 1586 1423 1630 ac
1460 1588 1566 1629 me
1609 1563 1917 1628 miserum
1961 1558 2204 1628 deseris
2247 1562 2311 1625 in
2358 1557 2565 1626 malis.
2794 1584 2813 1619 5

695 1666 909 1736 Eheu!
934 1669 1090 1761 quid
1111 1668 1351 1736 faciant
1380 1666 1620 1735 dehinc
1649 1668 1979 1750 homineS,
2000 1668 2239 1759 quoive
2269 1665 2556 1733 habeant
2587 1659 2815 1732 fidem?

776 1888 916 1938 Anu.
939 1886 1205 1937 Flebiliter
1219 1886 1457 1956 queritur
1476 1884 1543 1937 de
1563 1885 1717 1956 perfi-

696 1965 785 2018 dia
812 1966 1055 2036 Alpheni‚
1071 1985 1217 2035 aquo
1233 2005 1247 2028 ,
1271 1984 1435 2035 quum
1459 1984 1717 2016 summam

699 2046 754 2096 in
789 2046 1069 2098 arctissima
1101 2049 1213 2115 ejus
1243 2064 1415 2096 secum
1457 2056 1720 2097 contracta

698 2125 925 2176 amicitia
950 2138 999 2175 et
1014 2124 1331 2176 sanctissima
1356 2125 1454 2175 sibi
1475 2123 1595 2174 data
1614 2122 1719 2173 fide

701 2217 918 2273 poneret
961 2203 1244 2266 fiduciam,
1291 2204 1512 2273 turpiter
1565 2201 1717 2254 dece-

701 2296 822 2353 ptus
839 2322 853 2346 ,
882 2296 932 2334 et
955 2283 1007 2333 in
1037 2304 1093 2335 re
1110 2322 1125 2347 ,
1154 2284 1243 2334 ubi
1273 2284 1498 2351 probare
1522 2281 1610 2332 ille
1635 2280 1722 2332 de·

702 2362 859 2415 bebat
883 2363 1157 2432 praestitam
1183 2361 1344 2413 fidem
1361 2402 1374 2426 ,
1402 2375 1592 2430 praeter
1609 2380 1722 2412 om·

703 2461 823 2493 nem
841 2442 1144 2511 opinionem
1162 2440 1443 2492 derelictus
1455 2454 1555 2504 est;
1576 2442 1724 2510 eujus

706 2519 923 2591 quidem
972 2521 1172 2571 violatae
1207 2520 1328 2571 fidei
1365 2519 1490 2571 deos
1530 2521 1724 2571 ultores

707 2613 758 2650 et
814 2598 1045 2649 vindices
1100 2600 1211 2649 fore
1267 2598 1363 2650 sibi
1420 2618 1720 2669 persuasum

709 2679 881 2730 habet.
918 2676 1063 2741 Quid
1098 2677 1229 2730 illud
1272 2678 1458 2741 fuerit,
1495 2679 1586 2729 ubi
1625 2678 1723 2729 Ca-

706 2758 834 2809 tullo
863 2756 1090 2809 defuerit
1123 2758 1418 2826 Alphenus,
1443 2777 1551 2808 non
1583 2771 1725 2808 certo

708 2838 959 2888 affirmari
994 2851 1176 2906 potest.
1214 2839 1445 2888 Fortasse
1485 2835 1725 2888 fraudem

710 2918 754 2967 ei
799 2918 920 2968 fecit
973 2917 1024 2967 in
1073 2938 1129 2968 re
1168 2916 1446 2979 amatoria,
1473 2917 1528 2968 in
1568 2934 1724 2986 quam

711 2998 777 3048 ab
807 2998 921 3067 ipso
958 3009 1106 3048 antea
1147 2997 1374 3048 irretitus
1410 2996 1608 3059 suerat,
1642 2995 1725 3047 cui

710 3076 923 3146 quidem
967 3076 1200 3146 opinioni
1242 3076 1414 3127 favere
1464 3075 1727 3146 praecipue

712 3155 959 3207 videntur
989 3174 1038 3207 v.
1075 3174 1105 3223 7
1140 3169 1189 3207 et
1216 3157 1267 3206 8.
1298 3155 1557 3206 Caeterum
1591 3154 1721 3205 mol·

712 3235 937 3285 lissimus
965 3234 1019 3285 in
1052 3235 1152 3285 hoc
1178 3234 1409 3286 carmine
1439 3252 1616 3284 sensus
1641 3251 1727 3283 re·

714 3327 862 3384 gnat,
888 3314 978 3382 qui
1014 3312 1164 3364 facile
1205 3326 1378 3381 tangat
1406 3326 1456 3363 et
1486 3311 1553 3363 ad
1583 3330 1728 3362 com·

716 3391 1097 3443 miserationem
1133 3405 1336 3443 moveat
1361 3391 1615 3443 animum.
1644 3390 1728 3442 Cf.

716 3472 894 3524 Carm.
929 3471 1602 3522 LXXIll.-—Occasionem
1629 3470 1728 3521 hu·

712 3553 797 3621 jus
827 3550 1073 3601 carminis
1103 3550 1227 3601 falso
1254 3549 1452 3601 divinat
1483 3549 1733 3618 Doering.

717 3630 967 3700 quoniam
999 3629 1051 3680 in
1089 3626 1476 3699 interpretando
1512 3646 1665 3678 versu
1699 3630 1729 3680 8

719 3709 941 3761 erravit:
958 3727 1078 3760 narn
1101 3709 1323 3759 inducens
1342 3711 1390 3757 in
1407 3726 1608 3757 amorem
1627 3726 1735 3758 non

718 3789 974 3859 significat
1004 3787 1232 3839 deducens
1265 3787 1333 3837 ad
1356 3790 1539 3836 veneris
1577 3787 1734 3836 illece-

719 3868 853 3930 bras,
902 3866 992 3919 sed
1038 3869 1251 3918 allah-iens
1286 3865 1355 3916 ad
1382 3885 1582 3916 amorem
1633 3871 1704 3916 tui
1716 3906 1731 3926 ,

717 3946 963 4000 videlicet
995 3946 1156 3998 officii
1193 3959 1244 3997 et
1288 3945 1528 3997 amicitiae
1558 3943 1735 3997 dolosa

721 4028 908 4097 specie.
934 4027 1001 4077 N.

807 4127 853 4158 ι.
875 4106 1120 4174 Alploenc,
1154 4103 1260 4156 vid.
1287 4102 1554 4165 adCarm.
1584 4105 1660 4167 X,
1688 4123 1734 4156 1.

1804 1888 2043 1934 immemor
2068 1902 2135 1934 sc.
2168 1883 2299 1935 datae
2330 1881 2474 1935 fidei.
2510 1881 2672 1932 Unan.
2694 1880 2817 1945 salse

1802 1963 2067 2023 sodalibus,
2096 1962 2151 2015 h.
2187 1981 2233 2013 e.
2267 1964 2359 2032 qui
2387 1962 2568 2014 fallere
2595 1960 2726 2011 soles
2742 1977 2816 2010 so·

1808 2041 1950 2094 dales
1987 2042 2294 2105 unanimos,
2342 2054 2399 2092 ut
2444 2040 2610 2106 falsus
2666 2044 2817 2090 amicis

1803 2120 1949 2191 apud
1966 2120 2154 2174 Claud.
2173 2122 2329 2172 Cons.
2351 2120 2556 2171 Honor.
2574 2121 2681 2184 lv,
2699 2119 2814 2186 278.

1891 2202 1943 2253 3.
1972 2201 2056 2252 Me
2080 2200 2283 2270 prodere
2300 2240 2314 2261 ‚
2352 2199 2454 2250 hoc
2481 2211 2583 2261 est,
2612 2217 2699 2250 me
2735 2195 2818 2249 de-

1807 2298 1977 2331 serere
1993 2319 2005 2343 ,
2029 2279 2324 2331 destituere.
2355 2278 2440 2330 Sic
2461 2277 2598 2329 infra
2613 2315 2629 2342 ,
2653 2278 2817 2330 Carm.

1807 2360 2002 2424 LXIV,
2044 2377 2167 2426 190,
2198 2356 2427 2409 Ariadne
2464 2376 2516 2407 se
2540 2369 2697 2409 vooet
2714 2374 2820 2425 pro·

1808 2439 1957 2489 ditum
1975 2481 1989 2502 ,
2022 2457 2077 2489 se
2099 2458 2130 2490 a
2156 2438 2360 2490 Theseo
2395 2435 2671 2488 desertam.
2701 2432 2817 2486 Vid-

1810 2519 2042 2570 Gronov.
2064 2518 2283 2569 Observ.
2313 2518 2397 2568 111
2411 2556 2426 2580 ,
2458 2535 2527 2569 20
2547 2555 2563 2578 ,
2584 2528 2637 2567 et
2657 2516 2819 2567 (ἷκεν.

1811 2597 1879 2649 ad
1903 2598 2069 2649 Cicer.
2105 2616 2204 2667 pro
2228 2599 2287 2647 L.
2319 2597 2488 2648 Flacc.
2518 2614 2565 2648 c.
2596 2602 2691 2658 41.

1894 2684 1944 2739 4.
1977 2678 2079 2728 Nec
2090 2679 2232 2742 sacta
2260 2679 2418 2746 impia.
2449 2675 2551 2726 Nec
2579 2694 2680 2744 pro
2702 2692 2790 2724 non
2807 2711 2819 2732 ,

1811 2754 1919 2808 vid.
1938 2756 2435 2808 Drackenborchius
2452 2753 2518 2806 ad
2533 2754 2768 2817 Livium,
2780 2753 2821 2814 1,

1814 2838 1844 2889 3
1870 2870 1885 2896 ,
1912 2849 2055 2905 27⁹¹·
2086 2837 2145 2897 1,
2175 2855 2228 2904 p.
2253 2837 2361 2904 629
2392 2847 2442 2885 et
2474 2832 2612 2886 630.
2636 2830 2823 2884 Eadem

1811 2916 2062 2986 gravitate
2078 2912 2144 2965 de
2163 2916 2391 2966 Deorum
2404 2913 2608 2983 justitia
2621 2912 2824 2964 Homer.

1814 2994 2002 3065 Odyss.
2040 2994 2193 3056 XIV,
2233 2993 2301 3047 83
2349 3006 2401 3044 et
2429 2993 2500 3053 84
2535 3010 2550 3044 :
2591 2993 2708 3044 -Οὖ
2748 2990 2825 3060 μὶν

1815 3082 2017 3141 σχέτλια
2058 3075 2175 3142 ἔργα
2218 3073 2311 3124 θεοὶ
2350 3072 2567 3141 μάκαρες
2608 3073 2825 3140 φιλέουσι.

1815 3147 1947 3207 AM&
1983 3148 2123 3206 δίκην
2170 3154 2350 3214 τίουσι,
2391 3150 2474 3202 καὶ
2515 3152 2701 3221 ἀίσιμσ.
2738 3151 2828 3218 ἔργ’

1816 3233 2092 3301 ἀνθρώπων.
2107 3258 2126 3277 ι-
2151 3232 2362 3283 Confer.
2383 3230 2662 3291 Tibullus,
2691 3231 2716 3280 1
2734 3268 2749 3292 ,
2770 3247 2800 3297 9
2814 3263 2828 3285 ‚

1822 3320 1921 3376 24,
1967 3324 2018 3363 et
2060 3329 2177 3382 quae
2209 3322 2581 3379 congesserunt
2614 3311 2667 3361 in
2705 3308 2830 3359 hanc

1816 3390 2120 3443 sententiam
2141 3389 2462 3441 Gatackerus
2486 3388 2596 3440 suis
2619 3387 2830 3439 Advers.

1822 3469 2041 3522 Miscell.
2066 3470 2091 3519 1
2108 3488 2186 3539 ,7,
2206 3487 2261 3536 p.
2286 3474 2395 3531 ²14
2416 3507 2429 3530 ‚
2451 3480 2502 3519 et
2530 3466 2835 3520 Rittershius

1822 3549 1890 3602 ad
1916 3549 2146 3620 Oppian.
2174 3548 2291 3598 Hal.
2316 3548 2399 3610 11,
2423 3550 2558 3615 687,
2582 3567 2637 3618 p.
2673 3546 2797 3615 ²57·

1907 3630 1956 3681 5.
1985 3630 2109 3697 Quoe
2142 3639 2194 3679 tu
2216 3627 2397 3696 neglig.
2430 3645 2544 3696 quae
2573 3621 2833 3685 (monita)

1823 3722 1881 3759 tu
1919 3720 2164 3777 tanquam
2205 3706 2337 3757 levia
2378 3723 2567 3775 parum
2605 3723 2758 3757 curas
2789 3714 2836 3754 et

1821 3787 1970 3857 parvi
2009 3784 2217 3857 pendis.
2256 3785 2487 3837 Animam
2524 3784 2718 3836 trudere
2759 3780 2833 3834 di-

1823 3879 2014 3918 cuntur
2050 3865 2160 3930 ini,
2208 3865 2299 3934 qui
2339 3864 2495 3935 plane
2536 3864 2701 3916 alicui
2739 3879 2837 3915 sese

1823 3944 2086 3997 devovent
2118 3957 2168 3996 et
2194 3941 2530 3997 committunt
2555 3980 2573 4007 ,
2604 3944 2765 3996 vitam
2796 3952 2839 3992 et

1826 4025 2000 4076 omnia
2030 4042 2119 4074 sua
2144 4023 2302 4075 alicui
2326 4021 2566 4075 credunt.

1908 4107 1960 4155 6.
1979 4102 2135 4154 MSC.
2154 4115 2202 4154 et
2224 4115 2423 4153 veteres
2443 4100 2707 4153 editiones
2721 4101 2836 4157 dico,
