2986 4935
935 432 985 484 P
1007 433 1057 486 R
1074 433 1147 486 AE
1164 432 1350 486 FAT
1378 433 1407 484 1
1428 431 1510 486 ο.
2189 439 2274 491 x1

212 580 443 670 prosae
462 547 850 636 orationi
871 548 1371 635 cucurrisse
1398 579 1585 636 non
1610 549 1998 673 ignorat.
2032 554 2276 640 Tum

209 698 433 801 latina
482 697 778 820 poesis
841 696 1082 822 leges
1141 696 1578 784 metiendi
1645 697 2033 819 syllabas
2089 736 2284 790 ver-

214 880 538 970 sumque
592 845 1060 973 digerendi
1119 848 1669 936 astrictiores
1737 854 2291 942 constantio-

211 1028 475 1120 resque
495 1068 516 1111 ,
550 1017 641 1085 et
670 1029 908 1086 nova
933 995 1468 1086 modulandi
1501 1001 1925 1088 carminis
1957 1034 2288 1125 genera

214 1144 749 1237 desiderabat.
790 1148 1130 1268 Lyricis
1170 1145 1629 1261 cantibuS,
1664 1148 1964 1274 elegiae
1990 1222 2012 1263 7
2045 1173 2132 1240 et
2172 1152 2293 1241 le-

211 1297 582 1387 viusculis
646 1299 1122 1420 poematiis
1168 1330 1339 1385 ⁴sua
1398 1295 1707 1385 deerat
1764 1331 2136 1413 norma,
2204 1324 2292 1391 et

210 1444 651 1567 rhythmus
696 1449 1023 1571 cuique
1069 1446 1573 1569 peculiaris.
1613 1451 1956 1536 Ennius
1979 1522 1998 1562 ,
2039 1453 2294 1541 Luci-

208 1593 386 1710 lius,
411 1599 774 1688 Plautus
791 1670 813 1712 ‚
839 1599 1319 1687 Terentius
1342 1602 1818 1721 caeterique
1850 1601 2120 1729 hujus
2144 1635 2298 1691 an-

210 1746 657 1869 tiquitatis,
709 1750 781 1835 si
837 1747 967 1834 nil
1022 1750 1578 1835 intentatum
1634 1748 2156 1872 liquissent,
2208 1775 2300 1841 at

211 1917 414 1986 certe
467 1896 1101 2021 imperfectam
1148 1899 1623 1986 metricam
1685 1920 1978 1989 artem
2035 1880 2308 1991 tradi-

207 2044 487 2139 derant
523 2050 955 2172 posteris3
993 2081 1225 2172 quos
1263 2049 1501 2135 inter
1541 2050 1947 2139 Catullus
1985 2057 2308 2142 musici

204 2203 467 2319 operis
501 2203 931 2324 princeps
969 2201 1303 2297 exstitit
1345 2220 1433 2287 et
1471 2197 1588 2313 ab
1628 2201 2119 2323 aequalibus
2157 2206 2313 2293 ha-

204 2342 640 2465 bitusest3
671 2348 900 2439 adeo
939 2350 1187 2462 ut,-si
1226 2350 1428 2472 quis
1466 2347 1905 2439 doctrinae
1942 2357 2314 2474 poeticae

200 2475 684 2620 specimen,
744 2500 1035 2625 qualis
1090 2499 1242 2587 illa
1302 2521 1558 2588 aetate
1616 2500 1931 2616 fuerit,
1985 2538 2318 2630 cogno-

202 2681 420 2742 scere
462 2654 732 2766 velit‚
772 2650 1189 2741 libellum
1234 2650 1565 2739 Catulli
1615 2656 1826 2741 satis
1876 2657 2045 2742 erit
2084 2658 2321 2744 evol-

201 2805 431 2893 visse.
509 2809 940 2927 Namque
1010 2799 1137 2889 ibi
1206 2824 1692 2891 occurrent
1776 2807 2323 2927 quatuorde-

198 2953 359 3041 cim
397 2985 843 3044 versuum
898 2954 1234 3074 species
1262 2965 1311 3066 ¹,
1361 2973 1452 3040 et
1509 2952 1699 3040 aliae
1758 2987 2127 3079 quoque
2178 2990 2326 3046 oc-

198 3125 705 3214 currerent,
755 3103 924 3190 nisi
964 3100 1258 3190 multa
1298 3101 1538 3189 illius
1579 3107 1980 3192 carmina
2022 3110 2328 3228 periis-

193 3274 375 3343 sent
394 3268 448 3343 ².
487 3254 734 3372 Qui,
776 3283 1067 3376 quum
1089 3251 1569 3340 varietates
1607 3251 2099 3344 modorum
2140 3279 2329 3347 tam

192 3403 513 3495 multas
554 3399 1071 3514 adhiberet,
1114 3398 1517 3488 habilem
1553 3403 1891 3527 ingenii
1921 3407 2329 3530 vigorem

190 3555 829 3682 insignemque
864 3550 1358 3640 'solertiam
1425 3551 2014 3672 expromebat
2090 3591 2333 3646 exer-

188 3705 519 3819 cendo,
588 3701 877 3791 animi
928 3733 1241 3812 causa,
1293 3732 1483 3788 non
1540 3733 1751 3790 sane
1801 3701 2331 3795 ambitiosus

182 3852 661 3945 industriae
706 3845 1045 3939 frivolae
1090 3868 1179 3936 et
1223 3881 1620 3970 operosae
1668 3872 2197 3942 ostentator.

278 4073 481 4143 'via
512 4071 644 4141 inf.
677 4067 906 4163 vulpii
936 4067 1216 4136 Diatrib.
1249 4066 1330 4134 de
1360 4068 1523 4134 Met.
1554 4068 1790 4136 eamn.
1824 4097 1886 4163 p.
1926 4069 2039 4140 25.

278 4204 478 4278 'Vid.
520 4202 654 4274 inf.
691 4204 809 4270 vit.
840 4196 1080 4269 Catull.
1113 4224 1175 4292 p.
1196 4221 1241 4292 γι
1264 4195 1324 4268 5.

1949 4333 2019 4400 ἃ)
