2986 4935
922 379 1613 446 TESTIMONIA.
2242 396 2327 473 19

570 553 749 620 Illuc
779 551 959 619 unde
991 568 1248 644 negant
1286 552 1504 619 redire
1535 576 1956 645 quemquam.

312 714 601 805 (Versus
634 734 744 786 est
772 716 1057 800 Catulli,
1101 744 1139 786 e
1175 721 1489 788 Carmine
1526 716 1695 803 ΙΙΙ.)

544 893 812 960 Plinius
846 893 1091 983 major,
1128 893 1561 983 Proesatione
1591 897 1769 961 Hist.
1812 899 1979 964 Nat.

312 1060 615 1151 Namque
653 1072 727 1125 tu
782 1056 1036 1125 solebas
1081 1081 1259 1125 meas
1308 1082 1447 1124 esse
1496 1056 1740 1152 aliquid
1796 1074 2029 1151 putare
2084 1089 2335 1158 nugas,

208 1179 287 1232 ut
318 1164 607 1258 objicere
643 1162 880 1232 moliar
914 1165 1249 1233 Catullum
1292 1176 1799 1231 conterraneum
1836 1191 2056 1235 meum
2103 1160 2337 1266 (agno-

204 1272 330 1339 scis
365 1284 432 1339 et
466 1269 600 1337 hoc
639 1283 971 1338 castrense
1007 1264 1311 1353 verbum)
1335 1295 1348 1335 :
1371 1267 1476 1336 ille
1509 1271 1682 1336 enim
1705 1324 1724 1355 ‚
1761 1286 1836 1338 ut
1869 1274 1995 1342 scis
2018 1328 2037 1359 ‚
2069 1300 2334 1368 permu-

203 1378 354 1445 tatis
400 1375 734 1469 prioribus
776 1375 1031 1444 saetabis
1059 1430 1078 1462 ‚
1130 1373 1583 1443 duriusculum
1634 1400 1703 1443 se
1759 1376 1912 1446 fecit
1945 1432 1964 1463 ‚
2023 1385 2336 1473 quoniam

204 1481 470 1551 volebat
501 1483 810 1552 aestimari
852 1506 930 1550 ea
969 1505 1009 1549 a
1039 1480 1406 1550 Veraniolis
1449 1483 1582 1550 suis
1614 1497 1681 1549 et
1715 1481 2016 1551 Fabullis.

310 1582 509 1676 (th.
554 1612 763 1658 carm.
806 1592 854 1657 Ι
887 1604 960 1655 et
996 1591 1155 1657 XII
1184 1602 1393 1680 poetae
1431 1584 1710 1673 nostri.)

733 1764 962 1849 Idem,
1006 1763 1115 1832 lib.
1150 1766 1478 1832 XXVIII
1503 1816 1523 1846 ,
1561 1788 1711 1857 cap.
1751 1791 1814 1831 2.

311 1931 485 1998 Hinc
505 1930 841 1998 Theocriti
887 1929 1066 2021 apud
1107 1930 1376 1996 Graecos
1401 1981 1418 2011 ,
1475 1930 1730 1997 Catulla·
1769 1930 1947 2023 apud
1993 1957 2144 2019 nos,
2188 1960 2337 2028 pro·

202 2038 509 2129 ximeque
533 2033 790 2128 Virgilii
812 2089 831 2120 ‚
868 2035 1508 2103 incantamentorum
1548 2038 1865 2102 amatoria
1903 2038 2195 2106 imitatio,

724 2201 947 2285 Idem,
993 2199 1102 2268 lib.
1148 2200 1495 2283 XXXVI,
1542 2224 1696 2294 cap.
1747 2199 1812 2268 G.

312 2370 438 2435 Hic
474 2390 757 2459 namque
798 2380 896 2434 est
930 2367 1272 2434 Mamurra
1314 2368 1570 2436 Catulli
1592 2366 2002 2436 Veronensis
2036 2373 2336 2439 carmini-

200 2477 329 2543 bus
384 2476 786 2568 proscissuS‚
844 2497 1040 2567 quem
1091 2487 1157 2541 et
1206 2497 1354 2557 res,
1408 2488 1474 2540 et
1533 2473 1767 2542 domus
1818 2477 2016 2569 ipsius
2066 2477 2338 2565 clarius,

202 2605 405 2675 quam
452 2580 798 2665 Canama,
841 2579 1003 2647 dixit
1045 2578 1287 2646 habere
1309 2630 1328 2662 ,
1364 2579 1681 2672 quidquid
1713 2580 2050 2653 habuisset
2081 2602 2339 2654 comata

206 2685 519 2878 Gaihle‘i‘d.
556 2814 829 2860 carmen
866 2794 1111 2860 XXIX
1150 2792 1355 2859 nostri
1403 2787 1678 2882 poetae.)

766 2967 977 3047 Idem,
1015 2966 1126 3035 lib.
1164 2967 1432 3051 eodem,
1470 2992 1622 3060 cap.
1663 2994 1699 3034 2
1721 2993 1776 3035 1.

309 3135 439 3204 Sed
466 3149 534 3203 et
567 3136 611 3202 ii
649 3135 979 3227 pumice5‚
1012 3135 1124 3225 qui
1171 3147 1323 3200 sunt
1364 3135 1428 3200 in
1469 3157 1587 3199 usu
1637 3157 1990 3227 corporum
2032 3136 2333 3232 laevigan-

204 3242 446 3310 dorum
495 3240 751 3310 seminis
781 3293 800 3324 ‚
851 3239 987 3331 jam
1032 3238 1294 3330 quidem
1330 3253 1393 3305 et
1431 3240 1589 3304 viris
1619 3289 1636 3321 ‚
1684 3253 1919 3332 atque,
1965 3258 2037 3310 ut
2073 3247 2162 3312 ait
2206 3252 2332 3316 Ca-

202 3350 446 3432 tullus,
496 3345 696 3414 libris.

307 3448 514 3541 (Vid.
556 3476 763 3521 carm.
800 3454 848 3519 Ι
877 3466 944 3518 et
978 3442 1252 3534 XXII.)

692 3617 879 3687 Idem
902 3670 921 3701 ,
957 3616 1067 3686 lib.
1103 3619 1530 3704 XXXVIII,
1573 3643 1723 3712 cap.
1765 3619 1830 3688 6.

299 3790 567 3860 Nonius
616 3789 895 3855 Senator
922 3839 940 3870 ‚
986 3783 1158 3853 filius
1204 3787 1482 3852 Sturmae
1527 3786 1720 3854 Nonii
1764 3789 1944 3878 ejus»,
1991 3817 2182 3883 quem
2247 3799 2330 3881 Q.

199 3899 510 3970 Catullus
547 3907 751 3989 poeta
780 3894 845 3959 in
877 3889 1029 3959 sella
1070 3890 1280 3958 curuli
1310 3891 1520 3957 visum
1560 3893 1820 3984 indigne
1852 3895 2012 3961 tulit.

298 3999 324 4090 (
343 4003 506 4073 Vid.
549 4021 833 4083 carmen
869 3989 1064 4076 LII.)

1939 4131 2022 4197 22
