2986 4935
223 486 1490 506 Wmmmmmmmmss
1496 484 2252 504 mmmmm—&mm
2257 484 2345 501 WB

450 773 1116 891 VULPII
1204 773 2102 893 DIATRIBE

658 1030 811 1107 DE
868 1026 1300 1109 METRIS
1358 1029 1890 1109 CATULLI.

235 1434 670 1550 Vensuum
706 1479 1236 1574 genera‚quibus
1267 1481 1334 1546 in
1366 1477 1949 1571 epigrammatibus
1969 1479 2346 1570 caeterisque

230 1587 550 1678 poematiis
578 1587 794 1654 utitur
823 1587 1240 1671 Carnam,
1271 1609 1550 1652 numero
1581 1583 2075 1677 quatuordecim
2115 1608 2344 1652 occur-

229 1705 388 1759 runt.
412 1692 795 1787 Principem
823 1690 1042 1761 locum
1073 1692 1328 1760 obtinet
1351 1688 1713 1758 Phalaecius
1738 1688 2317 1782 hendecasyllabus
2332 1744 2350 1773 ‚

217 1798 317 1889 qui
358 1813 620 1867 constat
660 1823 699 1865 e
743 1797 1085 1891 spondam,
1126 1794 1420 1889 dactylo,
1467 1820 1543 1863 ac
1584 1796 1792 1863 tribus
1837 1796 2174 1881 trochaeiS,
2216 1795 2344 1862 hoc

218 1917 430 1993 pacto:

434 2072 596 2144 Quoi
625 2069 705 2127 do
739 2067 753 2146 Ι
786 2072 864 2127 no
892 2070 1007 2148 Ιέρῖ
1041 2069 1050 2147 Ι
1089 2069 1228 2127 dam
1261 2071 1337 2124 116
1374 2067 1383 2147 Ι
1419 2072 1556 2125 vum
1591 2069 1632 2124 li
1659 2068 1669 2143 Ι
1711 2066 1945 2124 be'lli‘nn.

215 2231 286 2295 In
313 2232 523 2322 prima
562 2246 788 2299 tamen
822 2231 1006 2318 sede,
1039 2230 1213 2325 apud
1244 2231 1643 2322 antiquiores
1682 2243 1909 2323 poetas
1939 2228 2300 2296 trochaeum
2325 2282 2341 2311 ‚

214 2334 307 2402 vel
335 2337 634 2405 iambum
671 2335 819 2406 loco
851 2337 1143 2431 spondaei
1176 2360 1654 2429 nonnunquam
1689 2336 1973 2427 recepit,
2020 2349 2093 2402 ut
2135 2336 2202 2401 in
2236 2359 2345 2402 se-

217 2443 558 2534 quentibus
584 2469 601 2511 ε
627 2441 643 2465 ¹

434 2611 552 2669 Ar‘i
582 2610 596 2687 Ι
630 2610 706 2668 da
733 2610 910 2668 modo
947 2612 956 2680 Ι
993 2615 1157 2689 ριίηιῖ
1187 2610 1200 2685 Ι
1235 2632 1299 2668 ce
1332 2613 1482 2686 expo
1519 2608 1529 2688 Ι
1567 2611 1730 2666 litam

436 2693 604 2748 meas
640 2688 650 2768 Ι
685 2696 806 2748 ἔδεε
835 2691 916 2747 fili
948 2688 958 2769 Ι
993 2690 1135 2767 qnid
1165 2694 1246 2767 pii
1284 2689 1293 2767 Ι
1332 2694 1452 2747 tare
1487 2687 1499 2766 Ι
1535 2693 1731 2766 ηῦςὸε.

216 2849 289 2913 In
332 2849 576 2935 altera,
624 2866 819 2944 poeta
886 2865 1108 2919 noster
1163 2853 1452 2920 carmine
1498 2848 1626 2943 57,
1689 2876 1764 2943 7,
1810 2850 2166 2932 creticum,
2204 2852 2338 2916 sive

215 2955 732 3047 amphimacrum
773 2956 972 3025 semel
1017 2958 1393 3051 usurpavit:
1420 2955 1436 2979 ²

446 3122 588 3176 Uno
618 3120 678 3173 in
704 3096 728 3195 Ἰ
764 3118 973 3174 neemia
1010 3117 1019 3196 Ι
1056 3120 1157 3173 ern
1194 3116 1203 3194 ι
1242 3118 1365 3175 dim
1403 3116 1412 3194 ι
1451 3118 1489 3173 u
1526 3116 1715 3173 amba.

296 3326 339 3362 1.
372 3308 541 3376 Quod
585 3309 796 3363 Catullo
846 3310 901 3361 in
938 3311 1117 3379 primo
1149 3310 1226 3361 lo·

214 3407 274 3439 co
304 3400 416 3441 tum
445 3388 759 3460 hujusmodi
794 3407 1040 3442 versuum
1060 3427 1075 3451 ‚
1114 3401 1226 3440 tum

212 3467 429 3520 aliorum
482 3487 697 3539 quoque
715 3507 732 3532 ‚
780 3467 972 3539 pedem
1022 3468 1228 3521 variare

214 3548 440 3616 placent,
459 3548 577 3601 hnc
603 3561 683 3600 est-
707 3549 919 3601 licentia
948 3567 1057 3600 non
1087 3547 1226 3600 illius

213 3628 423 3696 propria
460 3641 516 3680 et
557 3627 860 3698 singularis,
899 3639 951 3680 at
985 3628 1225 3678 omnium

211 3707 523 3759 communis.
541 3705 811 3777 Siquidem
835 3707 1039 3776 primus
1058 3709 1228 3774 cujus·

211 3804 311 3854 que
343 3805 533 3839 versus
570 3805 820 3839 numerus
854 3786 992 3839 basis
1025 3799 1128 3842 est,
1174 3787 1227 3837 in

211 3883 308 3934 qua
363 3879 512 3935 vates
554 3865 702 3935 quasi
744 3863 985 3936 proludit
1024 3878 1076 3917 et
1120 3885 1229 3917 sese

210 3943 274 3995 ad
318 3944 627 3998 canendum
654 3959 911 4016 ptaeparat
934 3985 948 4010 ,
979 3946 1228 3997 liberiore

210 4023 388 4076 modo.
432 4025 499 4076 N.

287 4127 334 4156 α.
351 4104 617 4174 vulpina,
641 4123 805 4174 quum
830 4106 885 4156 in
914 4105 1226 4157 Phalaecimn

1317 3307 1594 3360 intrudere
1659 3308 2076 3377 amphimacrum
2153 3308 2338 3377 pedem

1316 3388 1515 3452 voluit,
1543 3408 1651 3439 non
1684 3387 2122 3439 reminiscebatur
2149 3388 2339 3440 latinos

1316 3482 1529 3536 poetas,
1550 3479 1752 3519 veteres
1780 3465 1996 3536 quidem
2028 3466 2339 3535 saepissime,

1307 3547 1417 3616 §hoc
1459 3566 1609 3599 more
1648 3547 1954 3599 Graecorum
1993 3565 2112 3598 usos
2155 3547 2340 3611 fuisse,

1319 3640 1376 3678 ut
1393 3628 1436 3679 si
1461 3628 1612 3695 longa
1633 3627 1829 3696 syllaba
1850 3644 1965 3695 quae
1989 3638 2161 3694 posset
2189 3625 2341 3690 elidi,

1317 3706 1371 3756 in
1399 3708 1810 3775 subsequentem
1837 3705 2073 3756 vocalem
2106 3706 2340 3756 incurre-

1318 3798 1425 3850 ret,
1451 3784 1749 3844 dimidiata,
1777 3803 1886 3835 non
1920 3786 2196 3854 absumpta
2224 3804 2339 3836 om-

1318 3866 1477 3927 nino,
1510 3882 1781 3916 remanere
1812 3877 2011 3934 posset,
2046 3883 2239 3934 nempe
2277 3883 2338 3916 ex

1317 3945 1470 4014 longa
1524 3944 1576 3995 in
1636 3946 1852 3996 brevem
1905 3944 2306 3995 contraheretur
2324 3984 2337 4006 ,

1317 4025 1438 4094 quia
1465 4024 1602 4075 ratio
1638 4025 1865 4075 metricae
1894 4024 2017 4075 artis
2040 4057 2054 4081 ‚
2089 4036 2204 4074 tuin
2241 4025 2337 4074 La-

1320 4106 1439 4156 tina:
1468 4118 1579 4155 tum
1607 4104 1820 4165 Graecae,
1844 4115 2078 4173 tempore
2099 4123 2336 4172 pronun-
