2986 4935
774 471 1226 542 CARMEN
1284 479 1671 549 LXVIII.

2148 492 2298 564 323

368 601 675 672 Abstulit.
719 608 777 670 Ο
818 606 1061 674 misero
1100 607 1305 677 frater
1341 610 1650 709 adempte
1690 616 1885 687 mihi!

261 713 360 778 Tu
398 734 573 795 mea,
613 724 686 778 tu
719 712 1008 781 moriens
1047 714 1296 808 fregisti
1336 721 1726 809 commoda,
1770 725 2009 812 frater3

366 820 619 885 Tecum
658 843 790 885 una
827 833 967 887 tota
1009 835 1110 888 est
1147 837 1370 892 nostra
1411 826 1669 920 sepulta
1705 829 1941 902 domus
1957 864 1981 921 -;

263 926 509 992 Omnia
550 938 770 993 tecum
814 950 947 996 una
989 929 1333 1021 perierunt
1365 933 1606 1025 gaudia
1642 953 1908 1022 nostra,

369 1031 539 1118 Quae
578 1046 733 1100 tuus
770 1034 837 1100 in
881 1034 1017 1101 vita
1053 1034 1266 1104 dulcis
1303 1036 1523 1108 alebat
1556 1065 1762 1111 amor.

260 1137 518 1229 Quojus
560 1163 685 1233 ego
732 1140 999 1208 interitu
1041 1156 1182 1211 tota
1224 1144 1306 1212 de
1347 1161 1571 1216 mente
1613 1149 1840 1243 fugavi

364 1247 526 1313 Haec
561 1245 811 1331 studia,
842 1259 1041 1341 atque
1073 1275 1306 1331 omnes
1340 1251 1607 1324 delicias
1638 1259 1860 1326 animi.

259 1351 485 1438 Quare
518 1351 697 1444 quod
733 1353 1002 1422 scribis:
1035 1357 1332 1426 Veronae
1361 1375 1559 1454 turpe
1583 1365 1854 1433 Catullo

360 1460 540 1525 Esse
559 1512 577 1542 ‚
616 1458 812 1551 quod
842 1460 952 1529 hic
985 1468 1291 1556 quaequac
1321 1465 1408 1533 de
1443 1470 1720 1538 meliore
1754 1490 1926 1541 nota

236 1686 318 1719 20.
336 1667 571 1720 Abscidit
598 1664 747 1720 dedit
787 1687 850 1719 ex
882 1681 1058 1721 vetere
1075 1708 1089 1734 ,
1119 1685 1177 1723 ut

161 1746 251 1810 ait,
272 1748 532 1819 scriptura
552 1746 807 1818 Scaliger;
834 1746 924 1800 sed
938 1762 1174 1802 nostram

157 1827 429 1881 lectionem
476 1829 792 1882 auctoritate
829 1840 879 1878 et
920 1847 1176 1881 consensu

159 1905 297 1961 MSS.
324 1921 450 1961 octo
485 1922 536 1960 et
568 1908 756 1978 viginti
786 1921 838 1959 et
875 1906 1025 1961 editt.
1056 1922 1176 1961 ante

156 1983 466 2057 Scaliger-um
494 2006 805 2040 excusat-um
838 1988 1176 2041 confirmavit

156 2063 440 2120 Santenius.

231 2165 311 2199 21.
336 2147 595 2199 Nostrum
623 2159 741 2198 ante
772 2148 957 2199 oculos
986 2148 1175 2201 habuit

154 2226 390 2279 LoeicMus
430 2226 550 2278 Lib.
592 2227 701 2289 ΙΠ,
728 2227 876 2297 Eleg.
900 2229 979 2279 VI
998 2269 1009 2286 ‚
1060 2231 1130 2296 39
1153 2267 1170 2294 ,

155 2311 221 2367 40
243 2324 257 2358 :
283 2307 416 2360 «Tu
443 2304 679 2359 studium
712 2306 960 2377 lususque
991 2328 1135 2361 meos
1156 2349 1171 2372 ,

151 2397 203 2437 tu
216 2384 406 2456 gaudia
423 2386 543 2439 vitae
558 2386 750 2439 Omnia
765 2386 967 2456 fregisti
977 2403 1170 2452 morte,

148 2463 375 2536 subare,
405 2481 511 2520 tua.
541 2493 562 2514 ι

225 2566 313 2600 22.
344 2574 365 2597 ι
392 2549 599 2600 Tecum
635 2565 795 2599 omne
830 2547 1016 2611 simul,
1059 2569 1168 2620 quo

146 2622 327 2680 domus
356 2641 542 2682 nostra
573 2626 864 2694 nitebatur,
900 2629 1163 2699 sepultum

146 2719 215 2760 est
234 2706 545 2778 presidium
560 2745 580 2771 ‚
596 2707 770 2759 omnis
787 2708 958 2779 gentis
977 2723 1168 2768 nostrae

142 2786 308 2841 honor
334 2789 626 2842 exstinctus
643 2825 659 2850 ‚
687 2787 861 2839 omnis
893 2807 925 2840 a
954 2807 1169 2841 consan-

141 2867 389 2936 guinitate
428 2868 585 2920 nobis
616 2881 766 2937 parta
793 2867 1014 2921 felicitas
1040 2872 1165 2921 sub·

139 2945 236 3000 lata
259 2961 369 3015 est3
398 2974 425 2994 ι
458 2965 617 3018 quam
645 2946 875 3015 graviter
905 2946 971 3000 ad
1018 2949 1166 3001 mise-

137 3028 391 3082 rationem
415 3024 759 3079 movendam!

217 3108 306 3160 23.
342 3110 531 3162 Omnia
547 3148 560 3158 .
579 3147 592 3159 .
612 3146 624 3158 .
639 3146 652 3158 .
669 3120 851 3159 nostra.
871 3107 1027 3159 Hunc
1044 3128 1164 3160 ver-

134 3205 245 3241 sum
263 3208 376 3241 uno
394 3199 604 3240 tantum
619 3200 819 3242 mutato
835 3188 999 3239 verbo
1009 3208 1161 3240 suum

135 3266 251 3320 fecit
278 3268 534 3321 Loticlzim
564 3266 675 3319 Ecl.
705 3268 764 3330 1,
793 3267 860 3319 32
889 3286 901 3318 :
935 3267 1163 3320 «Omnia

133 3352 305 3401 tecun'l
326 3367 439 3401 una
455 3347 702 3417 fugerunt
718 3345 908 3417 gaudia
926 3361 1117 3399 nostra.
1134 3376 1154 3395 .-

213 3434 307 3491 ²4·
344 3430 479 3496 Quoe
516 3441 627 3479 tuus
674 3430 724 3478 in
766 3429 874 3478 ‘vita
893 3467 905 3489 ,
951 3442 1047 3480 etc.
1100 3432 1158 3480 In

129 3504 261 3562 hanc
275 3508 599 3561 sententiam
618 3507 871 3559 Eldickius
891 3523 1163 3578 comparat

129 3586 375 3660 Euripid.
422 3589 616 3640 Alcest.
654 3606 704 3638 ν.
743 3587 877 3650 345.
919 3615 938 3632 οι
968 3589 1033 3640 Σὺ
1067 3590 1159 3657 γάρ

129 3685 217 3736 μου
246 3669 416 3739 τέρψιν
443 3668 618 3730 ἰξιίλου
648 3668 773 3730 βίου.
813 3694 833 3713 n

208 3768 300 3817 27.
346 3749 545 3802 Sensus
583 3760 693 3799 est:
727 3773 749 3792 ι
772 3748 980 3813 Quare,
1017 3748 1162 3818 quod

128 3829 344 3893 scribis,
388 3826 716 3898 turpitudini
765 3846 873 3879 esse
919 3827 1129 3879 Catullo
1151 3869 1165 3890 ‚

128 3907 359 3963 Verona
409 3910 519 3978 jam
569 3906 921 3959 commoranti
949 3945 964 3969 ,
1017 3908 1166 3977 quod

127 3987 308 4040 Romae
356 3982 508 4049 (hic)
545 3987 769 4058 quilibet
809 3987 1044 4039 nobilior
1085 3990 1168 4040 vel

126 4066 327 4121 beatior
381 4065 581 4136 frigida
631 4067 682 4118 in
741 4067 907 4118 cubili
960 4066 1168 4121 deserto

126 4149 369 4203 membra
402 4146 584 4198 fovere
606 4186 623 4207 ,
644 4148 698 4198 h.
720 4167 764 4199 e.
788 4166 908 4199 cum
942 4149 1116 4216 puella
1141 4168 1165 4198 a

1271 1672 1478 1725 Catullo
1519 1674 1722 1731 deserta
1757 1700 2093 1737 consuescere
2129 1691 2295 1756 solet,

1238 1772 1242 1777 ’
1269 1749 1322 1804 id
1341 1791 1357 1817 ‚
1383 1754 1550 1807 Manli
1572 1797 1586 1825 ,
1611 1778 1719 1812 non
1743 1773 1895 1833 turpe
1917 1766 2109 1836 magiS,
2132 1788 2290 1840 quam

1269 1833 1520 1887 miserum
1549 1851 1623 1889 est
1645 1830 1808 1909 (quia
1840 1862 1994 1897 eausa
2022 1844 2212 1902 deserti
2242 1869 2292 1906 et

1267 1912 1545 1966 intermissi
1576 1920 1773 1970 amoris
1803 1923 1904 1975 fuit
1932 1927 2103 1994 gravis
2135 1929 2292 1985 dolor

1266 2004 1317 2042 et
1342 1987 1553 2059 luctus).
1568 2024 1587 2041 υ
1600 1998 1836 2052 ——Ponit
1856 2005 2109 2060 nimirum
2126 2010 2285 2066 Poeta

1266 2070 1375 2141 ipsa
1397 2076 1552 2127 verba
1571 2115 1586 2139 ‚
1606 2077 1800 2147 quihus
1820 2082 2047 2136 Manlius
2061 2088 2111 2139 in
2134 2092 2287 2144 missa

1261 2151 1328 2203 ad
1382 2173 1505 2206 eum
1546 2154 1614 2207 de
1657 2158 1754 2210 hac
1796 2181 1853 2212 re
1900 2165 2116 2233 epistola
2164 2189 2286 2224 usus

1263 2231 1465 2296 fuerat3
1498 2233 1642 2287 unde
1672 2238 1820 2292 facile
1842 2242 2171 2314 intelligitur,
2189 2270 2285 2304 cur

1260 2312 1316 2389 in
1357 2333 1510 2366 versu
1561 2320 1630 2369 28
1665 2318 1740 2368 hic
1771 2333 1822 2371 et
1860 2341 1910 2375 v.
1954 2344 2024 2392 ²9
2068 2333 2284 2397 tepefecit

1262 2392 1350 2456 (11.
1387 2412 1431 2446 e.
1476 2398 1766 2467 tepefacere
1800 2392 1967 2469 solet)
1998 2407 2280 2478 scripserit.

1259 2472 1419 2536 Quod
1441 2475 1657 2543 quidem
1683 2492 1740 2532 ut
1756 2482 1927 2534 statim
1950 2485 2004 2536 in
2020 2486 2278 2544 lectorum

1257 2555 1438 2604 oculos
1483 2556 1805 2624 incurreret,
1851 2562 1948 2615 alia
2005 2565 2276 2624 literarum

1259 2632 1429 2685 forma
1472 2635 1615 2688 hunc
1678 2639 1854 2692 locum
1907 2645 2276 2704 excudendum

1256 2714 1453 2764 curavi.
1474 2746 1555 2757 ·-—-
1573 2720 1698 2786 Qua»
1716 2723 1882 2773 scribis
1906 2723 1958 2774 in
1989 2744 2097 2778 uno
2122 2731 2274 2785 Voss

1255 2821 1334 2832 -—
1363 2793 1531 2863 Magis
1563 2798 1693 2849 mihi
1734 2801 1932 2854 arridet
1964 2806 2138 2860 Vossii
2187 2831 2275 2863 ex·

1254 2872 1501 2941 plicatio,
1549 2880 1696 2943 cujus
1741 2892 1914 2932 tamen
1952 2888 2272 2942 sanationem

1252 2952 1411 3021 hujus
1447 2954 1552 3005 lori
1592 2955 1778 3009 duram
1810 2955 1930 3019 (vtsst
1959 2968 2039 3013 cui
2062 2985 2115 3035 p.
2145 2975 2274 3035 quis.

1253 3038 1355 3102 quis
1396 3046 1447 3084 et
1479 3033 1702 3103 tepefiunt
1727 3056 1781 3107 p.
1819 3042 2069 3108 tepefecit)
2105 3049 2272 3103 nolim

1251 3115 1503 3181 recipcre.
1522 3116 1773 3185 [intelligit
1789 3120 2015 3176 Veronae
2038 3126 2273 3196 quisquis

1253 3204 1327 3243 est
1369 3192 1587 3245 meliore
1627 3210 1787 3260 nota,
1824 3199 1856 3251 i.
1894 3220 1938 3252 e.
1983 3203 2186 3273 elegans
2220 3224 2274 3262 et

1252 3271 1387 3323 acuti
1424 3273 1739 3344 virjudicii‚
1760 3280 1957 3332 nullam
1991 3301 2107 3353 quae
2137 3303 2274 3341 ame-

1253 3365 1339 3403 tur
1403 3350 1620 3423 dignam
1684 3360 1917 3427 reperire
1938 3399 1953 3423 ,
1993 3376 2147 3434 atque
2210 3388 2272 3419 eo

1250 3430 1390 3502 adigi
1424 3446 1483 3484 ut
1513 3436 1784 3504 tepefaciat
1805 3459 1895 3491 sua
1921 3446 2159 3499 membra
2188 3448 2275 3500 fri-

1252 3510 1371 3581 gida
1395 3513 1449 3564 in
1477 3513 1611 3565 lecto
1636 3513 1868 3586 deserto,
1892 3521 1924 3571 i.
1946 3540 1995 3573 e.
2020 3527 2150 3578 solo.
2174 3529 2274 3580 Hic

1253 3606 1325 3643 est
1362 3595 1619 3657 Veronae,
1650 3616 1755 3648 non
1791 3601 1991 3654 Romae.
2039 3606 2088 3655 T
2083 3611 2275 3674 epaegfecic

1252 3671 1450 3723 ironice
1469 3671 1672 3725 dictum
1688 3696 1702 3739 ;
1733 3682 1866 3730 male
1890 3684 2148 3752 tepefecit.
2180 3689 2277 3739 De·

1252 3763 1401 3802 sertus
1429 3753 1569 3822 apud
1600 3756 1868 3810 Catullum
1888 3800 1902 3823 ‚
1934 3782 2040 3817 non
2065 3784 2276 3836 semper

1254 3830 1526 3883 derelictum
1542 3875 1557 3898 ‚
1582 3834 1674 3887 sed
1704 3838 1859 3890 etiam
1882 3841 2030 3892 solum
2062 3846 2276 3912 quando

1256 3910 1534 3979 significat.
1559 3913 1681 3965 Vid.
1716 3918 1891 3970 Carm.
1917 3921 2115 3985 LXIV,
2148 3944 2167 3976 ι
2185 3926 2275 3986 33,

1266 4007 1283 4038 ι
1301 3991 1389 4058 87.
1412 3990 1477 4040 N.

1346 4072 1434 4122 ²8.
1461 4072 1675 4139 Quisque
1695 4074 1746 4124 in
1776 4076 1909 4131 Cod.
1935 4080 2081 4135 Leid.
2109 4105 2163 4138 n.
2187 4089 2276 4141 13.

1266 4184 1340 4190 “-
1367 4151 1632 4221 Quisquam
1667 4151 1810 4206 dedit
1838 4158 2087 4217 Muretus.
2118 4200 2195 4208 -—-
2217 4170 2279 4219 ln

1832 4269 1970 4334 21²
