2986 4935
852 704 1556 809 PRAEFATJO'.

939 969 984 977 c-
1420 975 1425 976 r
1438 971 1489 978 -ν

637 1047 687 1104 N
1102 1094 1107 1098 .

137 1092 321 1243 Qu
345 1159 614 1206 AMvis
659 1139 723 1203 in
760 1157 942 1204 inore
985 1138 1272 1229 positum
1312 1151 1443 1224 est,
1483 1153 1588 1222 ut,
1625 1143 1733 1233 qui
1774 1144 1839 1210 in
1878 1135 2083 1214 altera
2121 1147 2266 1216 libri

135 1244 511 1339 cujusdam,
545 1269 737 1336 quein
774 1242 1153 1324 ediderunt,
1188 1247 1380 1311 Parte
1413 1246 1804 1337 praefamur,
1838 1254 2128 1320 animum
2167 1257 2268 1322 in·

136 1353 365 1445 primis
403 1350 485 1417 ad
528 1373 634 1432 ea,
672 1374 816 1441 quae
854 1373 1007 1441 pars
1051 1351 1233 1441 prior
1269 1366 1536 1444 experta
1574 1368 1675 1419 cst
1704 1354 1980 1445 judicia,
2025 1359 2264 1428 adver-

136 1471 317 1538 tant,
351 1471 452 1539 et,
487 1480 633 1548 quae
670 1456 992 1548 iniquiora
1037 1457 1174 1522 visa
1213 1470 1396 1538 sunt,
1444 1457 1740 1527 refellere
1776 1477 1972 1554 atque
2015 1464 2263 1534 diluere

134 1563 481 1647 studeant;
517 1586 745 1629 causas
783 1575 1038 1643 tamen,
1075 1586 1193 1628 cur
1233 1563 1532 1655 equidem
1582 1565 1666 1632 ab
1701 1567 1828 1635 hoc
1865 1595 2047 1637 more
2083 1597 2261 1640 rece-

130 1669 401 1750 derem,
448 1668 646 1735 habui
693 1667 977 1735 idoneas·
1027 1671 1199 1735 Nam
1241 1669 1419 1761 quod
1471 1686 1649 1738 recte
1696 1673 1779 1739 ab
1822 1700 2009 1768 aequo
2045 1678 2266 1768 judice

134 1790 443 1843 monetur
466 1790 530 1844 et
554 1774 1076 1868 reprehenditur,
1096 1774 1158 1840 id
1190 1798 1225 1840 a
1251 1774 1573 1867 quolibet,
1605 1780 1715 1870 qui
1747 1801 1877 1847 non
1907 1785 2005 1850 sui
2043 1808 2265 1853 amore.

131 1882 508 1950 obcaecatus
546 1895 681 1964 est,
715 1882 1160 1972 grato'animo
1197 1882 1611 1974 agnoscitur,
1649 1898 1710 1951 et
1745 1888 1942 1954 tacite
1975 1890 2034 1955 in
2073 1885 2260 1959 nsum

133 1990 580 2070 convertitur3
603 1986 782 2078 quod
805 2011 961 2053 vero
990 2010 1025 2052 a
1057 2011 1327 2053 censore
1359 1988 1783 2081 supercilioso
1805 2045 1823 2075 ‚
1855 1992 1943 2059 nil
1966 1995 2085 2063 nisi
2110 1999 2265 2065 vitia

133 2098 457 2176 rimante,
513 2092 665 2160 ficta
713 2092 993 2161 subinde
1040 2107 1383 2185 crepante,
1432 2109 1499 2160 et
1544 2093 1624 2160 de
1665 2097 1769 2178 iis,
1807 2123 1951 2189 quae
1996 2125 2033 2166 a
2069 2127 2265 2171 sensu

129 2199 484 2294 cujuslibet
518 2198 842 2292 pendent,
876 2222 1116 2290 magna
1152 2224 1299 2265 cum
1340 2198 1580 2267 fiducia
1613 2205 2091 2294 pronunciante
2130 2223 2264 2276 stu-

125 2307 317 2376 diose
340 2320 408 2374 et
428 2320 663 2398 praeter
681 2304 952 2372 modum
980 2306 1268 2396 carpitur
1289 2320 1352 2372 et
1372 2304 1825 2398 sugillatur‚id‚
1842 2335 2045 2401 quum
2070 2339 2264 2384 nemo

123 2415 270 2483 sine
306 2411 864 2508 praevaricationis
893 2411 1260 2505 suspicione
1298 2412 1366 2478 in
1401 2436 1595 2480 causa
1633 2438 1748 2481 sua
1777 2415 1979 2507 judex
2015 2419 2266 2509 sedeat,

124 2524 379 2590 rectius
428 2544 694 2605 eorum,
749 2519 861 2611 qui
902 2518 1023 2610 ipsi
1072 2519 1134 2583 in
1184 2517 1282 2583 his
1330 2519 1524 2586 rebus
1569 2520 1827 2607 vident,
1878 2523 2264 2619 relinquitur

117 2627 427 2695 arbitrio·
458 2623 636 2692 Nihil
668 2626 865 2717 igitur
892 2623 1140 2698 habe0,
1171 2623 1346 2715 quod
1382 2626 1445 2691 in
1477 2627 1701 2693 limine
1731 2628 1994 2699 alterius
2024 2635 2265 2720 Partis»,

118 2757 273 2826 quae
307 2733 622 2801 Carmina
660 2729 899 2797 Catulli
933 2728 1236 2820 Elegiaca
1282 2733 1603 2813 continet,
1651 2760 1983 2818 moneam,
2027 2741 2145 2808 nisi
2191 2758 2264 2810 ut

115 2841 426 2933 aperiam
440 2870 481 2923 ‚0
495 2860 774 2930 quorum
803 2834 1149 2927 diligentiae
1177 2838 1427 2928 accepti
1456 2837 1779 2906 referendi
1808 2858 1960 2909 sunt
1989 2845 2262 2937 subjecti

115 2947 416 3015 Indices.
456 2946 749 3011 Priorem
788 2941 1051 3035 quidem
1088 2945 1157 3007 in
1198 2944 1598 3011 Contextum
1632 2946 1912 3014 confecit
1944 2952 2262 3023 JOANNES

113 3055 568 3121 Fami-:meus
621 3052 980 3130 STRAUBE,
1028 3047 1414 3127 Comatam,
1465 3064 1534 3116 at
1578 3054 1972 3143 posteriores
2012 3058 2258 3125 Nomi-

106 3184 284 3227 num
310 3212 334 3242 ,
373 3160 619 3225 Rerum
660 3170 730 3221 et
757 3160 826 3221 itz
874 3156 1098 3222 Notas
1136 3154 1503 3223 HENRICUS
1549 3159 1981 3227 FRANmscus
2015 3164 2065 3227 F
2071 3186 2264 3232 mms-

112 3288 339 3334 mcns
361 3266 765 3330 LAURENTH
788 3313 805 3343 ‚
831 3260 1228 3343 Cctlzletzs125;
1261 3262 1372 3352 qui
1403 3259 1537 3327 duo
1555 3265 1839 3331 Juvenes
1859 3290 2009 3333 cum
2036 3266 2262 3355 laude,

104 3398 266 3466 quae
301 3370 377 3437 in
401 3370 667 3462 optimae
699 3379 869 3433 notae
899 3364 1248 3459 discipulos
1279 3365 1483 3452 cadit,
1508 3370 1825 3454 maxima,
1858 3385 1923 3438 et
1943 3397 2092 3441 cuin
2116 3402 2261 3470 spe,

105 3502 329 3572 quam
374 3474 459 3544 de
492 3473 720 3541 studiis
749 3474 1156 3557 excitarunt,
1188 3469 1543 3558 laetissima,
1576 3489 1729 3543 ante
1748 3500 1994 3545 annum
2023 3505 2059 3549 e
2083 3481 2264 3552 disci·

102 3585 305 3679 plina
368 3594 591 3649 nostra
642 3580 924 3671 egressi,
958 3602 1133 3645 nunc
1178 3576 1426 3667 altioris
1461 3577 1775 3650 doctr'inae
1808 3584 2037 3655 studiis
2071 3614 2260 3658 seve-

103 3716 258 3759 ram
308 3710 595 3781 operam
644 3698 888 3752 navant
926 3685 991 3751 in
1021 3683 1370 3750 Academia
1416 3686 1708 3770 lenensi,
1757 3688 1974 3782 ibique
2019 3693 2083 3758 in
2122 3698 2261 3778 via,
2313 3712 2314 3715 ’

99 3822 244 3892 qua
280 3793 384 3862 ad
432 3816 652 3858 veram
686 3789 956 3885 gloriam
1004 3791 1172 3875 itur,
1218 3804 1483 3857 strenue
1534 3808 1835 3885 pergunt.
1882 3798 2258 3869 scribebam
2346 3865 2354 3874 ,

99 3903 381 3975 Gothae
416 3896 722 3965 Calendis
754 3898 1010 3963 Martiis
1046 3919 1411 3966 Mnccxcn.

1396 4048 1462 4113 F.
1523 4048 1607 4114 G.
1659 4049 2159 4123 DOERING.

1876 4243 1961 4312 ις)
