2986 4935
969 425 1549 485 PRAEFA'rlo.
2201 434 2347 490 xx1

193 546 380 636 huc
399 542 858 655 afferam¹,
881 541 990 630 (16
1003 541 1334 666 quibus
1353 544 1990 676 disertissimus
2000 548 2350 640 Rhetor

196 694 457 786 haud
503 695 976 783 immerito
1021 698 1649 816 pronuntiavit
1695 731 1714 784 t
1760 740 1795 776 c<
1818 698 1943 788 Ce
1992 722 2199 789 sont
2236 700 2349 790 de

206 848 484 969 petits
514 842 1231 959 chefs-d'oeuvre,
1264 847 1388 936 ou
1423 846 1486 933 il
1526 848 1678 969 n'y
1714 882 1765 936 a
1792 881 1954 970 pas
1988 883 2118 937 un
2146 872 2348 941 mot

213 997 369 1120 qui
430 1028 549 1082 ne
606 994 783 1083 soit
833 995 1299 1115 precieux,
1362 996 1592 1084 mais
1652 995 1869 1120 qu’il
1922 1017 2054 1087 est
2117 1003 2351 1090 aussi

212 1140 739 1267 impossible
783 1141 1281 1266 d'analyser
1328 1178 1506 1268 que
1560 1143 1671 1233 de
1722 1146 2148 1237 traduire.
2201 1152 2354 1239 On

211 1290 537 1380 definit
601 1289 1010 1380 d’autant
1070 1292 1372 1379 moins
1437 1291 1523 1380 la
1590 1325 1856 1418 grace
1924 1298 2202 1418 qu'on
2262 1296 2349 1385 la

211 1462 414 1533 sent
466 1443 801 1530 mieux.
856 1440 1109 1532 Celui
1157 1443 1315 1566 qui
1357 1475 1698 1565 pourra
1755 1443 2223 1569 expliquer
2262 1448 2348 1537 16

208 1594 589 1684 charme
642 1590 796 1679 des
840 1590 1249 1718 regardS,
1301 1590 1425 1679 du
1470 1595 1861 1707 sourire,
1911 1593 2021 1684 de
2068 1595 2156 1685 la
2199 1595 2349 1685 de-

204 1742 587 1833 marche
667 1740 932 1830 d'une
1015 1738 1349 1829 femme
1433 1740 1820 1831 aimable
1858 1814 1880 1856 ,
1963 1745 2344 1835 celui-la

204 1926 555 2016 pourra
590 1890 1055 2014 expliquer
1092 1889 1175 1978 16
1214 1891 1581 1979 charme
1621 1891 1776 1980 des
1804 1927 2006 1983 vers
2035 1894 2147 1983 (16
2186 1898 2347 1987 Ca·

205 2042 434 2131 tulle
456 2054 566 2129 ’.υ
610 2042 864 2155 Quos
902 2041 1243 2128 eximiae
1277 2042 1609 2128 mentis
1636 2041 2344 2161 jucundissimos

207 2190 525 2304 foetus,
576 2191 734 2314 qui
780 2222 1150 2311 prorsus
1198 2189 1683 2280 Catulliani
1733 2212 1989 2306 sunt,
2047 2227 2344 2318 neque

207 2340 511 2430 saeculi
557 2338 1145 2429 obscoenitate
1184 2338 1538 2454 infecti,
1577 2338 1736 2428 ubi
1765 2341 2133 2457 videriS,
2175 2347 2340 2433 etsi

203 2493 445 2580 tristi
495 2489 978 2611 supercilio
1024 2521 1503 2577 censuram
1549 2495 2076 2613 susceperis,
2130 2527 2342 2582 con-

204 2639 398 2730 fido
452 2672 645 2730 non
700 2641 991 2764 magis
1044 2635 1210 2726 tibi
1254 2640 1870 2727 ‘constituram
1922 2645 2339 2731 severita-

197 2810 444 2904 tem,
503 2822 782 2914 quam
843 2790 1372 2914 gravissimo
1425 2787 1556 2875 illi
1613 2793 2343 2916 areopagitarum

196 2940 633 3054 consilio,
694 2937 1024 3064 quibus
1074 2972 1329 3027 ream
1385 2937 1950 3028 intuentibus
2005 2939 2341 3030 formo-

196 3093 657 3179 sissimam
695 3087 1091 3178 calculus
1130 3085 1575 3175 infaustus
1614 3087 1962 3176 excidit.

336 3242 642 3354 Nunc,
670 3238 779 3329 de
805 3237 1164 3330 Catullo
1188 3221 1611 3359 praefatus
1633 3308 1655 3350 ,
1690 3271 1976 3358 pauca
2016 3236 2126 3327 de
2165 3239 2336 3330 hae

185 3390 605 3481 editione
651 3387 1093 3508 adjiciam.

314 3641 431 3708 ¹E.
467 3665 528 3735 g.
567 3664 604 3708 e
637 3637 893 3723 multis,
928 3639 1154 3706 carm.
1195 3607 1335 3723 11'1‚
1359 3639 1417 3703 v
1460 3636 1542 3703 ad
1581 3636 1924 3720 Lesbiam,
1954 3638 2222 3707 xxxv
2251 3641 2334 3707 ad

172 3745 584 3833 Caecilium,
626 3747 810 3814 XLV
850 3745 932 3812 de
973 3746 1176 3813 Acme
1223 3756 1291 3810 et
1325 3743 1683 3836 SeptimiO,
1731 3744 1927 3826 LXI,
1968 3745 2160 3810 LXII
2197 3748 2330 3837 epi-

164 3854 551 3940 thalamia,
591 3852 921 3922 LXXXV
962 3849 1047 3919 de
1091 3872 1316 3917 amore
1363 3850 1599 3936 invito,
1645 3849 2006 3916 LXXXVI
2049 3847 2141 3917 'de
2188 3850 2330 3918 for—

159 3983 390 4035 mosa
412 3975 537 4029 etc.
567 3973 698 4027 etc.

300 4067 324 4094 ²
350 4069 446 4136 La
488 4069 755 4160 Harpe,
781 4064 997 4133 Cours
1040 4061 1122 4130 de
1151 4056 1573 4145 Litterature,
1614 4075 1793 4129 tome
1814 4061 1922 4144 ΙΙ,
1964 4085 2110 4154 pag.
2153 4061 2331 4157 189,

154 4177 349 4247 e'dit.
391 4172 739 4268 d'Agasse.
