2986 4935
766 423 775 428 ”
823 415 1265 483 CARMEN
1322 416 1606 482 LXIV.

2133 416 2279 510 273

270 547 594 618 Flammau·
634 547 1100 629 PltaetliontiS‚
1142 562 1209 615 et
1248 549 1424 615 aeria
1463 572 1816 643 cupi-essm

273 659 417 724 Haec
451 656 696 724 circum
735 652 919 722 sedes
955 651 1085 722 late
1125 668 1434 722 contexta
1473 651 1750 734 locavit,

271 761 671 831 Vestibulum
714 774 791 829 ut
835 757 1018 828 molli
1055 758 1344 828 velatum
1393 761 1629 829 fronde
1674 764 1936 830 vireret.

362 871 510 937 Post
549 869 728 936 hunc
762 867 1190 959 consequitur
1224 865 1447 935 solerti
1478 868 1681 936 corde
1709 869 2179 954 Prometheus,
2209 901 2283 948 295

268 976 622 1043 Extenuata
660 999 899 1068 gerens
936 975 1176 1041 veteris
1213 974 1486 1066 vestigia
1525 998 1778 1067 ρώπως

268 1083 474 1169 Quam
510 1079 847 1176 quondam
894 1078 1059 1148 silici
1097 1080 1435 1147 restrictus
1472 1081 1773 1150 membra
1813 1096 2044 1149 catena

267 1185 605 1273 Persolvit,
638 1186 934 1281 pendens
969 1211 1005 1254 e
1043 1186 1399 1253 verticibus
1434 1189 1805 1281 praeruptiS.

264 1292 416 1361 Inde
451 1307 638 1387 pater
672 1293 962 1375 Divum,
1010 1306 1235 1361 sancta
1279 1317 1430 1359 cum
1478 1294 1799 1386 conjuge,
1845 1294 2149 1387 natisque

173 1489 375 1523 oencnsso
392 1476 569 1524 vertioe
587 1485 729 1524 nutat
744 1512 759 1536 ,
789 1483 842 1523 et
871 1472 943 1524 sic
972 1471 1165 1541 passim

174 1547 233 1601 de
254 1550 487 1604 arborum
514 1552 694 1606 ramis·
719 1583 797 1594 --
817 1551 923 1604 Pro
948 1551 1166 1621 lentaque

171 1627 375 1701 Scaliger
402 1631 523 1685 fecit
536 1633 761 1703 fletaque
788 1649 897 1683 non
929 1629 1095 1695 male,
1121 1631 1166 1682 si

172 1727 276 1760 usus
298 1710 480 1782 lingum
512 1712 712 1764 ferret:
744 1712 815 1764 sic
841 1709 1165 1762 πολυκλαυτοὶ

171 1789 346 1860 αἴγειροι
376 1790 519 1863 apud
570 1791 746 1862 Orph.
784 1810 837 1843 v.
890 1791 1023 1859 951.
1061 1788 1163 1842 Sed

168 1870 309 1939 magis
327 1871 494 1942 placet
519 1872 738 1942 antiqua
768 1869 924 1922 lec-tio
946 1870 1166 1942 lentaque

169 1976 237 1991 -
258 1953 490 2022 proflua
519 1952 568 2003 οἱ
598 1951 819 2003 omnino
850 1948 1164 2001 mutandum

166 2027 224 2078 nit
242 2031 294 2080 τὸ
325 2031 448 2083 lanea
464 2073 480 2094 ,
509 2031 717 2084 mavult
741 2041 882 2082 certe
887 2029 1060 2100 flenda
1082 2031 1163 2081 vel

156 2107 299 2174 flebili
319 2109 537 2165 Gurlitt.
568 2110 628 2162 in
656 2109 915 2162 Observv.
944 2107 1012 2161 ad
1047 2109 1101 2160 h.
1126 2110 1163 2160 l.

163 2204 209 2257 p.
220 2205 241 2240 ι
252 2207 276 2242 ²
288 2208 334 2242 ο.
348 2190 478 2244 Satis
488 2190 803 2244 festinanter
822 2190 834 2240 ἔ
855 2208 977 2242 nam
991 2189 1165 2260 prima

162 2266 210 2317 in
226 2269 396 2337 stebias
419 2288 635 2343 temper
658 2268 1001 2339 producitur3
1026 2271 1163 2338 ejus·

162 2347 291 2401 modi
320 2367 520 2404 errores
561 2362 742 2410 autem
770 2361 1059 2402 nascuntur
1099 2367 1163 2400 ex

157 2424 302 2482 nimia
319 2428 621 2502 corrigendi
641 2442 693 2482 et
709 2426 1027 2482 emendandi
1041 2447 1165 2499 pru-

158 2506 418 2576 rigine.—-
436 2512 555 2563 Non
588 2514 687 2561 sine
715 2514 906 2562 natanti
935 2510 1162 2578 platano.

155 2584 419 2643 Platannm
440 2591 497 2644 in
515 2589 724 2644 deliciis
735 2591 994 2641 Veterum
1008 2589 1163 2639 fuisse

157 2663 297 2722 docet
325 2669 602 2724 Gronovius
629 2668 926 2722 Observatt.
956 2670 1012 2732 1,
1033 2688 1078 2719 c.
1109 2670 1161 2719 5.

155 2749 416 2823 —Lentaq.
442 2771 611 2804 sorore
636 2750 949 2801 Phaethontis
970 2768 986 2799 .·
1014 2748 1165 2799 alnus

153 2827 228 2879 Vel
255 2831 516 2900 populus;
556 2829 682 2883 satis
712 2843 836 2882 nota
867 2827 1043 2881 sabula
1081 2846 1163 2877 so-

155 2923 322 2960 rorum
340 2909 691 2964 Phaethontis
720 2910 774 2961 in
803 2909 1015 2961 arbores
1045 2926 1162 2958 mu-

152 2998 363 3041 taturum
400 2992 488 3043 vel
534 3009 603 3042 ex
636 2988 795 3041 ovid.
827 2990 1039 3040 Metam.
1074 2988 1128 3038 11
1148 3024 1164 3049 ,

159 3069 257 3121 225
290 3087 406 3142 sqq.
436 3071 507 3124 cf.
533 3069 755 3123 Lucian.
790 3071 856 3121 D.
888 3070 955 3120 D.
985 3068 1166 3127 XXV,

153 3143 181 3197 3
198 3186 212 3211 ,
233 3160 285 3201 et
304 3150 381 3202 ihi
405 3150 740 3203 Hemsterlw.
772 3168 828 3220 p.
859 3150 983 3201 208.

226 3228 352 3296 ²93·
371 3231 499 3282 Late
530 3241 780 3289 contexta,
815 3226 1002 3281 ordine
1030 3245 1166 3297 quo-

148 3304 261 3361 dam
300 3309 441 3362 circa
482 3323 653 3363 totam
684 3307 905 3361 domum
947 3306 1086 3358 inter
1113 3325 1166 3357 se

146 3388 431 3442 consociata
450 3408 468 3453 ς
490 3390 715 3443 observa
744 3406 895 3439 usum
920 3390 1129 3437 neutrius
1151 3423 1165 3444 ‚

148 3484 261 3520 nam
290 3470 515 3539 proprie
542 3467 769 3520 debebat
803 3486 911 3519 esse
940 3467 1025 3517 has
1052 3485 1166 3515 con·

144 3559 307 3601 textas.

222 3626 350 3697 295.
374 3629 565 3683 Solet-ti
581 3629 721 3680 corde
752 3628 992 3680 Prometlae.
1020 3627 1169 3695 ἀγκυ·

142 3709 368 3777 λομῆτης.
403 3706 566 3763 Inter
609 3710 747 3761 Deos
784 3719 1003 3777 apparet
1046 3706 1171 3756 Pro-

142 3789 404 3853 metheus,
435 3790 537 3861 qui
569 3792 675 3858 jam
704 3788 769 3840 ab
798 3786 1048 3856 AEschylo
1074 3804 1170 3836 vo-

142 3879 285 3921 titur
313 3870 565 3940 συγγενὴς
593 3870 692 3928 Θιὸς
710 3899 728 3926 ‚
763 3867 856 3919 ubi
884 3865 992 3918 vid.
1023 3864 1171 3916 Stan-

1343 1474 1474 1538 296.
1506 1471 1565 1520 V
1556 1473 1729 1540 estigia
1741 1490 1916 1541 poenae.
1942 1469 2025 1523 Cf.
2047 1470 2282 1541 AEschyl.

1257 1548 1534 1603 Prometh.
1564 1551 1748 1603 Vinct.
1797 1570 1847 1602 v.
1900 1550 1969 1603 55
1991 1588 2007 1613 ‚
2051 1568 2284 1619 quocum

1258 1629 1508 1680 Nostrum
1541 1630 1619 1682 ibi
1640 1632 1749 1700 jam
1775 1631 2103 1700 comparavit
2132 1630 2283 1683 Stan-

1256 1708 1391 1759 leius.
1412 1742 1493 1750 —
1516 1710 1741 1778 Vestigia
1779 1721 1966 1762 notant
1997 1711 2285 1780 στίγματα,

1257 1806 1377 1859 quae
1422 1801 1602 1841 catena
1650 1789 1983 1860 impresserat
2042 1789 2131 1843 Sic.
2173 1792 2280 1859 ἴχνη

1258 1869 1574 1938 τραυμάτων,
1601 1871 1888 1938 μαστίγων,
1915 1876 2113 1939 πληγῶν
2131 1907 2147 1934 ,
2180 1884 2289 1923 etc.

1258 1949 1345 2001 Cf.
1372 1947 1594 2000 omnino
1616 1947 1940 1999 Hermeerhus.
1962 1948 2029 2000 ad
2062 1951 2280 2002 Luciau.

1258 2040 1385 2078 tom.
1404 2029 1455 2091 1,
1477 2046 1531 2097 p.
1559 2030 2074 2091 28o.—-E.ttenuata‚
2103 2048 2281 2099 parva,

1257 2106 1393 2158 levia
1421 2118 1473 2158 et
1497 2125 1646 2176 paene
1665 2110 1773 2177 jam
1794 2105 2284 2160 obducta.—E.ree·

1256 2198 1408 2237 necata
1433 2189 1644 2255 vestigia
1671 2187 2045 2256 interpretatur
2073 2189 2280 2240 Lenzius

1256 2265 1323 2317 de
1379 2284 1577 2319 corona
1621 2285 1685 2318 ex
1744 2265 2028 2316 viminibus
2075 2268 2242 2321 salicis
2263 2309 2278 2334 ,

1256 2364 1413 2417 quam
1441 2345 1792 2397 Prometheus
1810 2345 2034 2397 vinculis
2058 2349 2278 2412 solutuS,

1256 2439 1315 2477 ut
1331 2426 1506 2497 aliqua
1525 2445 1589 2478 ex
1620 2438 1767 2496 parte
1790 2425 1912 2478 Jovi
1934 2426 2247 2481 satisfaceret
2267 2469 2282 2495 ‚

1254 2524 1571 2576 poenamque
1603 2505 1838 2577 pendere
1863 2504 2151 2570 videretur,
2171 2522 2284 2560 tan·

1254 2604 1414 2656 quam
1447 2586 1639 2637 veteris
1671 2604 1838 2655 poenae
1872 2601 2276 2640 monumentum

1252 2679 1469 2734 gestasse
1496 2664 1709 2723 dicitur,
1745 2664 1810 2716 ad
1834 2684 1990 2735 quam
2010 2668 2277 2720 stabilien-

1253 2744 1376 2797 dam
1409 2744 1715 2796 sententiam
1744 2743 1922 2796 laudat
1940 2746 2182 2817 Heym'um
2209 2748 2278 2800 ad

1254 2823 1567 2893 Apollodor.
1593 2826 1676 2887 11,
1707 2825 1772 2887 5,
1814 2844 1831 2876 1
1855 2842 1873 2874 ι
1904 2862 1919 2886 ,
1955 2843 2073 2895 pag.
2108 2829 2218 2889 425
2257 2849 2272 2891 ;

1255 2905 1325 2955 ita
1368 2916 1429 2954 ut
1456 2904 1558 2955 siut
1589 2916 1843 2955 extenuata
1884 2908 2119 2973 vestigia,
2157 2907 2276 2957 vin-

1256 2985 1369 3036 cula
1399 2983 1640 3038 innoxia,
1671 2984 1804 3034 levia
1837 2995 1888 3033 et
1914 3001 2062 3051 paene
2090 2987 2253 3037 nulla.

1342 3082 1470 3132 297.
1500 3064 1660 3131 Quam
1701 3062 1936 3133 quondam
1978 3063 2103 3113 silici
2140 3079 2274 3117 νικῆν.

1257 3145 1446 3194 membr.
1492 3153 1586 3193 cat.
1618 3143 1887 3201 Persolvit;
1918 3160 2077 3211 quam
2114 3158 2276 3215 petrae

1256 3223 1482 3294 illigatus
1541 3222 1669 3274 olim
1737 3221 2002 3293 persolvit.
2070 3225 2277 3276 Lenzius

1257 3314 1530 3371 comparat
1570 3302 1625 3353 in
1681 3302 1928 3373 Spicileg.
1976 3302 2276 3358 Observatt.

1258 3383 1432 3452 Apoll.
1454 3381 1633 3433 Rhod.
1661 3383 1740 3443 11,
1781 3382 1920 3433 1252
1953 3402 2096 3454 seqq.

1344 3480 1476 3529 299.
1502 3462 1620 3513 Inde
1645 3463 2008 3532 pate1·l)i0um,
2037 3478 2136 3515 etc.
2170 3464 2279 3517 Ad-

1260 3543 1476 3593 veniunt
1506 3539 1764 3613 denique,
1798 3555 1848 3593 et
1885 3544 2158 3611 praesentia
2189 3564 2280 3598 sna

1259 3623 1353 3674 has
1378 3621 1590 3690 nuptias
1623 3634 1675 3672 et
1710 3622 1943 3689 nuptiale
1976 3624 2278 3676 convivium

1260 3699 1613 3754 condecorant
1645 3701 1757 3772 ipse
1786 3702 2019 3769 Jupiter,
2052 3704 2084 3752 J
2091 3721 2196 3753 uno
2234 3718 2286 3754 et

1262 3782 1432 3834 caeteri
1460 3781 1548 3832 Dii
1571 3780 1743 3851 superi
1773 3772 1863 3844 (cf.
1891 3782 2074 3844 Quint.
2103 3782 2280 3833 Calah.

1265 3863 1335 3926 V,
1366 3868 1436 3929 74
1456 3891 1477 3902 -
1503 3866 1574 3928 76
1594 3900 1607 3923 ‚
1631 3874 1681 3910 et
1713 3860 1963 3929 Apollon.
1987 3859 2160 3923 Rhod.
2186 3863 2285 3922 lv,

140 3946 275 4009 ῥέπῃ·
303 3949 375 4001 cf.
405 3948 664 4020 inprimis
694 3947 1076 3999 Hemsterlmsius
1106 3943 1173 3996 ad
1269 3945 1396 4010 807,
1419 3932 1575 4006 808),
1593 3940 1787 3991 relictis
1802 3939 2003 3990 Phoebo
2019 3955 2070 3992 ct
2089 3940 2285 4005 Diana;

141 4024 353 4081 Lucinn.
393 4028 679 4081 Prometh.
725 4047 771 4079 c.
810 4033 902 4091 14,
948 4039 1076 4078 tom.
1119 4027 1173 4089 1,
1267 4023 1358 4072 illo
1389 4019 1634 4090 quidem,
1682 4017 1828 4089 quod
1864 4019 2101 4071 futurum
2146 4034 2290 4084 erat,

138 4123 189 4175 P·
222 4127 352 4178 197.

1268 4114 1326 4152 ut
1371 4100 1630 4152 Achillem
1672 4098 2020 4162 interficeret3
2062 4100 2192 4164 hac,
2239 4117 2294 4154 ut

1837 4202 1922 4269 18
