2986 4935
755 464 902 533 386

1287 467 1358 532 C.
1406 465 1518 530 VA
1543 466 1839 532 LERII
1904 461 2372 528 CATULLI

1364 689 1901 776 CARMEN
2017 686 2252 774 CVI.

1294 928 1391 972 DF.
1452 925 1721 969 PUERO
1781 924 1877 966 ET
1932 921 2346 968 PRAECONE.

847 1125 1014 1189 Cum
1050 1142 1258 1212 puero
1295 1114 1468 1183 bello
1502 1137 1874 1207 praeconem
1906 1114 2018 1205 qui
2054 1111 2235 1181 videt
2269 1137 2444 1196 esse,

950 1223 1130 1311 Quid
1173 1222 1437 1302 credat,
1471 1222 1594 1289 nisi
1640 1245 1707 1289 se
1747 1217 2032 1285 vendere
2067 1218 2459 1313 discupere?

820 1420 965 1468 Ano.
994 1415 1304 1466 Formosum
1339 1409 1625 1482 quemdam
1663 1428 1760 1479 pu·

743 1515 892 1547 erum
923 1516 950 1547 a
972 1491 1355 1545 consuetudine
1383 1509 1503 1542 cum
1525 1508 1766 1560 praecone

741 1573 973 1646 quodam
1014 1584 1383 1633 revocaturuS,
1430 1569 1724 1638 quemlibet
1748 1607 1763 1632 ‚

740 1675 771 1726 q
780 1657 832 1707 ui
843 1674 963 1706 eum
978 1671 1103 1706 cum
1113 1668 1355 1723 praecone
1366 1648 1560 1700 versari
1572 1646 1767 1710 videat,

743 1737 916 1804 ipsum
952 1752 1048 1803 per
1077 1748 1377 1803 praeconem
1412 1727 1571 1780 vendi
1599 1727 1765 1790 velle,

738 1814 1155 1867 existimaturum
1197 1828 1306 1862 esse
1342 1809 1430 1860 ait.
1456 1839 1537 1849 ——
1560 1806 1762 1858 Praeco·

735 1914 826 1946 nes
853 1892 997 1964 apud
1030 1894 1297 1942 Romanos
1337 1889 1391 1939 in
1430 1887 1761 1940 auctionibus

741 1993 989 2038 munere,
1021 1990 1128 2042 quo
1165 1966 1305 2040 apud
1332 1988 1430 2020 nos
1466 1967 1761 2037 proclama-

741 2067 907 2118 tores,
928 2053 1140 2104 functos
1166 2069 1300 2113 esse,
1322 2049 1440 2100 satis
1458 2059 1646 2098 notum
1668 2059 1760 2097 est.

827 2152 877 2186 1.
916 2133 1021 2185 Pro
1059 2131 1180 2182 bello
1218 2129 1273 2181 in
1310 2127 1558 2179 omnibus
1601 2124 1757 2177 MSS.

741 2212 882 2282 apud
914 2212 1142 2265 Statium
1177 2209 1382 2269 Οὐείὶο,
1415 2208 1552 2258 forte
1583 2218 1643 2257 ut
1666 2224 1764 2256 no-

742 2311 861 2344 men
887 2292 1038 2364 pueri
1068 2291 1149 2341 sit.

828 2394 875 2423 2.
903 2375 1004 2439 Qui
1025 2370 1160 2419 videt
1192 2371 1289 2436 ipse
1311 2367 1362 2417 in
1386 2366 1526 2416 libro
1549 2363 1759 2425 Mami,

1854 1422 2122 1479 pugnante
2157 1427 2256 1479 pro
2287 1408 2388 1462 hac
2419 1410 2648 1464 lectione
2673 1413 2863 1466 vossio.

1855 1486 2132 1557 Ingeniose
2161 1488 2394 1560 Vulpius
2426 1493 2480 1544 τὸ
2512 1493 2613 1560 ipse
2637 1495 2863 1545 mantin

1858 1568 2042 1634 ipsum,
2082 1579 2136 1618 et
2171 1568 2334 1620 refert
2364 1566 2436 1620 ad
2479 1569 2757 1641 dise-upum·
2777 1592 2863 1644 qun

1855 1647 2147 1698 mutatione
2176 1648 2382 1713 omnis,
2413 1666 2575 1719 quam
2605 1651 2710 1703 nihi
2731 1670 2869 1722 pepe·

1855 1740 2042 1777 rerunt
2067 1724 2414 1797 interpretes,
2443 1729 2653 1781 sublata
2680 1744 2756 1782 est
2778 1730 2866 1783 dif-

1852 1805 2080 1857 ficultas.
2113 1805 2364 1858 offerunt
2392 1820 2568 1859 nmen
2596 1827 2868 1861 omnesve·

1851 1897 1989 1936 teres
2013 1884 2139 1936 libri
2165 1899 2272 1937 tam
2305 1885 2489 1957 scripti
2516 1904 2683 1957 quam
2708 1890 2865 1942 excusi

1849 1984 1966 2016 esse.
1979 1965 2248 2016 ——Lectio
2262 1977 2360 2017 esse
2374 1965 2646 2036 inelegans
2664 1969 2863 2021 forsitan

1849 2044 2030 2095 multis
2057 2042 2361 2108 videbitur,
2387 2042 2478 2097 sed
2507 2064 2573 2097 eo
2604 2048 2769 2119 magis
2794 2066 2869 2118 ge·

1850 2122 2011 2175 nuina
2056 2136 2108 2175 et
2147 2142 2270 2176 vera
2295 2122 2469 2177 videri
2500 2123 2699 2190 debet,
2733 2126 2864 2198 quod

1852 2203 2017 2255 refert
2053 2203 2297 2256 Catulli·
2280 2223 2337 2255 m
2375 2204 2460 2255 his
2489 2203 2818 2259 fundendis
2803 2226 2868 2258 m·

1854 2282 2073 2334 curiam.
2126 2282 2193 2333 N.
2238 2314 2317 2325 --
2354 2284 2623 2354 Diu-apere
2685 2288 2866 2339 scilieet

1852 2380 2097 2431 puerum.

1340 2570 1897 2657 CARMEN
1972 2567 2265 2658 CVII.

1527 2791 1636 2833 AD
1696 2788 2091 2833 LESBIAM.

857 2964 924 3026 81
963 2955 1319 3048 quidquam
1361 2950 1603 3045 cupido
1648 2948 2035 3042 optantique
2078 2946 2316 3040 obtigit
2356 2971 2690 3042 unquam,
2727 2966 2790 3018 et

960 3060 1367 3154 Ins-peremti,
1411 3058 1540 3125 hoc
1584 3070 1681 3123 est
1723 3067 1985 3148 gratum
2028 3053 2247 3120 animo
2291 3058 2604 3148 proprie3

841 3258 977 3305 Ano.
1004 3250 1259 3301 Laetitiam
1278 3288 1293 3311 ,
1318 3267 1474 3318 quam
1501 3246 1568 3298 de
1591 3263 1775 3297 recon-

765 3336 940 3387 ciliato
972 3332 1071 3381 sibi
1100 3328 1299 3381 Lesbiae
1316 3328 1495 3378 animo
1518 3327 1775 3397 percipit,

769 3435 831 3465 eo
872 3413 1126 3481 majorem
1170 3427 1276 3459 esse
1307 3407 1410 3468 ait,
1449 3425 1556 3476 quo
1603 3406 1778 3456 minus

767 3512 878 3545 eam
897 3509 948 3542 se
957 3502 1327 3561 percepturum
1341 3504 1448 3537 esse
1467 3497 1777 3554 speraverat.

859 3591 903 3623 1.
942 3570 998 3621 Si
1049 3567 1283 3639 quidquid
1319 3565 1371 3615 in
1420 3564 1574 3616 MSS.
1611 3563 1776 3616 Statii.

774 3687 851 3695 —-
891 3651 949 3702 Si
989 3653 1235 3719 quicquam
1288 3644 1457 3714 cupido
1505 3648 1778 3716 optantique

774 3747 877 3784 tres
896 3728 1045 3782 editt.
1066 3726 1334 3795 antiquiss·
1357 3722 1501 3794 apud
1518 3722 1776 3776 editorem

773 3808 1104 3876 cantabrig„
1161 3803 1323 3857 editio
1371 3804 1681 3867 Parthenii,
1725 3817 1778 3857 et

767 3892 896 3943 aliae.
937 3919 1015 3930 —-
1047 3887 1151 3938 Pro
1202 3884 1372 3954 cupido
1396 3884 1616 3937 Vossius
1665 3883 1777 3936 vult

769 3971 962 4039 enfide,
998 3965 1160 4018 male!
1200 3983 1321 4018 nam
1349 3983 1527 4017 versus
1561 3975 1777 4033 quartus

766 4063 952 4100 nostrae
971 4046 1212 4098 lectionis
1230 4045 1499 4098 veritatem
1524 4042 1772 4097 vindicat.

758 4160 833 4169 -—
867 4129 969 4179 Pro
994 4127 1173 4194 obtigit
1200 4128 1254 4178 in
1286 4124 1537 4177 Patavino
1570 4125 1770 4185 obtulit,

1867 3255 1918 3294 et
1932 3242 2150 3295 inlibris
2171 3243 2406 3295 melioris
2422 3258 2566 3298 nota
2584 3246 2733 3318 apud
2752 3248 2867 3297 Vos·

1865 3321 2001 3373 sium
2029 3326 2247 3392 contigit.
2265 3354 2345 3365 --
2360 3323 2487 3377 Post
2508 3346 2724 3398 unquam
2744 3326 2865 3379 deest

1866 3401 1988 3452 etin
2019 3401 2265 3473 plurimis
2286 3401 2638 3460 editionibus.
2658 3408 2770 3459 Nos
2787 3403 2867 3456 de·

1868 3478 2042 3533 dimus
2064 3499 2183 3533 cum
2204 3481 2404 3554 Vulpio
2425 3483 2718 3539 lectionem
2737 3500 2869 3556 ‚qut

1868 3572 1943 3613 est
1966 3560 2021 3612 in
2051 3559 2285 3613 editione
2312 3562 2527 3634 Gryph.

1950 3659 1999 3692 3.
2024 3641 2264 3712 Insperati
2291 3640 2540 3695 emendat
2569 3644 2691 3697 Ne'c.
2728 3644 2864 3696 Hein-

1864 3723 1962 3771 sius
1987 3720 2042 3772 in
2064 3721 2201 3773 notis
2223 3718 2291 3772 ad
2312 3722 2508 3774 Catull.
2527 3735 2586 3777 et
2609 3742 2762 3786 nne,
2780 3740 2866 3775 m

1865 3811 1912 3848 et
1939 3812 2061 3870 post
2091 3819 2294 3872 unquam
2319 3801 2561 3872 ponitur,
2594 3802 2868 3857 nece-arb

1864 3890 1942 3931 est
1984 3879 2098 3932 hec
2154 3879 2472 3935 emendatio.
2507 3914 2591 3925 —-
2642 3884 2867 3950 Fami«,

1864 3953 1999 4019 ἰδίως
2021 3994 2036 4020 ,
2068 3978 2225 4022 vere,
2255 3960 2340 4013 vel
2363 3962 2615 4015 maxime.
2649 3995 2730 4005 —
2756 3964 2864 4014 Ino

1863 4040 2052 4108 κυρίως,
2076 4039 2284 4094 eximie.
2307 4040 2511 4097 Gallice
2538 4041 2665 4095 dans
2682 4041 2861 4094 cautela

1855 4122 2099 4187 pmprie'te'
2116 4120 2175 4171 de
2196 4120 2218 4170 l
2228 4121 2521 4191 'apt-ession-
2559 4122 2630 4174 N.
