2986 4935
733 473 880 558 346

1252 480 1327 543 C.
1370 478 1800 544 VALERll
1858 477 2316 545 CATULLI

836 610 1029 674 Hune
1053 622 1355 673 metuunt
1379 632 1633 674 omnes:
1649 634 1858 700 neque
1882 611 2153 691 mirum;
2175 632 2325 675 nam
2349 607 2520 675 mala
2543 609 2725 677 valde
2741 625 2825 677 est

937 713 1181 796 Bestia,
1219 737 1339 779 nec
1369 713 1634 804 quicum
1672 712 1838 781 bella
1876 712 2091 806 puella
2120 714 2339 781 cubet.

833 823 1056 906 Quare
1095 831 1208 885 aut
1246 817 1577 885 crudelem
1619 843 1926 887 nasorum
1965 818 2260 888 interfice
2296 835 2581 912 pestem:

935 930 1068 992 Aut
1103 923 1408 991 admirari
1441 923 1693 1010 desine,
1729 950 1849 993 cur
1881 925 2160 1017 fugiunt.

742 1144 873 1193 Tem·
924 1142 1035 1192 hab.
1081 1161 1184 1210 cap.
1239 1141 1396 1209 Caper
1431 1142 1517 1192 vel
1555 1142 1736 1203 hircus,

732 1221 928 1279 (Carnu.
957 1239 1062 1289 seq.
1083 1239 1130 1270 v.
1155 1217 1220 1280 ι.)
1245 1213 1466 1289 (τράγος)
1497 1223 1560 1272 ab
1585 1221 1742 1289 hujus

731 1300 970 1350 animalis
1002 1299 1352 1368 graveolentia
1382 1298 1579 1351 dicitur
1613 1313 1743 1352 teter

735 1380 822 1428 ille
849 1377 983 1428 odor
1001 1417 1015 1440 ‚
1043 1397 1197 1447 quem
1228 1378 1321 1429 alae
1348 1378 1624 1430 hominum
1654 1399 1743 1430 ex-

732 1456 926 1508 halant.
965 1452 1164 1507 Ovidio
1210 1458 1515 1509 obversatus
1554 1459 1743 1510 Noster

734 1536 943 1587 videtur
985 1537 1037 1587 in
1077 1538 1203 1587 Arte
1243 1539 1361 1588 Am.
1412 1538 1525 1600 111,
1574 1538 1679 1604 193
1723 1557 1735 1589 :

739 1644 757 1660 .
784 1616 956 1678 Quam
1002 1633 1147 1684 paene
1193 1614 1480 1676 admonui,
1524 1636 1588 1666 ne
1632 1629 1742 1666 trus:

732 1714 873 1763 caper
895 1696 994 1745 iret
1018 1694 1071 1743 in
1100 1696 1202 1745 alas
1220 1716 1266 1758 3-
1299 1694 1440 1745 idem
1467 1696 1595 1745 Arte
1621 1698 1737 1747 Am.

734 1776 783 1837 1,
814 1777 919 1825 522
948 1790 960 1824 :
987 1801 1006 1818 ·
1026 1774 1132 1824 Nec
1160 1775 1292 1824 male
1317 1772 1525 1825 odorati
1551 1775 1618 1825 sit
1646 1775 1739 1825 tri·

734 1855 824 1904 stis
854 1852 1112 1903 anhelitus
1140 1853 1265 1916 oris,
1297 1855 1405 1905 Nec
1435 1852 1623 1904 laedant
1650 1872 1741 1904 na-

734 1951 814 1983 res
842 1935 1007 2000 virque
1028 1945 1256 2004 paterque
1278 1938 1439 2001 gregis
1461 1959 1481 1978 ι
1497 1974 1508 1983 .
1532 1933 1614 1985 Cf.
1637 1933 1743 1983 Ho-

729 2025 825 2063 rat.
856 2010 1029 2080 Epod.
1063 2013 1196 2074 ΧΙΙ,
1231 2011 1280 2064 5.
1315 2045 1391 2053 —
1422 2012 1618 2064 Graecis
1647 2032 1742 2062 vo-

731 2104 877 2141 catur
914 2093 1009 2142 iste
1043 2092 1195 2142 foetor
1222 2090 1427 2156 κινοίὲρσι
1461 2093 1592 2142 Luc.
1626 2094 1738 2142 DD.

733 2172 807 2220 Μ.
828 2173 869 2231 Ι,
886 2171 983 2221 sub
1000 2172 1091 2222 fin.
1113 2169 1338 2239 κινάὲρας
1365 2172 1555 2229 ἀπόζων
1580 2171 1741 2237 ὥσπερ

734 2255 753 2300 ἐ
800 2250 973 2319 τράγος
993 2290 1006 2313 ,
1041 2252 1131 2301 ubi
1162 2249 1269 2302 vid.
1305 2252 1556 2302 Brodaeus.
1587 2250 1743 2302 Couf.

1308 2472 1861 2557 CARMEN

1830 1141 2019 1193 Pollux
2046 1142 2097 1192 11
2116 1179 2130 1204 ,
2160 1147 2222 1204 4,
2248 1141 2383 1194 Sect.
2413 1161 2501 1211 77.
2535 1143 2655 1196 Huc
2679 1145 2826 1212 perti·

1831 1234 1922 1272 net
1941 1220 2277 1290 Epigramma
2297 1222 2519 1273 Luciaui
2541 1223 2826 1284 LXXXIX,

1831 1301 1883 1351 in
1939 1301 2199 1352 Analectis
2254 1301 2400 1352 Vett.
2445 1302 2617 1352 Poett.
2669 1301 2826 1353 Grec.

1831 1379 2088 1431 Brunckii
2118 1380 2273 1430 Tom.
2313 1380 2398 1442 11,
2437 1398 2491 1449 p.
2539 1381 2651 1432 336
2683 1398 2699 1432 ε
2735 1383 2830 1431 -05

1832 1461 1970 1528 μόνον
2008 1460 2130 1514 αὐτὴ
2166 1462 2277 1510 πνεῖ
2307 1460 2680 1529 Annona-pavie,
2717 1460 2829 1510 ἀλλὰ

1829 1539 1912 1590 καὶ
1949 1539 2098 1598 αὐτῆς
2136 1539 2256 1596 Τοὺς
2297 1539 2665 1608 ὀσμησαμένους
2705 1541 2824 1590 πνεῖν

1830 1618 2064 1672 πεποίηκε
2089 1616 2285 1686 τράγου.
2309 1642 2331 1662 1·

1909 1715 1963 1762 9.
1997 1697 2162 1763 Quare
2186 1708 2272 1746 aut
2296 1696 2529 1746 crudelem
2553 1708 2670 1747 etc.
2690 1722 2712 1742 ι
2738 1697 2825 1745 tol·

1829 1774 2045 1826 lendum
2083 1793 2209 1826 cura
2242 1775 2384 1826 hunc
2415 1775 2719 1845 pestiferum
2747 1794 2826 1825 na·

1829 1873 2008 1906 sorum
2048 1854 2283 1906 odorem.
2312 1881 2332 1899 ι
2369 1853 2615 1922 Inteefioe,
2651 1854 2825 1914 facete,

1829 1934 1950 2003 quia
1976 1933 2320 1985 intolerabilis
2343 1934 2438 1984 iste
2461 1933 2601 1985 odor
2628 1953 2764 2002 caper
2783 1945 2826 1981 et

1830 2014 1977 2063 bestia
2003 2026 2238 2064 vocatur.
2258 2013 2486 2081 --Virg.
2515 2013 2713 2082 Georg.
2742 2012 2826 2073 IV,

1837 2090 1947 2142 330
1975 2111 1988 2143 :
2018 2121 2037 2138 -
2058 2092 2290 2144 interfice
2318 2111 2509 2143 messes
2530 2118 2577 2144 ι.

1922 2190 2002 2223 ιο.
2026 2173 2134 2222 Aut
2157 2184 2201 2221 te
2222 2172 2454 2223 adnutat-i
2475 2172 2634 2222 desine
2660 2171 2826 2235 cursu·

1829 2255 1973 2318 giam
2003 2252 2229 2320 conjecit
2257 2250 2521 2302 Heinsius.

1956 2471 2264 2557 LXX.
2316 2553 2320 2556 ,

988 2717 1082 2759 DE
1141 2714 1743 2759 INCONSTANTIA
1802 2713 2185 2758 FOEMINEI
2247 2714 2590 2759 Amonls.

834 2914 1060 2978 'Num
1101 2937 1167 2977 se
1210 2910 1369 2977 dicit
1406 2907 1639 2975 mulier
1680 2932 1823 2974 mea
1864 2907 2111 2975 nubere
2147 2906 2377 2992 malle,

933 3018 1150 3103 Quam
1199 3016 1401 3083 mihi:
1436 3039 1570 3082 non
1610 3015 1661 3081 si
1703 3038 1771 3081 se
1806 3015 2061 3106 Jupiter
2104 3015 2240 3107 ipse
2283 3028 2480 3107 petat.

809 3239 942 3287 Aac.
958 3236 1241 3286 Mulierum
1263 3234 1526 3286 levitatem
1550 3245 1601 3283 et
1621 3252 1738 3302 per-

727 3312 903 3364 fidiam
922 3353 936 3375 ‚
977 3333 1137 3383 quam
1164 3314 1322 3381 vulgo
1364 3314 1464 3364 illae
1486 3312 1615 3362 viris
1650 3330 1739 3360 ex-

730 3394 981 3461 probrare
1009 3393 1179 3446 solent
1209 3384 1314 3457 (cf.
1338 3411 1493 3461 supra
1523 3389 1587 3441 ad
1612 3389 1737 3440 Car-

730 3491 847 3522 men
899 3473 1105 3535 LXIV,
1155 3469 1321 3533 143),
1377 3471 1575 3521 Lesbiae
1631 3487 1739 3521 suae

726 3552 966 3620 exemplo
1004 3551 1234 3601 breviter
1271 3563 1323 3601 et
1361 3549 1609 3619 graphice
1642 3547 1734 3599 ad-

729 3631 952 3681 umbrat.
978 3631 1058 3681 Cf.
1077 3629 1278 3679 Tibull.
1305 3630 1385 3680 111
1402 3669 1415 3691 ,
1440 3631 1502 3690 6,
1525 3634 1592 3695 47
1618 3646 1733 3697 sqq.

813 3730 859 3762 1.
905 3710 1054 3761 Dicit.
1096 3710 1270 3759 Dicere
1301 3728 1400 3777 pro
1432 3732 1451 3750 ι
1472 3708 1733 3758 affirmare

724 3803 775 3842 et
818 3808 1107 3842 asseverare
1145 3786 1346 3857 aliquid
1371 3806 1497 3838 vero
1529 3787 1679 3837 vultu
1704 3813 1724 3831 ι

722 3870 929 3937 passim.
983 3869 1070 3920 Sic
1120 3867 1309 3920 Cicero
1356 3867 1459 3917 Pro
1510 3866 1726 3916 Rabirio

725 3949 863 3999 Post.
908 3968 968 4000 12
1006 3968 1018 4000 τ

721 4047 823 4077 non
855 4030 919 4078 sit
953 4027 1295 4094 negantibus,
1332 4024 1514 4077 iisdem
1543 4023 1722 4075 creda-

723 4117 811 4157 tur
842 4108 1183 4158 diceaecihuss‘-
1227 4120 1279 4159 et
1314 4107 1387 4159 sic
1423 4106 1558 4157 infra
1597 4104 1722 4155 Car·

1829 3231 1972 3281 mine
1995 3231 2199 3282 LXXII
2225 3248 2238 3281 :
2268 3258 2287 3276 -
2312 3232 2520 3282 Dicebas
2543 3232 2826 3302 quondam,

1828 3310 1996 3361 solum
2008 3322 2057 3362 te
2072 3328 2225 3362 nosse
2238 3310 2532 3361 Catullum.
2547 3338 2569 3357 ι
2581 3309 2828 3362 -Nubm

1826 3390 1881 3441 h.
1916 3389 1949 3440 l.
1985 3390 2248 3440 amatoria
2275 3389 2708 3453 consuetudinis,
2734 3406 2826 3441 non

1826 3469 1926 3519 rite
1953 3469 2261 3537 nuptiarum
2297 3487 2449 3521 sensu
2485 3470 2738 3540 accipias.
2768 3466 2826 3517 si·

1826 3560 1915 3599 cut
1944 3546 2081 3618 apud
2112 3547 2388 3600 Tibullum
2424 3561 2478 3600 et
2507 3548 2826 3620 Propertium

1824 3640 2141 3697 caeterosque
2178 3627 2489 3698 hujusmodi
2533 3628 2830 3697 scriptores,

1822 3710 2013 3775 conju,
2042 3709 2314 3775 conjugium
2335 3720 2386 3758 et
2411 3707 2605 3759 similia
2629 3705 2694 3758 de
2715 3722 2830 3755 vero

1822 3785 2160 3838 matrimonio
2201 3805 2312 3838 nou
2350 3787 2741 3856 intelliguntur.
2769 3783 2826 3833 N.

1905 3886 1953 3917 α.
1980 3867 2140 3916 Peme.
2167 3897 2247 3907 —
2272 3867 2440 3917 Petere
2464 3857 2482 3928 ζ
2499 3867 2651 3917 αἰτεῖν
2674 3855 2690 3927 )
2717 3882 2826 3933 pro·

1055 3960 1189 4011 «ut,
1228 3948 1421 4017 quibus
1461 3943 1721 3996 creditum
1814 3946 1927 4014 prie
1984 3943 2052 3995 de
2100 3945 2291 4013 procis.
2340 3946 2599 4013 Exempla
2651 3943 2828 3995 utrius-

1814 4044 1916 4093 que
1946 4024 2135 4091 linguae
2157 4025 2369 4095 collegit
2397 4024 2556 4077 cerda
2599 4022 2665 4076 ad
2689 4023 2828 4087 Virg-

1815 4107 1934 4155 AEu.
1955 4104 2058 4155 vll
2076 4141 2091 4168 ,
2120 4104 2215 4156 55.
