2986 4935
737 444 887 516 360

1268 448 2355 517 G.VALER11CATULL1

1305 682 1847 771 CARMEN
1915 685 2308 771 LXXX.

1497 921 1599 963 AD
1658 920 2066 965 GELLIUM.

845 1112 1044 1198 Qum
1085 1107 1337 1189 dicam,
1386 1105 1595 1191 Gelli,
1637 1130 1842 1199 quare
1886 1131 2076 1175 rosea
2119 1108 2242 1175 ista
2284 1104 2520 1175 labella

949 1215 1247 1282 Hiberna
1291 1212 1455 1279 fiant
1489 1212 1878 1281 candidiora
1917 1216 2101 1300 nive,

845 1325 1048 1391 Mane
1086 1320 1288 1387 domo
1325 1345 1533 1412 quum
1569 1321 1742 1404 exis,
1779 1335 1848 1388 et
1882 1345 2090 1412 quum
2121 1334 2189 1389 te
2228 1334 2467 1389 octava
2496 1321 2732 1413 quiete

951 1431 1008 1495 E
1046 1425 1228 1494 molli
1266 1425 1467 1519 longo
1512 1428 1784 1494 suscitat
1818 1427 1986 1494 hora
2026 1425 2180 1494 die?

846 1535 1090 1603 Nescio
1124 1532 1282 1626 quid
1316 1546 1496 1600 certe
1527 1547 1642 1600 est.
1689 1537 1795 1600 An
1827 1558 1984 1601 vere
2023 1533 2198 1601 fama
2232 1548 2570 1616 susurrat,

954 1639 1249 1709 Grandia
1289 1654 1353 1705 te
1388 1638 1586 1705 medii
1625 1653 1807 1706 tenta
1843 1664 2082 1708 vorare
2116 1639 2290 1707 viri?

847 1750 956 1817 Sic
1001 1761 1180 1816 certe
1216 1745 1509 1813 clamant
1541 1747 1844 1814 Virronis
1880 1760 2077 1841 rupta
2121 1744 2356 1815 miselli

950 1852 1070 1922 Ilia
1091 1906 1110 1938 ‚
1146 1868 1212 1920 et
1245 1850 1502 1920 emulso
1535 1850 1720 1919 labra
1750 1868 1978 1921 notata
2009 1877 2176 1921 sero.

824 2070 964 2120 Ano.
989 2066 1196 2130 Quaerit
1221 2065 1290 2117 de
1319 2083 1475 2117 causa
1502 2066 1688 2117 mutati
1716 2067 1772 2117 in

746 2149 909 2201 Gellii
953 2147 1156 2200 labellis
1199 2145 1395 2197 coloris
1412 2185 1427 2212 ,
1475 2163 1698 2215 eamque
1743 2164 1771 2195 a

743 2226 975 2280 nefando
995 2268 1009 2292 ‚
1033 2245 1137 2298 qua
1165 2225 1254 2276 ille
1277 2245 1329 2275 se
1348 2225 1741 2277 contaminabat
1757 2262 1773 2289 ‚

744 2307 984 2361 libidinis
1010 2323 1204 2377 genere
1233 2304 1443 2373 repetit.

830 2389 880 2439 3.
908 2388 1059 2439 Mane
1075 2386 1215 2436 domo
1238 2403 1379 2452 quum
1397 2387 1499 2433 exis
1523 2396 1620 2435 etc.
1637 2384 1773 2435 Tam

747 2487 932 2530 mane,
969 2484 1128 2536 quam
1165 2477 1287 2534 post
1323 2461 1772 2515 meridiationcm.

747 2576 825 2587 —
859 2547 1048 2599 Octava
1078 2546 1197 2594 hora
1226 2543 1324 2594 sub
1358 2542 1637 2594 meridiem
1667 2546 1773 2595 sive

746 2639 866 2696 post
897 2623 1210 2696 prandium,
1241 2623 1333 2674 ubi
1364 2624 1634 2675 molliores
1661 2643 1773 2674 me-

746 2704 933 2758 ridiari
960 2705 1212 2756 solebant.
1241 2703 1327 2755 Cf.
1350 2702 1412 2753 C.
1441 2703 1657 2754 XXXII
1677 2742 1691 2767 ,
1719 2702 1770 2753 3.

828 2785 877 2838 5.
904 2786 979 2837 Et
995 2784 1149 2834 mollis
1170 2782 1330 2834 nimis
1348 2795 1534 2852 argute
1555 2782 1775 2851 corrigit

744 2865 990 2935 Scaliger.
1022 2895 1100 2905 --
1127 2864 1296 2931 Longo
1323 2862 1401 2912 die
1419 2903 1433 2924 ,
1459 2862 1652 2913 aestivo.

830 2947 880 2998 5.
912 2945 1086 2997 Nescio
1109 2943 1230 3014 quid
1252 2955 1375 2993 certe
1401 2955 1497 3002 est,
1531 2952 1606 2992 est
1629 2954 1772 2993 certe

745 3024 945 3095 aliquid
980 3025 1035 3076 in
1071 3042 1256 3087 causa,
1289 3021 1381 3074 sed
1416 3019 1548 3092 quid
1585 3021 1651 3072 sit
1677 3039 1771 3072 ne·

744 3106 872 3158 scio,
901 3105 987 3157 Cf.
1026 3122 1186 3173 quem
1219 3101 1397 3154 laudat
1434 3100 1502 3152 de
1533 3100 1633 3151 hac
1663 3101 1774 3151 sor·

747 3185 891 3237 mula
905 3183 1299 3252 VulpiusVirg.
1325 3180 1616 3238 Ecl.V111,
1648 3198 1768 3248 107.

829 3267 881 3316 6.
931 3262 1155 3316 Grandt'a
1200 3275 1243 3311 te
1273 3303 1283 3313 .
1308 3303 1317 3310 .
1343 3303 1353 3313 .
1392 3263 1536 3312 viri?
1575 3272 1626 3310 te
1664 3279 1773 3310 esse

746 3342 1061 3394 fellatorem.
1088 3371 1165 3381 —-
1202 3343 1356 3391 Tenea
1380 3340 1523 3392 medii
1543 3342 1642 3388 ‘viri
1663 3379 1674 3397 ,
1704 3340 1772 3388 τὰ

746 3419 933 3474 αἰδοῖα.
952 3422 1164 3472 Tendere
1185 3421 1237 3471 in
1262 3421 1518 3472 obscenis.
1538 3452 1616 3459 —-
1637 3419 1774 3470 Prae·

745 3514 826 3554 ter
851 3502 1073 3554 Statium
1102 3511 1155 3551 et
1179 3501 1449 3552 Muretum
1478 3496 1629 3550 adeat
1646 3538 1661 3561 ,
1686 3498 1771 3548 cui

744 3581 942 3651 volupe
980 3593 1086 3643 est,
1117 3575 1372 3633 disertum
1412 3579 1771 3647 nequitiarum

744 3662 1084 3731 interpretem
1109 3660 1321 3730 Sciopp.
1349 3661 1402 3711 iu
1427 3658 1688 3723 Lusih.V,
1719 3657 1768 3710 5.

1945 2085 1997 2135 7.
2041 2064 2126 2117 Sic
2165 2076 2290 2116 certe
2329 2077 2401 2116 est
2437 2064 2656 2135 Gryph.
2702 2066 2887 2118 Muret.

1861 2179 1942 2188 —
1965 2146 2024 2200 Si
2044 2158 2167 2199 certe
2189 2158 2261 2197 est
2285 2144 2465 2197 Parth.
2496 2144 2683 2197 (ἕνα.
2706 2178 2790 2189 -
2806 2144 2895 2195 Sed

1861 2239 1984 2276 certe
2011 2227 2224 2277 clamant
2254 2225 2310 2277 in
2338 2224 2480 2276 libro
2506 2223 2791 2295 scaligeri.
2822 2249 2888 2258 -·

1862 2304 1945 2358 Sic
1967 2318 2091 2358 certe
2118 2304 2252 2359 Scal.
2275 2306 2429 2356 Voss.
2452 2304 2622 2375 Vulp.
2651 2304 2888 2374 Gotting.

1861 2386 2075 2455 Bipont.
2122 2384 2302 2456 quod,
2336 2384 2541 2437 sublata
2577 2397 2792 2437 tantum
2820 2388 2890 2437 in·

1862 2466 2233 2537 terpunctione
2251 2506 2267 2528 ,
2325 2462 2591 2518 dedimus,
2648 2498 2741 2508 —
2795 2464 2888 2517 Pro

1866 2547 1922 2594 V
1918 2550 2090 2598 irrom's
2128 2546 2184 2599 in
2217 2545 2400 2598 multis
2431 2542 2769 2597 editionibus
2807 2546 2888 2594 Vi-

1861 2631 2022 2686 ctoris,
2047 2627 2098 2678 in
2118 2626 2390 2678 nonnullis
2411 2624 2659 2687 Unctoris,
2687 2625 2888 2696 inepte,

1863 2719 1919 2758 ut
1935 2705 2141 2777 judicat
2165 2706 2428 2758 Muretus.
2449 2737 2531 2746 —-
2554 2704 2615 2754 V
2605 2711 2806 2756 anonis
2825 2725 2888 2755 ru·

1853 2798 1945 2856 pta
1972 2788 2028 2836 V
2024 2787 2147 2837 iselli
2174 2805 2240 2838 ex
2266 2783 2481 2856 ingenio
2505 2782 2790 2855 Scaliger-i.
2819 2816 2885 2826 —

1867 2867 2114 2928 Clamant,
2147 2877 2327 2936 aperte
2350 2875 2624 2918 testantur.
2654 2896 2748 2907 -—
2780 2866 2885 2917 Cla·

1863 2966 1991 2996 mare
2049 2945 2118 2997 de
2173 2945 2335 2997 rebus
2386 2942 2714 2996 inanimatis.
2768 2942 2881 2995 Vid.

1861 3045 2018 3096 supra
2055 3024 2124 3078 ad
2163 3025 2343 3078 Carm.
2374 3024 2486 3087 VI,
2517 3040 2572 3090 7.
2609 3053 2695 3065 -—-
2736 3026 2884 3093 Rupta

1862 3106 1963 3156 ilia.
1989 3105 2147 3159 Conf.
2168 3122 2328 3173 supra
2353 3102 2420 3156 ad
2443 3102 2624 3155 carm.
2649 3103 2738 3155 xl
2756 3145 2775 3169 ,
2808 3124 2884 3155 ιο.

1946 3188 1997 3239 8.
2044 3186 2162 3246 Ilia,
2201 3185 2413 3235 demulsa
2437 3182 2637 3235 Venet.
2678 3183 2884 3254 Gryph-

1861 3264 2057 3318 Muret.
2097 3296 2176 3306 —-
2211 3266 2275 3315 In
2306 3262 2419 3316 MS.
2449 3260 2585 3315 Stat.
2625 3277 2782 3327 erat,
2809 3265 2888 3316 Ille

1864 3345 2059 3396 [emulso
2088 3343 2172 3395 vel
2205 3344 2305 3395 Illa
2336 3357 2381 3394 te
2407 3342 2588 3404 multo,
2614 3342 2769 3395 unde
2792 3347 2886 3414 jam

1860 3424 2070 3476 Pierius
2087 3423 2402 3476 Valerianus
2420 3435 2473 3474 et
2492 3421 2714 3474 Gabriel
2739 3424 2887 3475 Faer-

1861 3522 1960 3554 nus
1977 3516 2117 3556 recte
2141 3503 2398 3569 fecerunt,
2416 3502 2532 3564 Ilia,
2550 3512 2599 3550 et
2610 3504 2886 3555 emulso.—

1863 3583 2090 3635 Achilles
2117 3582 2311 3634 Statius
2347 3581 2714 3650 suspicabatur
2732 3622 2744 3637 .
2783 3585 2888 3635 ltca-

1863 3684 1950 3734 que
1975 3678 2024 3716 ct
2044 3664 2193 3715 mulso
2216 3663 2296 3714 vel
2322 3663 2510 3733 Ilioque
2539 3674 2587 3713 et
2608 3664 2785 3714 multo.
