2986 4935
707 411 854 481 320
1227 411 1767 476 C.VALERII
1825 407 2283 474 CATULLI
2345 488 2352 492 Δ

706 537 1034 591 excusatione
1058 534 1244 607 ingrati
1275 537 1435 588 animi
1464 536 1809 607 suspicionem
1837 533 1981 604 apud
2011 534 2268 585 Manlium
2300 545 2533 596 moveat,
2552 534 2663 604 ipse
2684 556 2821 606 prae-

705 617 846 671 dicat
866 656 880 680 ,
906 628 1035 687 quot
1057 627 1108 667 et
1137 616 1343 686 quantis
1370 616 1648 668 obstrictus
1673 614 1746 665 illi
1769 627 2002 665 teneatur
2022 612 2288 665 beneficiis
2303 652 2319 675 ‚
2344 627 2395 665 et
2415 613 2498 665 his
2517 615 2823 667 nominibus

709 697 872 748 Musis
902 714 1023 747 eum
1054 713 1149 764 per
1180 713 1362 746 omnes
1389 707 1551 746 terras
1576 691 1946 746 celebrandum
1975 690 2324 744 commendat.
2347 693 2600 763 Inprimis
2622 697 2822 748 extollit

706 777 905 846 insigne
930 777 1041 845 ejus
1070 772 1328 834 studium,
1355 793 1463 843 quo
1482 774 1610 826 olim
1641 773 1852 844 puellae,
1877 790 2035 843 quam
2055 769 2261 842 perdite
2284 774 2525 836 amabat,
2544 792 2695 824 usum
2722 776 2820 826 sibi

705 855 1040 917 concesserit;
1070 872 1227 923 quam
1260 851 1448 904 eodem
1477 855 1668 905 amoris
1692 850 1878 904 ardore
1909 852 1962 902 in
1989 848 2150 903 domo
2177 850 2362 903 Manlii
2386 851 2486 903 sihi
2516 855 2822 923 apparuisse

707 935 845 988 canit
861 974 875 999 ,
893 952 1000 1005 quo
1019 933 1146 984 olim
1170 932 1454 984 Protesilao
1471 932 1525 982 in
1547 932 1766 983 domum
1786 933 1897 1001 ejus
1912 928 2134 981 deducta
2153 931 2453 1001 apparuisse
2471 930 2670 983 dicitur
2684 933 2823 984 Lao-

709 1013 883 1066 damia
897 1051 912 1075 ,
933 1014 1081 1082 cujus
1107 1011 1335 1062 fabulam
1360 1011 1524 1062 fusius
1547 1012 1644 1063 hac
1659 1011 1928 1062 occasione
1954 1009 2052 1060 sibi
2070 1007 2431 1079 explicandam
2453 1010 2698 1080 sumptit5
2719 1031 2822 1082 qua

707 1105 941 1144 enarrata
963 1109 1084 1141 cum
1113 1089 1266 1141 bonis
1292 1090 1426 1141 votis
1461 1109 1560 1160 pro
1588 1090 1750 1142 salute
1775 1089 1960 1140 Manlii
1991 1102 2042 1139 et
2067 1089 2225 1142 totius
2252 1091 2363 1158 ejus
2394 1087 2582 1140 domus
2612 1108 2823 1144 nuncu·

708 1173 839 1243 patis
870 1187 1076 1221 carmen
1111 1169 1246 1220 finit.
1268 1201 1347 1211 -—
1376 1167 1538 1232 Quod
1577 1188 1734 1239 supra
1760 1170 1935 1222 Carm.
1966 1169 2163 1231 LXIV,
2193 1166 2261 1219 de
2297 1168 2623 1238 longioribus
2652 1183 2823 1239 poet:

706 1251 869 1302 nostri
905 1247 1310 1318 digressionibus
1346 1247 1766 1300 animadversum
1806 1260 1857 1298 et
1909 1247 2283 1317 reprehensum
2324 1247 2422 1299 fuit
2478 1266 2509 1298 a
2539 1248 2665 1299 VV.
2700 1250 2819 1302 DD.

708 1328 849 1381 idem
876 1328 1011 1379 valet
1037 1324 1105 1378 de
1130 1327 1321 1378 intexta
1339 1327 1463 1378 huic
1488 1328 1709 1378 carmini
1731 1327 1905 1378 fabula
1928 1324 2256 1389 Laodamia,
2273 1345 2417 1397 qua,
2439 1345 2547 1396 quo
2565 1329 2820 1397 majorem

707 1407 952 1460 carminis
971 1418 1170 1475 partem
1199 1419 1443 1475 occupat,
1474 1425 1538 1457 eo
1563 1407 1725 1475 magis
1744 1406 1997 1457 lectorum
2014 1406 2220 1458 animos
2241 1404 2439 1476 abipsa
2458 1424 2516 1456 re
2538 1444 2553 1471 ,
2573 1404 2642 1457 ad
2663 1425 2820 1477 quam

709 1484 1034 1539 scribendam
1064 1485 1221 1535 Poeta
1247 1498 1553 1548 accesserat,
1578 1485 1780 1538 avertit.
1806 1485 1977 1535 Nemo
2005 1497 2144 1538 certe
2173 1484 2228 1535 in
2256 1503 2319 1536 eo
2340 1484 2604 1548 carmine,
2627 1486 2682 1536 in
2711 1505 2820 1556 quo

709 1567 869 1618 Poeta
886 1565 955 1615 ob
978 1564 1244 1614 internum
1274 1564 1436 1615 animi
1459 1561 1698 1615 dolorem
1730 1565 1933 1615 nullum
1953 1563 2108 1633 plane
2126 1565 2231 1632 J’am
2260 1583 2312 1615 se
2335 1582 2457 1616 cum
2482 1564 2651 1617 Musis
2674 1583 2822 1617 com·

710 1644 963 1699 mercium
990 1642 1183 1694 habere
1208 1642 1413 1706 fatetur,
1439 1642 1733 1711 longiorem
1770 1642 1958 1695 sabulae
1992 1640 2263 1711 cujusdam
2294 1640 2702 1714 descriptionem
2735 1663 2820 1696 ex·

710 1736 937 1796 spectat;
968 1719 1054 1772 sed
1072 1761 1086 1782 ‚
1110 1721 1150 1771 si
1181 1721 1491 1790 cogitamus,
1518 1721 1747 1772 fabulam
1772 1719 2068 1773 Laodamiae
2100 1722 2169 1773 ita
2200 1740 2306 1775 esse
2336 1736 2695 1793 comparatam
2720 1764 2737 1786 ,
2767 1736 2819 1774 nt

708 1804 900 1857 docere
928 1801 1084 1871 possit
1110 1798 1269 1862 alios,
1296 1818 1452 1871 quam
1485 1818 1618 1869 saepe
1647 1819 1797 1851 amor
1827 1801 2232 1852 ferventissimus
2273 1803 2587 1872 interrumpi
2620 1804 2816 1865 soleatg

712 1883 946 1937 Catullus
970 1899 1068 1950 pro
1095 1878 1255 1929 animi
1286 1880 1362 1930 sui
1394 1877 1578 1931 dolore
1611 1879 1663 1929 in
1690 1880 1849 1949 hujus
1886 1879 2074 1931 fabulae
2100 1880 2539 1951 contemplatione
2568 1893 2621 1932 et
2651 1883 2819 1933 consi·

710 1962 978 2016 deratione
1000 1957 1315 2029 acquievisse
1346 1971 1396 2009 et
1425 1959 1668 2010 uberiore
1700 1961 1811 2028 ejus
1837 1958 2155 2029 expositione
2185 1971 2288 2011 tam
2317 1960 2420 2011 sibi
2437 1998 2452 2023 ,
2480 1979 2644 2031 qnam
2672 1961 2819 2012 Man·

712 2043 816 2107 lio,
856 2037 1131 2108 interrupti
1174 2037 1365 2088 amoris
1405 2036 1589 2089 dolore
1614 2038 1900 2102 laboranti,
1939 2036 2139 2108 aliquid
2174 2038 2337 2090 solatii
2364 2040 2607 2109 petiisse,
2650 2040 2817 2112 putari

707 2119 1093 2193 potest.-—Ipsa
1123 2117 1297 2167 fabula
1322 2130 1496 2168 autem
1521 2130 1626 2168 tam
1654 2118 1916 2186 egregium
1946 2117 1999 2168 in
2027 2117 2235 2170 Catullo
2260 2131 2441 2170 nostro
2467 2133 2622 2172 nacta
2647 2133 2722 2172 est
2747 2121 2819 2170 in·

709 2213 987 2271 terpretem
1012 2236 1026 2260 ,
1054 2209 1112 2248 ut
1131 2234 1145 2258 ,
1176 2196 1283 2247 sive
1305 2209 1607 2266 opportuno
1639 2197 1744 2247 sive
1770 2198 2074 2267 importuno
2101 2197 2218 2248 loco
2244 2199 2311 2249 ab
2335 2217 2397 2249 eo
2424 2211 2646 2251 tractata
2671 2200 2820 2252 fuisse

710 2292 996 2338 censeatur,
1026 2273 1182 2344 digna
1205 2288 1343 2327 certe
1359 2315 1373 2339 ,
1399 2294 1516 2345 quoe
1535 2274 1603 2327 ad
1621 2293 1829 2326 omnem
1853 2276 2202 2346 posteritatem
2227 2290 2565 2348 propagetur,
2582 2277 2818 2331 habenda

712 2360 792 2411 sit.
814 2360 1050 2410 Muretus
1073 2351 1288 2424 quidem
1312 2392 1327 2416 ,
1349 2355 1685 2424 interponens
1709 2374 1862 2406 suum
1889 2353 1956 2407 de
1984 2355 2085 2406 hoc
2111 2357 2341 2408 carmine
2363 2356 2653 2427 judicium,
2670 2381 2691 2401 ι
2704 2359 2818 2429 pul·

711 2438 969 2492 cherrima
994 2433 1209 2485 omnino
1226 2470 1241 2493 ‚
1270 2432 1438 2503 inquit
1456 2473 1471 2497 ,
1501 2434 1611 2485 haec
1636 2434 1811 2503 Elegia
1841 2448 1945 2500 est,
1970 2447 2127 2506 atque
2151 2435 2294 2489 haud
2316 2437 2454 2498 scio,
2484 2457 2554 2491 an
2587 2457 2692 2490 una
2709 2438 2820 2509 pul·

712 2518 889 2571 chrior
927 2515 978 2565 in
1011 2511 1154 2562 omni
1187 2511 1368 2563 Latina
1405 2513 1582 2583 lingua
1622 2515 1839 2583 reperiri
1871 2528 2061 2586 queat:
2096 2534 2218 2568 nam
2252 2528 2301 2568 et
2344 2516 2507 2570 dictio
2542 2519 2815 2589 purissima

712 2611 787 2650 est
814 2613 826 2646 τ
855 2607 906 2644 et
936 2591 1064 2642 mira
1089 2589 1327 2659 quaedam
1355 2592 1640 2644 affectuum
1676 2595 1919 2646 varietate
1944 2594 2186 2664 permista
2216 2597 2416 2649 oratio:
2448 2610 2500 2649 et
2527 2609 2604 2649 tot
2629 2597 2816 2668 ubique

711 2692 914 2746 aspersa
939 2669 1217 2721 verborum
1246 2687 1305 2720 ac
1338 2671 1708 2723 sententiarum
1734 2672 1935 2725 lumina
1951 2713 1965 2737 ,
1990 2686 2047 2724 ut
2075 2691 2138 2725 ex
2162 2674 2265 2726 hoc
2295 2694 2404 2728 uno
2427 2689 2675 2746 poemate
2703 2697 2816 2747 per-

711 2756 911 2825 spicere
937 2750 1115 2812 liceat,
1136 2763 1384 2817 quantum
1415 2748 1651 2801 Catullus
1670 2751 1867 2802 caeteris
1896 2753 1949 2803 in
1976 2751 2080 2803 hoc
2105 2770 2292 2822 genere
2316 2757 2568 2807 omnibus
2583 2771 2818 2826 prostare

712 2831 943 2904 potuerit
963 2868 978 2893 ,
1000 2828 1041 2878 si
1060 2828 1166 2878 vim
1188 2827 1378 2896 ingenii
1409 2829 1488 2880 sui
1510 2828 1575 2879 ad
1597 2828 1729 2881 illud
1756 2829 2100 2882 excolendum
2124 2833 2437 2887 contulisset.
2456 2861 2477 2880 ι
2504 2867 2585 2876 --
2603 2834 2819 2906 Separa-

710 2915 804 2964 tim
844 2911 944 2962 hoc
984 2926 1188 2959 carmen
1241 2906 1406 2958 edidit
1445 2921 1496 2959 et
1533 2921 1777 2977 tanquam
1817 2911 2082 2978 specimen
2123 2911 2312 2963 future
2345 2912 2595 2966 editionis
2632 2914 2818 2965 Catulli

710 2989 1011 3063 proposuit,
1041 3012 1062 3033 ι
1085 2987 1289 3038 celebre
1317 2985 1461 3056 apud
1488 2988 1706 3039 Batavos
1736 2990 1941 3040 Nomen
1965 3029 1980 3053 ,
2016 2989 2288 3043 Santenius
2309 3016 2329 3036 ι
2363 2989 2573 3065 (Lugd.
2601 2994 2818 3045 Batavo·

709 3090 830 3124 rum
874 3069 1047 3137 1788,
1084 3056 1177 3132 4);
1207 3068 1356 3135 cujus
1390 3085 1516 3117 cura
1553 3066 1608 3117 in
1650 3086 1815 3130 nova,
1858 3087 2015 3137 quam
2054 3066 2403 3123 adornaturus
2442 3086 2548 3136 est,
2589 3072 2818 3125 editione

710 3164 938 3221 spectare
959 3145 1285 3217 potissimum
1313 3144 1521 3197 videtur
1549 3165 1612 3197 eo
1629 3184 1644 3208 ,
1673 3159 1729 3197 ut
1755 3147 2009 3198 librorum
2038 3147 2190 3200 MSS.
2223 3163 2276 3202 et
2299 3148 2594 3204 editionum
2624 3154 2818 3224 princi·

709 3248 834 3300 pum
851 3244 947 3278 usu
966 3238 1016 3276 et
1037 3225 1310 3276 collatione
1326 3225 1530 3294 spurias
1556 3225 1808 3278 lectiones
1827 3226 2096 3296 investiget
2122 3240 2173 3278 et
2187 3230 2350 3293 tollat,
2370 3230 2623 3301 genuinas
2646 3245 2814 3284 autem

709 3318 916 3360 revocet
942 3316 992 3354 et
1021 3304 1324 3366 constituat;
1356 3323 1463 3373 quo
1486 3301 1701 3374 quidem
1730 3303 1906 3357 studio
1932 3324 2092 3375 quam
2113 3309 2359 3377 praeclare
2381 3310 2484 3362 Vir
2515 3323 2620 3363 tam
2647 3309 2820 3363 erudi·

708 3385 868 3438 tionis
896 3400 1052 3453 quain
1088 3382 1346 3432 librorum
1383 3382 1533 3451 copia
1566 3382 1841 3435 instructus
1872 3382 1940 3436 de
1971 3386 2177 3438 Catullo
2208 3389 2491 3442 meriturus
2516 3391 2584 3442 sit
2603 3429 2621 3453 ,
2647 3388 2818 3443 dicere

710 3464 843 3517 nihil
873 3462 1067 3513 attinet.
1090 3460 1209 3509 Non
1243 3478 1427 3528 parum
1462 3461 1622 3530 igitur
1658 3462 1713 3512 in
1755 3463 1911 3531 hujus
1943 3465 2188 3517 carminis
2222 3469 2526 3522 recensione
2560 3470 2695 3538 juvit
2723 3488 2818 3521 nos

711 3562 873 3614 opera
894 3541 1114 3593 santenii
1128 3572 1145 3599 2
1175 3537 1290 3597 cui,
1318 3558 1423 3589 non
1456 3539 1554 3590 nisi
1579 3539 1640 3589 iis
1666 3542 1865 3593 omissis
1886 3542 2223 3610 lectionibus,
2246 3564 2310 3597 ex
2341 3548 2534 3617 quibus
2553 3550 2686 3601 nihil
2710 3550 2816 3601 sani

711 3619 950 3675 extricari
984 3636 1133 3688 posse
1168 3615 1459 3677 videbatur,
1491 3619 1664 3669 omn'is
1697 3622 1804 3673 fere
1833 3640 1862 3673 a
1894 3623 2046 3674 nobis
2072 3625 2300 3694 subjecta
2329 3624 2557 3681 debetur
2583 3628 2818 3681 lectionis

708 3704 939 3755 varietaS.
969 3695 1074 3749 Sed
1096 3714 1256 3765 quum
1290 3715 1423 3766 opus
1453 3697 1543 3760 sit,
1577 3698 1619 3749 si
1658 3717 1779 3751 cum
1805 3700 2000 3753 fiducia
2029 3702 2254 3773 quadam
2282 3701 2350 3756 de
2378 3724 2624 3775 germana
2655 3721 2819 3779 poeto

709 3781 872 3833 nostri
901 3778 1126 3829 lectione
1157 3773 1392 3843 judicare
1430 3789 1478 3827 et
1521 3778 1774 3847 originem
1813 3793 2176 3852 corruptarum
2216 3783 2502 3837 lectionum
2547 3788 2819 3858 exquirere

712 3862 965 3917 volumus,
985 3869 1041 3908 ut
1061 3854 1353 3916 auctoritas,
1372 3868 1594 3907 vetustas
1618 3870 1668 3908 et
1681 3857 1886 3910 bonitas
1906 3860 2163 3913 librorum
2188 3875 2293 3915 tam
2315 3864 2639 3935 scriptorum
2663 3885 2818 3938 qnam

707 3955 1063 4010 expressorum
1087 3933 1362 4004 diligenter
1375 3935 1714 3999 examinetur,
1729 3951 1778 3989 et
1804 3957 1988 3991 eorum
2015 3939 2148 3993 ordo
2175 3961 2274 4012 pro
2296 3962 2389 3996 sua
2408 3947 2667 4017 cujusque
2697 3944 2822 3997 dote

706 4033 756 4070 et
782 4020 970 4069 virtute
994 4015 1359 4072 constituatur,
1380 4032 1487 4065 non
1518 4012 1844 4073 dubitamus,
1885 4019 2014 4088 quin
2050 4020 2141 4073 has
2178 4023 2380 4075 critices
2410 4023 2465 4075 in
2498 4023 2821 4078 recensendo

703 4097 911 4150 Catullo
941 4107 1108 4165 partes
1138 4093 1391 4145 Santem'us
1411 4093 1617 4162 egregie
1646 4096 1945 4165 expleturus
1965 4099 2046 4150 sit.
