2986 4935
700 484 848 555 310

1216 486 1294 550 C.
1339 484 1768 550 VALERII
1828 483 2290 549 CATULLI

904 615 1305 707 UnguentiS,
1346 636 1478 680 una
1515 611 1721 681 millia
1754 609 1962 680 multa
1996 609 2150 678 bibi.

800 723 998 789 Nunc
1042 743 1197 805 vos,
1247 733 1475 813 optato
1513 742 1677 812 quas
1705 720 1925 810 junxit
1959 715 2208 784 lumine
2247 714 2443 802 taeda,

893 829 1047 895 Non
1089 826 1269 919 prius
1309 825 1637 892 unanimis
1680 847 1965 918 corpora
2002 821 2395 916 conjugibus
2755 857 2796 892 ι..

797 931 1095 1016 Tradite,
1132 931 1458 999 nudantes
1495 930 1737 1022 rejecta
1780 944 1959 997 veste
1999 926 2304 1022 papillas,

905 1038 1127 1124 Quam
1161 1036 1455 1128 jucunda
1497 1036 1657 1103 mihi
1695 1059 1970 1103 munera
2003 1034 2163 1102 libet
2198 1057 2411 1126 onyx;

698 1286 811 1325 tum
834 1271 957 1334 ivit,
984 1270 1208 1339 virgines
1229 1269 1553 1322 honestiores
1579 1270 1709 1321 olim

700 1350 975 1422 unguentis
1014 1348 1355 1411 abstinuisse,
1391 1361 1441 1399 et
1484 1349 1709 1418 simplici

699 1433 818 1482 oleo
851 1429 1098 1499 capillum
1136 1427 1342 1478 unxisse
1364 1466 1379 1491 ,
1408 1425 1467 1478 id
1499 1445 1597 1479 nec
1621 1447 1712 1479 ve·

698 1527 816 1561 rum
834 1549 849 1573 ,
871 1528 967 1560 nec
994 1506 1358 1559 difficultatem
1390 1506 1542 1558 tollit.
1572 1507 1712 1559 Hinc

697 1592 800 1657 jam
830 1587 1055 1640 Achilles
1084 1585 1277 1639 Statius
1304 1603 1372 1636 ex
1400 1606 1565 1656 expers
1590 1587 1713 1637 fecit

701 1687 921 1736 expressa
937 1710 952 1731 ,
993 1667 1083 1718 alii
1116 1676 1308 1733 αρν-εἴα
1336 1665 1418 1715 vel
1451 1666 1675 1735 adspersa
1691 1686 1711 1725 ,-

702 1759 753 1798 et
786 1747 855 1797 N.
878 1746 1122 1797 Heinsius
1147 1745 1202 1794 in
1226 1742 1363 1794 notis
1387 1741 1455 1795 ad
1482 1745 1596 1796 Cat.
1627 1765 1712 1794 ex·

693 1845 867 1895 persa,·
890 1844 986 1876 nos
1006 1825 1425 1894 qualemcunque
1449 1823 1714 1894 corrigen-

699 1902 757 1956 di
788 1904 1044 1956 rationem
1081 1901 1427 1974 proponimus
1462 1902 1614 1954 infra.
1636 1935 1712 1943 —

701 1985 780 2036 Ex
806 2004 921 2047 uua,
947 2001 1063 2054 quae
1081 1995 1155 2034 est
1172 1992 1411 2032 consmns
1431 1981 1586 2034 lectio
1604 2001 1716 2033 om·

699 2065 846 2114 nium
872 2061 1022 2114 MSS.
1049 2073 1100 2113 et
1126 2059 1273 2112 editt.
1304 2072 1539 2112 veterum
1558 2061 1714 2124 ,Vos-

702 2143 840 2205 sius,
884 2155 940 2193 ut
983 2140 1179 2193 labanti
1204 2139 1425 2190 ,lectioni
1462 2160 1628 2211 expers
1660 2139 1714 2190 in

702 2240 857 2272 versu
878 2220 1064 2291 majori
1078 2220 1279 2270 bonum
1304 2217 1574 2270 tibicinem
1598 2237 1717 2288 sup-

701 2313 951 2369 poneret,
985 2312 1037 2351 et
1067 2299 1247 2349 locum
1275 2297 1429 2349 simul
1458 2296 1715 2349 doctrina

702 2396 806 2430 suae
836 2378 1011 2447 copias
1038 2373 1332 2445 explicandi
1364 2375 1607 2440 haberet,
1640 2375 1715 2427 se·

703 2459 777 2510 cit
803 2458 1022 2508 murt-ha.
1047 2486 1127 2498 --
1146 2453 1281 2506 Sane
1304 2474 1367 2505 ex
1387 2453 1488 2507 hac
1513 2455 1719 2507 Vossia-

704 2536 998 2588 naVeteres
1026 2530 1322 2602 corrigendi
1348 2552 1534 2585 norma
1560 2532 1718 2605 quid-

704 2615 783 2665 vis
820 2633 918 2685 pro
949 2612 1136 2682 quovis
1174 2611 1360 2681 reponi
1393 2612 1586 2665 licebit.
1621 2614 1716 2666 Ni-

704 2692 996 2744 hilominus
1024 2692 1161 2743 hanc
1195 2709 1223 2740 a
1256 2690 1445 2743 Vossio
1476 2691 1716 2744 effectam

701 2771 978 2824 lectionem
1026 2783 1077 2822 et
1110 2768 1510 2840 explicationem
1549 2772 1716 2842 mirifi-

703 2871 809 2902 cam
837 2862 888 2902 et
914 2852 1148 2922 quantivis
1170 2850 1316 2918 pretii
1336 2862 1489 2901 vocat
1513 2862 1567 2901 et
1590 2869 1715 2920 pro·

703 2930 798 2983 bat
812 2929 1059 2999 Vulpius.
1079 2960 1156 2970 —·
1174 2929 1253 2980 Ex
1276 2928 1361 2980 his
1381 2926 1589 2980 duobus
1606 2948 1718 2981 ver-

705 3010 877 3076 sibus,
909 3008 1009 3060 nisi
1048 3008 1269 3070 vitium,
1313 3005 1458 3076 quod
1495 3007 1714 3074 insidet,

706 3089 937 3152 tollitur,
963 3106 1140 3139 sensus
1168 3085 1275 3138 exit
1294 3084 1712 3140 absurdissimus.

704 3167 844 3232 Qui,
874 3185 1079 3236 quaesO,
1107 3164 1249 3216 enim
1281 3183 1433 3217 coma
1460 3165 1517 3215 in
1548 3166 1715 3236 capite

703 3245 942 3315 Virginis
980 3243 1286 3307 Berenices,
1329 3243 1576 3295 omnibus
1614 3264 1712 3297 un-

705 3325 909 3394 guentis
932 3322 1236 3374 abstinentis
1251 3361 1265 3385 ,
1287 3322 1451 3374 multa
1473 3322 1637 3374 millia
1654 3324 1716 3374 si·

708 3403 817 3453 mul
859 3413 1122 3470 unguenta
1155 3401 1341 3453 bibere
1381 3401 1591 3470 potuit?
1619 3402 1716 3453 Vi-

705 3482 838 3532 tium
897 3477 1040 3532 haud
1090 3478 1252 3531 dubie
1298 3480 1427 3532 'latet
1483 3481 1539 3532 in
1587 3500 1714 3533 voce

705 3579 869 3629 expers
888 3598 902 3621 ,
938 3577 1095 3629 quam
1127 3558 1268 3611 varie
1304 3561 1411 3629 jam
1450 3571 1717 3613 tentarunt

702 3640 1023 3709 interpretes.
1056 3670 1134 3679 —-
1173 3638 1276 3689 Pro
1305 3657 1409 3709 qua
1436 3638 1570 3690 mihi
1596 3639 1714 3709 qui·

701 3717 823 3770 (lem
864 3715 1255 3769 rescribendum
1281 3715 1490 3776 videtur
1521 3719 1709 3787 explens

702 3796 932 3865 passive,
976 3814 1029 3847 se
1073 3796 1320 3866 explens,
1366 3796 1584 3864 expleta.
1627 3797 1707 3849 Ex

702 3876 916 3928 infinitis
944 3875 1226 3945 exemplis,
1253 3874 1396 3926 hunc
1421 3877 1709 3928 verborum

697 3957 984 4007 activorum
1021 3971 1172 4004 usum
1211 3954 1587 4023 probantibus,
1614 3953 1708 4007 de·

700 4034 846 4104 fungi
870 4033 1025 4085 liceat
1051 4051 1157 4084 uno
1181 4031 1374 4086 Catulli
1390 4070 1406 4095 ,
1433 4034 1525 4103 qui
1554 4054 1709 4105 supra

702 4114 876 4165 Carm.
898 4110 1099 4173 LXIV,
1127 4110 1238 4174 324
1267 4129 1279 4163 :
1316 4138 1337 4159 ι
1357 4111 1406 4163 0
1436 4112 1594 4165 decus
1620 4132 1707 4165 ex-

1795 1268 2013 1334 imium,
2037 1268 2240 1339 magnis
2261 1266 2546 1320 vix-unibu-
2571 1285 2795 1336 augens,-

1795 1367 1896 1420 pro
1915 1359 2080 1411 aucte,
2111 1348 2204 1399 ubi
2227 1345 2338 1399 vid.
2366 1358 2479 1398 not.
2512 1345 2585 1398 Et
2608 1345 2682 1399 sic
2704 1364 2801 1398 seu·

1796 1446 1881 1479 sus
1901 1439 1994 1493 est,
2011 1428 2096 1480 «in
2113 1429 2262 1498 cujus
2274 1425 2468 1478 vertice
2485 1423 2802 1495 olim‚qnum

1797 1506 1948 1576 virgo
1965 1516 2099 1559 esset
2122 1504 2375 1558 Berenice
2389 1543 2404 1568 ,
2421 1515 2477 1556 et
2489 1504 2735 1556 omnibus
2752 1520 2800 1554 se

1798 1587 2033 1656 expleret
2090 1597 2145 1637 et
2200 1595 2455 1638 saturaret
2504 1582 2805 1654 ungnentis,

1801 1665 1966 1716 multa
1987 1663 2141 1717 simul
2165 1664 2329 1716 millia
2352 1675 2620 1732 unguenta
2638 1661 2798 1714 bibi.-

1798 1775 1879 1785 —
1898 1744 2031 1795 Sunt
2052 1741 2144 1814 qui
2170 1743 2466 1795 existiment
2481 1779 2498 1806 ,
2513 1754 2568 1794 et
2591 1759 2690 1811 ego
2708 1758 2806 1793 cre-

1799 1821 1990 1874 debam
2005 1823 2228 1874 verbum
2245 1841 2433 1891 expers,
2452 1837 2624 1890 quum
2647 1825 2716 1891 τῷ
2732 1839 2807 1870 α·

1792 1905 1943 1972 periri
1949 1920 2072 1956 vere
2082 1913 2361 1971 cognatum
2379 1900 2463 1963 sit,
2481 1895 2672 1951 eodem
2687 1917 2808 1969 qno-

1799 1999 1908 2050 que
1927 2000 2080 2032 sensu
2102 1980 2270 2051 accipi
2301 1974 2518 2052 quando
2550 1977 2808 2048 potuisse,

1801 2060 1872 2111 ita
1892 2074 1963 2121 ut,
1985 2058 2187 2112 nedum
2215 2072 2346 2112 esset
2363 2056 2707 2130 privativum,
2725 2075 2806 2108 ex·

1800 2139 2110 2208 perientiam
2143 2138 2472 2209 significaret.
2514 2135 2607 2189 Sic
2643 2134 2810 2188 multis

1799 2216 2007 2270 videtur
2041 2216 2275 2282 Persius,
2303 2214 2437 2268 dum
2476 2214 2812 2288 philosophe·

1801 2310 1939 2348 mata
1975 2317 2038 2349 ex
2070 2296 2286 2350 Graeciae
2313 2294 2622 2366 regionibus
2658 2308 2811 2347 mns-

1801 2376 2017 2427 marinis
2057 2377 2286 2428 Romam
2333 2373 2552 2427 advecta
2605 2385 2811 2436 narr-at,

1802 2452 1993 2508 dixisse
2020 2471 2032 2504 :
2068 2483 2088 2502 ι
2111 2467 2352 2508 nostrum
2379 2472 2564 2524 sapere
2590 2472 2715 2505 enm
2740 2451 2813 2523 pi·

1800 2552 1926 2605 pere
1950 2535 2093 2586 venit
2121 2535 2282 2586 maris
2306 2552 2509 2604 expers.
2534 2558 2560 2579 ι
2595 2533 2670 2584 At
2689 2532 2813 2604 obji-

1802 2614 1905 2666 ciet
1929 2613 2150 2684 aliquis:
2179 2616 2234 2665 τδ
2267 2630 2451 2684 expers
2486 2611 2634 2665 infra
2660 2631 2711 2664 v.
2746 2630 2809 2681 91

1800 2692 1905 2744 alio
1926 2712 2076 2744 sensu
2099 2689 2427 2760 adhibetur-a
2447 2690 2636 2755 Poeta,
2655 2709 2816 2762 neque

1801 2771 2083 2823 verisimile
2110 2783 2185 2824 est
2202 2809 2220 2835 ‚
2237 2789 2361 2824 eum
2379 2769 2439 2823 in
2465 2768 2685 2822 duobus
2699 2768 2820 2823 locis

1799 2848 1945 2902 haud
1974 2851 2132 2920 longe
2160 2848 2474 2903 distantibus
2499 2845 2683 2901 eidem
2709 2844 2819 2901 voci

1802 2928 2010 2999 ingenia
2061 2928 2170 2981 duo
2219 2928 2481 2982 contraria
2533 2924 2817 2981 addidisse.

1799 3007 2007 3072 Fateor,
2029 3022 2080 3061 et
2106 3026 2249 3060 nunc
2277 3021 2532 3077 tanquam
2560 3004 2819 3080 desperati

1800 3087 1977 3139 morbi
2026 3085 2286 3140 medelam
2334 3084 2592 3139 dubitans
2633 3087 2819 3151 effen-03

1799 3164 2012 3235 quando
2064 3180 2117 3219 et
2163 3164 2489 3218 divinatione
2533 3184 2683 3237 opus
2726 3180 2822 3229 est,

1798 3263 1926 3296 num
1950 3263 2010 3297 ea
2035 3263 2182 3297 mens
2202 3244 2394 3298 Catulli
2421 3244 2523 3296 fuit
2539 3284 2558 3308 ,
2577 3259 2642 3297 ut
2664 3246 2823 3300 coma

1800 3321 1999 3376 diceret
2031 3342 2046 3375 :
2083 3350 2105 3370 ι
2126 3324 2286 3376 nullis
2313 3323 2439 3377 lieet
2464 3321 2723 3394 adspersa
2739 3343 2827 3377 un·

1802 3403 2007 3471 guentis
2021 3397 2253 3473 (expers),
2275 3402 2472 3474 quibus
2491 3399 2720 3457 deflenti
2739 3421 2828 3456 c·-

1802 3481 1987 3533 sariem
2046 3482 2302 3552 inungere
2370 3481 2541 3534 solent
2567 3521 2586 3547 ,
2656 3496 2824 3536 tamen

1803 3578 1967 3629 quum
1992 3561 2047 3612 in
2068 3560 2235 3632 capite
2263 3573 2448 3632 sponte
2465 3561 2734 3631 (mgr-anti
2756 3579 2829 3613 re·

1802 3635 2026 3691 siderem
2044 3676 2059 3702 ‚
2084 3658 2179 3709 per
2201 3639 2491 3692 naturalem
2521 3638 2677 3693 hanc
2713 3658 2826 3692 sua-

1802 3716 2018 3771 vitatem
2047 3718 2192 3789 quasi
2228 3736 2412 3771 omnes
2440 3718 2607 3771 simul
2637 3720 2699 3772 in
2724 3738 2829 3771 nno

1796 3795 1985 3849 odores
2008 3797 2367 3851 hauriebam.»
2399 3794 2684 3851 Sententia
2712 3798 2829 3869 qui·

1795 3873 1917 3928 dem
1954 3877 2133 3947 paullo
2163 3876 2425 3947 argutior,
2460 3874 2555 3928 sed
2596 3896 2717 3930 non
2750 3877 2830 3930 in·

1794 3955 1949 4024 genio
1984 3953 2324 4009 alexandrino
2357 3954 2678 4010 inficianda.
2712 3957 2784 4009 N.

1878 4035 2361 4103 79—82.Versus
2376 4048 2667 4105 sequentes
2682 4037 2831 4088 lone-

1797 4115 1932 4183 phus
1952 4114 2180 4185 Scaliger
2198 4134 2260 4167 ex
2279 4113 2508 4185 antiquis
2522 4113 2837 4169 codicibus
