2986 4935
756 412 892 503 178

1268 408 1341 472 C.
1377 404 1817 471 VALERII
1874 399 2340 470 CATULLI

1377 536 1517 601 Vos
1555 533 1708 600 item
1753 531 1943 600 simul
1985 534 2253 625 integra!

1166 641 1505 733 Virgine5‚
1538 639 1773 731 quibus
1806 637 2074 706 advenit

1160 749 1288 814 Par
1330 745 1499 828 dies,
1542 747 1750 837 agite,
1787 745 1853 810 in
1895 743 2166 812 modum

1169 854 1388 920 Dicite
1420 878 1434 918 :
1474 854 1538 917 Ο
1577 853 1928 942 Hymenaee
1963 853 2219 942 Hymen
2243 903 2259 932 ,

1165 961 1423 1050 Hymen
1464 982 1506 1024 o
1544 959 1933 1049 Hymenaee3

1375 1064 1469 1130 Ut
1512 1061 1871 1146 lubentius,
1904 1061 2172 1130 audiens

1173 1172 1254 1236 Se
1298 1169 1557 1236 citarier
1590 1167 1672 1234 ad
1711 1191 1899 1234 suum

1167 1276 1448 1359 Μιιηυε,
1493 1274 1625 1340 huc
1669 1272 1915 1340 aditum
1962 1273 2131 1340 ferat

1165 1381 1317 1447 Dux
1364 1380 1552 1446 bonae
1590 1380 1891 1463 Veneri5‚
1924 1378 2076 1446 boni

1170 1486 1577 1576 Conjugator
1621 1487 1883 1551 amoris,

1380 1591 1546 1677 Quis
1584 1591 1763 1656 Deus
1801 1592 2006 1683 magis
2042 1589 2127 1655 ah
2160 1589 2362 1681 magis

1169 1698 1287 1762 Est
1328 1695 1648 1787 petendus
1690 1689 2102 1761 amantibus?

1164 1801 1381 1888 Quem
1421 1798 1641 1868 colent
1671 1801 1968 1867 homines
2005 1801 2213 1892 magis

1168 1905 1516 1973 Caelitum?
1554 1909 1615 1972 O
1655 1910 2008 1998 Hymenaee
2044 1909 2340 1998 Hymen,

1167 2015 1424 2104 Hymen
1464 2037 1505 2078 0
1540 2014 1912 2102 Hymenaee.

743 2235 848 2273 tem
870 2221 967 2272 hac
989 2219 1379 2288 comparatione
1399 2237 1519 2269 usus
1540 2230 1615 2268 est
1631 2236 1764 2286 quo-

743 2320 847 2370 que
870 2299 1112 2351 Horatius
1131 2298 1232 2349 Od.
1261 2299 1286 2348 l
1305 2337 1320 2358 ,
1346 2296 1415 2347 36
1434 2335 1450 2358 ,
1475 2316 1548 2348 πο
1571 2313 1584 2347 :
1618 2323 1638 2343 ι
1662 2315 1759 2346 nec

1928 2221 2020 2280 46.
2049 2217 2212 2286 Magis
2240 2219 2413 2266 amatis
2438 2215 2493 2266 in
2525 2213 2651 2267 edit.
2679 2217 2851 2267 Venet.

1846 2310 1897 2347 et
1927 2296 2175 2348 omnibus
2204 2295 2358 2347 MSS.
2389 2293 2570 2358 Smii,
2604 2295 2752 2347 unde
2780 2296 2856 2346 ine·

748 2380 972 2431 Damalis
1005 2396 1144 2428 novo
1183 2376 1469 2427 Divelletur
1505 2374 1760 2439 adultero,
1842 2375 2125 2445 legendum
2147 2387 2317 2426 censet
2331 2378 2484 2443 magis
2501 2394 2533 2424 α
2552 2380 2749 2436 monh,
2773 2373 2855 2425 ad-

749 2459 972 2511 Lascivis
1011 2454 1216 2508 hederis
1251 2456 1588 2508 ambitiosior.
1609 2482 1629 2500 ι
1676 2455 1757 2507 Cf.

745 2536 988 2588 eumdem
1018 2533 1185 2605 Epod.
1210 2535 1332 2596 XV,
1356 2535 1383 2585 5
1403 2573 1415 2594 ,
1443 2538 1493 2584 6.

831 2619 921 2667 36.
948 2616 1046 2665 l'os
1070 2619 1236 2663 iterum
1257 2614 1307 2663 in
1330 2612 1453 2664 edit.
1474 2614 1660 2665 venet.
1691 2648 1762 2655 ——

752 2697 941 2765 Vosque
967 2697 1074 2744 item
1099 2694 1150 2743 in
1175 2693 1324 2743 MSS.
1351 2692 1512 2743 Statii.
1533 2720 1610 2732 ——-
1631 2694 1760 2744 Inte-

744 2793 849 2841 gra:
870 2814 883 2833 ,
909 2784 1057 2823 castre
1085 2785 1135 2822 et
1159 2772 1371 2823 intactae.
1407 2771 1488 2822 Cf.
1515 2790 1667 2840 supra
1696 2776 1760 2823 ad

748 2854 923 2904 Carm.
953 2852 1207 2912 XXXIV,
1240 2871 1287 2901 π.

832 2930 924 2982 38.
949 2932 1006 2981 In
1032 2930 1212 2980 modum
1233 2930 1404 2991 dicite,
1429 2927 1495 2980 ad
1518 2948 1763 2980 numeros

746 3028 797 3063 et
840 3009 1146 3078 rhythmum
1185 3009 1351 3061 canite
1370 3048 1384 3071 ‚
1430 3009 1594 3059 choro
1639 3012 1759 3060 cum

745 3088 996 3157 rhythmo
1024 3101 1075 3139 et
1105 3087 1172 3140 ad
1208 3090 1346 3158 leges
1373 3089 1594 3139 musicas
1624 3089 1760 3139 acci·

746 3170 867 3220 uite.
899 3166 1048 3218 Idem
1081 3186 1202 3217 mox
1229 3187 1278 3219 v.
1318 3167 1420 3219 123
1445 3205 1459 3229 ,
1491 3166 1681 3220 dicitur
1711 3171 1760 3217 in

749 3246 932 3298 modum
951 3250 1204 3296 concinere.
1224 3278 1302 3287 —
1327 3248 1517 3309 Dicere,
1538 3260 1595 3298 ut
1620 3246 1761 3298 Grae·

743 3343 928 3377 corum
956 3326 1108 3392 λέγειν
1144 3343 1241 3392 pro
1267 3345 1462 3387 canere,
1500 3327 1676 3377 tritum
1710 3338 1760 3377 et

744 3403 1106 3475 pervulgatum
1132 3416 1229 3463 esu
1248 3404 1452 3473 coliegit
1475 3418 1644 3455 tamen
1670 3423 1758 3455 ex-

746 3482 917 3552 empla
938 3482 1231 3535 Broucklms.
1246 3481 1314 3533 ad
1338 3484 1537 3535 Tibull.
1562 3484 1655 3534 lib.
1678 3484 1759 3546 ΙΙ,

750 3563 777 3613 5
794 3600 809 3624 ,
850 3580 868 3614 ι
893 3581 935 3613 ι.

828 3642 893 3693 ,63
910 3679 925 3703 ,
945 3657 1091 3710 seqq.
1111 3640 1287 3692 Munus
1303 3660 1319 3691 .·
1344 3659 1535 3693 munus
1558 3641 1753 3711 Hyme-

741 3719 838 3770 naei
853 3732 1083 3770 versatur
1101 3720 1152 3769 in
1174 3719 1549 3772 confirmandis
1561 3720 1757 3790 nuptiis

739 3796 966 3850 honestis
998 3810 1046 3851 et
1083 3798 1350 3866 legitimi83
1389 3799 1512 3850 hinc
1543 3812 1754 3850 vocatur

739 3878 837 3928 dux
878 3878 1011 3927 home
1052 3877 1248 3927 Venonis
1266 3918 1280 3939 ‚
1321 3878 1376 3931 h.
1409 3898 1455 3929 e.
1495 3879 1749 3930 honestae:

736 3970 784 4007 et
824 3956 1124 4024 Conjugaeor
1154 3957 1265 4006 boni
1295 3962 1465 4009 amoris
1485 3997 1499 4016 ,
1530 3957 1583 4008 b.
1610 3976 1651 4007 e.
1680 3959 1749 4007 le-

731 4036 909 4102 gitimi.

1846 2452 2067 2506 modum
2105 2455 2315 2525 jejune!
2357 2487 2437 2496 --
2483 2458 2638 2524 magis
2682 2458 2854 2526 optimis

1847 2535 2052 2605 Gryph.
2083 2535 2274 2585 Muret.
2310 2563 2388 2574 —
2424 2534 2594 2603 Magis
2626 2554 2687 2585 ac
2720 2538 2857 2603 mugit

1848 2614 2077 2665 Vossius.
2119 2614 2257 2664 Fons
2295 2612 2593 2684 depravata
2632 2614 2860 2666 lectionis

1848 2692 1990 2744 haud
2016 2692 2178 2744 dubie
2200 2694 2319 2745 latet
2341 2694 2392 2744 in
2420 2693 2579 2743 veteri
2603 2691 2856 2745 scribendi

1844 2774 2044 2824 ratione
2079 2791 2108 2822 a
2147 2773 2257 2824 sine
2291 2772 2606 2841 aspiratione
2640 2791 2749 2843 pro
2781 2772 2851 2829 ak,

1846 2850 1991 2922 quod
2033 2870 2169 2922 saepe
2213 2852 2473 2921 reperitur
2508 2850 2565 2900 in
2604 2853 2858 2903 veteribus

1846 2930 2145 2982 codicibus:
2173 2929 2280 2982 vid.
2311 2929 2607 2981 Bmucklws.
2637 2929 2711 2982 ad
2740 2932 2856 2982 Pro-

1845 3022 1982 3079 pert.
2020 3012 2082 3072 1,
2124 3013 2216 3064 16.
2260 3010 2348 3061 13.
2385 3010 2503 3061 Non
2533 3008 2648 3060 sine
2674 3011 2856 3080 proba-

1847 3089 2042 3140 bilitate
2067 3101 2239 3141 autem
2269 3088 2516 3159 scriptum
2540 3086 2757 3140 videtur
2772 3109 2857 3139 m·

1843 3171 1921 3235 gis
1940 3188 1971 3217 a
1993 3170 2143 3237 magis
2156 3181 2175 3225 ‚²
2198 3168 2459 3237 praeipue
2485 3185 2652 3237 quum
2677 3168 2853 3237 scalig.

1846 3248 1899 3298 in
1942 3248 2147 3316 optimo
2190 3247 2326 3298 libro
2371 3250 2524 3315 magis
2557 3265 2591 3297 a
2631 3251 2779 3299 nucis
2808 3265 2856 3298 se

1845 3326 2096 3378 iuvenisse
2115 3339 2345 3389 testetur,
2363 3338 2415 3377 et
2436 3325 2579 3377 litera
2601 3346 2630 3376 c
2648 3345 2777 3379 cum
2796 3346 2854 3395 g.

1846 3416 1902 3456 ut
1935 3424 1986 3456 v.
2022 3408 2116 3458 68.
2148 3408 2340 3474 J'uncier
2370 3424 2468 3475 pro
2489 3406 2710 3473 jungit-st
2747 3424 2854 3477 pas-

1845 3485 1941 3536 sim
1966 3485 2019 3535 in
2048 3486 2192 3536 libris
2214 3484 2363 3537 MSS.
2399 3496 2766 3554 permutetur,
2794 3487 2852 3536 ita

1845 3577 1901 3615 ut
1946 3576 2117 3615 nostra
2168 3564 2346 3628 lectiO,
2384 3564 2591 3631 elegans
2636 3582 2764 3615 mne
2810 3576 2854 3613 et

1843 3642 2152 3705 commoda,
2193 3662 2256 3695 ex
2292 3643 2391 3694 hae
2419 3642 2623 3693 ratione
2646 3640 2852 3695 defendi

1841 3740 1991 3791 posse
2009 3720 2259 3773 videatur.
2293 3754 2370 3762 —-
2407 3721 2572 3788 Magis
2599 3722 2662 3771 al·
2690 3726 2851 3792 magia

1844 3802 1926 3851 Al·
1951 3804 2055 3870 jam
2088 3813 2164 3852 est
2192 3802 2442 3871 particula
2473 3816 2600 3850 cum
2632 3800 2855 3853 admira-

1842 3881 1981 3931 tione
2020 3898 2131 3932 rem
2172 3881 2419 3949 augentis.
2456 3910 2538 3920 -——
2559 3879 2691 3933 Vid.
2728 3881 2851 3933 infun

1840 3978 1890 4011 v.
1938 3961 2058 4026 139.
2102 3959 2370 4030 Frequens
2403 3969 2481 4009 est
2520 3958 2765 4013 Catullus
2803 3960 2850 4009 in

1839 4039 2150 4109 repetitione
2182 4038 2328 4091 verbi
2357 4040 2529 4105 magis.
2555 4037 2624 4089 N.
