2986 4935
631 464 805 516 xx11
1277 460 1809 516 Eniroms
1879 461 2122 515 Nov1

754 585 971 671 Fere
1021 601 1317 671 sextus
1367 580 1872 667 tricesimus
1912 612 2203 667 annus
2255 600 2428 692 est,
2478 587 2767 670 amice

630 737 999 845 Lector,
1059 751 1163 818 ut
1212 730 1828 851 principatum
1891 733 2129 819 inter
2191 731 2520 821 Catulli
2589 732 2767 820 edi-

632 884 923 970 tiones
999 879 1606 1003 Doeringiana
1685 876 2081 992 obtinet,
2140 879 2389 968 haud
2461 882 2774 970 imme-

636 1034 859 1143 ritO,
934 1031 1113 1117 sive
1187 1048 1481 1116 textus
1545 1028 1957 1148 plurimis
2031 1031 2124 1115 in
2185 1029 2404 1119 locis
2467 1033 2769 1119 mutili

642 1182 1250 1292 sanationem,
1292 1180 1472 1266 sive
1517 1182 2172 1268 sententiarum
2206 1181 2772 1271 intellectum

643 1330 1045 1418 aestimes.
1090 1330 1509 1449 Namque
1551 1328 2290 1418 emendationum
2336 1334 2776 1453 interpre-

645 1481 1278 1599 tationumque
1293 1476 1665 1565 Achillis
1685 1480 1971 1590 Statii,
1985 1482 2350 1593 Mureti,
2373 1484 2776 1570 Passera-

644 1626 1430 1747 tii,Vossii,Vulpii
1461 1627 2031 1750 aliorumque
2063 1628 2284 1717 flore
2316 1629 2772 1751 decerpto,

645 1778 1192 1901 collataque,
1244 1810 1522 1900 quam
1570 1777 1811 1898 apud
1856 1782 2217 1868 Graecos
2274 1802 2362 1869 et
2408 1784 2776 1870 Latinos

648 1951 958 2054 poetas
1012 1934 1199 2050 ipse
1259 1927 1789 2051 collegerat,
1845 1927 2308 2019 uberrima
2360 1932 2777 2020 locorum

600 2113 973 2194 ·messe,
1033 2076 1417 2166 obscura
1466 2076 1985 2190 illustravit,
2046 2101 2474 2203 corrupta
2526 2086 2780 2170 resti-

650 2234 821 2322 tuit
878 2233 973 2317 in
1042 2229 1410 2342 melius,
1473 2227 1774 2317 afficta
1837 2233 2306 2351 expunxit,
2361 2232 2782 2355 pulcher-

650 2387 881 2472 rima
913 2412 1292 2504 quaeque
1325 2399 1413 2467 et
1439 2381 1832 2506 genuina
1860 2380 2289 2470 similium
2315 2415 2782 2505 compara-

655 2536 899 2622 tione
940 2528 1438 2619 adornavit.

773 2682 1092 2771 Talem
1151 2679 1400 2768 illam
1462 2679 1997 2795 editionem,
2063 2685 2347 2772 amice
2407 2687 2778 2788 Lector,

656 2838 1105 2958 integram
1168 2830 1277 2919 ad
1328 2830 1711 2919 verbum
1776 2832 2386 2922 recudendam
2444 2839 2786 2925 curavi-

656 3016 884 3071 mus.
938 2981 1109 3071 Sed
1155 2985 1739 3105 quantumvis
1787 2985 2253 3108 egregium
2295 2986 2594 3072 virum
2641 3019 2786 3073 su·-

659 3136 1177 3255 spiciamUS,
1209 3151 1518 3218 tamen
1559 3133 2169 3252 superstitiose
2207 3137 2301 3220 in
2329 3135 2565 3223 illius
2587 3170 2788 3224 ver-

658 3282 771 3373 ba
823 3283 1173 3403 jurare,
1233 3278 1649 3370 abdicato
1712 3303 2026 3370 nostro
2078 3282 2455 3403 judiciO,
2519 3286 2786 3374 nobis

659 3465 846 3521 non
892 3431 1447 3519 destinatum
1487 3428 1803 3519 fuerat.
1858 3435 2176 3556 Itaque
2224 3436 2293 3522 si
2343 3435 2562 3556 quid
2618 3436 2789 3523 hu-

657 3583 1056 3671 manitus
1099 3580 1225 3668 illi
1264 3579 1634 3693 excidit,
1683 3603 1785 3669 ut
1831 3605 2090 3673 acute
2136 3583 2373 3674 dicta
2418 3608 2573 3675 aut
2611 3591 2791 3674 exi-

657 3735 836 3822 mie
888 3734 1390 3857 excogitata
1437 3734 1978 3852 praeteriret,
2023 3735 2165 3823 vel
2213 3769 2579 3825 sensum
2625 3739 2792 3826 Ca-

662 3883 864 3972 tulli
926 3880 1141 3970 falsa
1209 3880 1835 4001 explanatione
1891 3885 1986 3969 in
2046 3918 2429 4006 pravum
2491 3886 2793 3977 detor-

659 4053 1019 4156 queret,
1063 4032 1512 4156 corrigere
1553 4037 2141 4150 tentavimus,
2183 4039 2305 4127 ita
2343 4059 2652 4128 tamen
2691 4039 2794 4124 il-

656 4183 827 4270 lius
876 4182 1442 4282 annotationi
1472 4201 1782 4270 nostra
1817 4182 2260 4301 subjecta,
2305 4209 2403 4276 ut
2446 4187 2792 4277 arbiter
