<?xml version="1.0" encoding="UTF-8"?>
<!DOCTYPE html PUBLIC "-//W3C//DTD XHTML 1.0 Transitional//EN"
    "http://www.w3.org/TR/xhtml1/DTD/xhtml1-transitional.dtd">
<html xmlns="http://www.w3.org/1999/xhtml" xml:lang="en" lang="en">
 <head>
  <title>
</title>
<meta http-equiv="Content-Type" content="text/html;charset=utf-8" />
  <meta name='ocr-system' content='tesseract 3.04.00' />
  <meta name='ocr-capabilities' content='ocr_page ocr_carea ocr_par ocr_line ocrx_word'/>
</head>
<body>
  <div class='ocr_page' id='page_1' title='image "./cvaleriuscatull00naudgoog_0228.png"; bbox 0 0 2986 4935; ppageno 0'>
   <div class='ocr_carea' id='block_1_1' title="bbox 726 468 873 514">
    <p class='ocr_par' dir='ltr' id='par_1_1' title="bbox 726 468 873 514">
     <span class='ocr_line' id='line_1_1' title="bbox 726 468 873 514; baseline 0.014 -3"><span class='ocrx_word' id='word_1_1' title='bbox 726 468 873 514; x_wconf 73' lang='lat'>212</span> 
     </span>
    </p>
   </div>
   <div class='ocr_carea' id='block_1_2' title="bbox 1246 444 2335 515">
    <p class='ocr_par' dir='ltr' id='par_1_2' title="bbox 1246 444 2335 515">
     <span class='ocr_line' id='line_1_2' title="bbox 1246 444 2335 515; baseline 0.004 -5"><span class='ocrx_word' id='word_1_2' title='bbox 1246 444 1320 510; x_wconf 90' lang='lat' dir='ltr'>C.</span> <span class='ocrx_word' id='word_1_3' title='bbox 1370 445 1806 512; x_wconf 86' lang='lat' dir='ltr'>VALERII</span> <span class='ocrx_word' id='word_1_4' title='bbox 1864 447 2335 515; x_wconf 79' lang='lat' dir='ltr'>CATULLI</span> 
     </span>
    </p>
   </div>
   <div class='ocr_carea' id='block_1_3' title="bbox 821 572 2840 1094">
    <p class='ocr_par' dir='ltr' id='par_1_3' title="bbox 826 572 2417 670">
     <span class='ocr_line' id='line_1_3' title="bbox 826 572 2417 670; baseline 0.002 -26"><span class='ocrx_word' id='word_1_5' title='bbox 826 578 1060 645; x_wconf 69' lang='lat' dir='ltr'>Supnn</span> <span class='ocrx_word' id='word_1_6' title='bbox 1105 572 1236 643; x_wconf 87' lang='lat' dir='ltr'>alta</span> <span class='ocrx_word' id='word_1_7' title='bbox 1275 590 1503 646; x_wconf 84' lang='lat' dir='ltr'>vectus</span> <span class='ocrx_word' id='word_1_8' title='bbox 1550 578 1708 670; x_wconf 86' lang='lat' dir='ltr'>Atys</span> <span class='ocrx_word' id='word_1_9' title='bbox 1757 575 1952 645; x_wconf 85' lang='lat' dir='ltr'>celeri</span> <span class='ocrx_word' id='word_1_10' title='bbox 1991 592 2131 646; x_wconf 86' lang='lat' dir='ltr'>rate</span> <span class='ocrx_word' id='word_1_11' title='bbox 2178 582 2417 664; x_wconf 86' lang='lat' dir='ltr'>maria,</span> 
     </span>
    </p>

    <p class='ocr_par' dir='ltr' id='par_1_4' title="bbox 823 682 2491 881">
     <span class='ocr_line' id='line_1_4' title="bbox 826 682 2491 779; baseline 0.002 -29"><span class='ocrx_word' id='word_1_12' title='bbox 826 682 1186 776; x_wconf 85' lang='lat' dir='ltr'>Phrygium</span> <span class='ocrx_word' id='word_1_13' title='bbox 1233 706 1464 750; x_wconf 88' lang='lat' dir='ltr'>nemus</span> <span class='ocrx_word' id='word_1_14' title='bbox 1503 684 1704 751; x_wconf 85' lang='lat' dir='ltr'>citato</span> <span class='ocrx_word' id='word_1_15' title='bbox 1748 683 1989 776; x_wconf 82' lang='lat' dir='ltr'>cupide</span> <span class='ocrx_word' id='word_1_16' title='bbox 2035 684 2199 777; x_wconf 88' lang='lat' dir='ltr'>pede</span> <span class='ocrx_word' id='word_1_17' title='bbox 2238 686 2491 779; x_wconf 86' lang='lat' dir='ltr'>tetigit,</span> 
     </span>
     <span class='ocr_line' id='line_1_5' title="bbox 823 785 2378 881; baseline 0.001 -24"><span class='ocrx_word' id='word_1_18' title='bbox 823 788 1132 881; x_wconf 82' lang='lat' dir='ltr'>Adiitque</span> <span class='ocrx_word' id='word_1_19' title='bbox 1168 812 1378 880; x_wconf 86' lang='lat' dir='ltr'>opaca</span> <span class='ocrx_word' id='word_1_20' title='bbox 1426 785 1604 856; x_wconf 87' lang='lat' dir='ltr'>silvis</span> <span class='ocrx_word' id='word_1_21' title='bbox 1649 788 1952 857; x_wconf 88' lang='lat' dir='ltr'>redimita</span> <span class='ocrx_word' id='word_1_22' title='bbox 1996 790 2141 858; x_wconf 88' lang='lat' dir='ltr'>loca</span> <span class='ocrx_word' id='word_1_23' title='bbox 2184 793 2378 875; x_wconf 83' lang='lat' dir='ltr'>Deae;</span> 
     </span>
    </p>

    <p class='ocr_par' dir='ltr' id='par_1_5' title="bbox 821 893 2428 990">
     <span class='ocr_line' id='line_1_6' title="bbox 821 893 2428 990; baseline 0 -27"><span class='ocrx_word' id='word_1_24' title='bbox 821 893 1208 963; x_wconf 90' lang='lat' dir='ltr'>Stimulatus</span> <span class='ocrx_word' id='word_1_25' title='bbox 1251 894 1360 960; x_wconf 89' lang='lat' dir='ltr'>ubi</span> <span class='ocrx_word' id='word_1_26' title='bbox 1401 893 1644 962; x_wconf 87' lang='lat' dir='ltr'>furenti</span> <span class='ocrx_word' id='word_1_27' title='bbox 1683 896 1902 978; x_wconf 82' lang='lat' dir='ltr'>rabie,</span> <span class='ocrx_word' id='word_1_28' title='bbox 1939 921 2145 990; x_wconf 83' lang='lat' dir='ltr'>vagus</span> <span class='ocrx_word' id='word_1_29' title='bbox 2189 897 2428 984; x_wconf 86' lang='lat' dir='ltr'>animi,</span> 
     </span>
    </p>

    <p class='ocr_par' dir='ltr' id='par_1_6' title="bbox 822 998 2840 1094">
     <span class='ocr_line' id='line_1_7' title="bbox 822 998 2840 1094; baseline 0.002 -27"><span class='ocrx_word' id='word_1_30' title='bbox 822 999 1138 1068; x_wconf 84' lang='lat' dir='ltr'><strong>Devolvit</strong></span> <span class='ocrx_word' id='word_1_31' title='bbox 1184 998 1291 1066; x_wconf 86' lang='lat' dir='ltr'>illa</span> <span class='ocrx_word' id='word_1_32' title='bbox 1327 1015 1522 1068; x_wconf 89' lang='lat' dir='ltr'>acuta</span> <span class='ocrx_word' id='word_1_33' title='bbox 1560 1002 1683 1069; x_wconf 89' lang='lat' dir='ltr'>sibi</span> <span class='ocrx_word' id='word_1_34' title='bbox 1717 1002 2011 1094; x_wconf 84' lang='lat' dir='ltr'>pondera</span> <span class='ocrx_word' id='word_1_35' title='bbox 2052 1002 2245 1071; x_wconf 83' lang='lat' dir='ltr'>silice.</span> <span class='ocrx_word' id='word_1_36' title='bbox 2824 1039 2840 1072; x_wconf 75' lang='lat' dir='ltr'>s</span> 
     </span>
    </p>
   </div>
   <div class='ocr_carea' id='block_1_4' title="bbox 716 1237 1739 1449">
    <p class='ocr_par' dir='ltr' id='par_1_7' title="bbox 716 1237 1739 1449">
     <span class='ocr_line' id='line_1_8' title="bbox 797 1237 1739 1309; baseline 0 -20"><span class='ocrx_word' id='word_1_37' title='bbox 797 1240 942 1309; x_wconf 74' lang='lat' dir='ltr'>Atys.</span> <span class='ocrx_word' id='word_1_38' title='bbox 988 1239 1068 1288; x_wconf 92' lang='lat' dir='ltr'>De</span> <span class='ocrx_word' id='word_1_39' title='bbox 1103 1237 1247 1288; x_wconf 82' lang='lat' dir='ltr'>varia</span> <span class='ocrx_word' id='word_1_40' title='bbox 1299 1237 1453 1307; x_wconf 85' lang='lat' dir='ltr'>hujus</span> <span class='ocrx_word' id='word_1_41' title='bbox 1504 1237 1739 1289; x_wconf 82' lang='lat' dir='ltr'>nominis</span> 
     </span>
     <span class='ocr_line' id='line_1_9' title="bbox 716 1315 1739 1390; baseline -0.003 -19"><span class='ocrx_word' id='word_1_42' title='bbox 716 1320 975 1390; x_wconf 75' lang='lat' dir='ltr'>scriptura</span> <span class='ocrx_word' id='word_1_43' title='bbox 999 1329 1187 1387; x_wconf 81' lang='lat' dir='ltr'>praeter</span> <span class='ocrx_word' id='word_1_44' title='bbox 1212 1316 1536 1385; x_wconf 86' lang='lat' dir='ltr'>Scaligerum</span> <span class='ocrx_word' id='word_1_45' title='bbox 1557 1315 1739 1368; x_wconf 75' lang='lat' dir='ltr'>viden·</span> 
     </span>
     <span class='ocr_line' id='line_1_10' title="bbox 719 1395 1734 1449; baseline -0.003 0"><span class='ocrx_word' id='word_1_46' title='bbox 719 1397 818 1449; x_wconf 89' lang='lat' dir='ltr'>dus</span> <span class='ocrx_word' id='word_1_47' title='bbox 840 1398 1059 1449; x_wconf 87' lang='lat' dir='ltr'>omnino</span> <span class='ocrx_word' id='word_1_48' title='bbox 1077 1396 1396 1448; x_wconf 72' lang='lat' dir='ltr'>Hemsterlms.</span> <span class='ocrx_word' id='word_1_49' title='bbox 1423 1395 1490 1447; x_wconf 83' lang='lat' dir='ltr'>ad</span> <span class='ocrx_word' id='word_1_50' title='bbox 1515 1397 1734 1448; x_wconf 83' lang='lat' dir='ltr'>Lucian.</span> 
     </span>
    </p>
   </div>
   <div class='ocr_carea' id='block_1_5' title="bbox 718 1475 1763 1546">
    <p class='ocr_par' dir='ltr' id='par_1_8' title="bbox 718 1475 1763 1546">
     <span class='ocr_line' id='line_1_11' title="bbox 718 1475 1763 1546; baseline -0.002 -18"><span class='ocrx_word' id='word_1_51' title='bbox 718 1479 781 1529; x_wconf 90' lang='lat' dir='ltr'>T.</span> <span class='ocrx_word' id='word_1_52' title='bbox 817 1478 874 1540; x_wconf 94' lang='lat'>1,</span> <span class='ocrx_word' id='word_1_53' title='bbox 907 1477 1014 1528; x_wconf 78' lang='lat'>235</span> <span class='ocrx_word' id='word_1_54' title='bbox 1031 1517 1044 1540; x_wconf 92' lang='lat'>,</span> <span class='ocrx_word' id='word_1_55' title='bbox 1066 1491 1116 1528; x_wconf 89' lang='lat' dir='ltr'>et</span> <span class='ocrx_word' id='word_1_56' title='bbox 1143 1478 1461 1546; x_wconf 83' lang='lat' dir='ltr'>Interpretes</span> <span class='ocrx_word' id='word_1_57' title='bbox 1481 1476 1549 1527; x_wconf 85' lang='lat' dir='ltr'>ad</span> <span class='ocrx_word' id='word_1_58' title='bbox 1572 1475 1763 1538; x_wconf 33' lang='lat' dir='ltr'>Ovid..</span> 
     </span>
    </p>
   </div>
   <div class='ocr_carea' id='block_1_6' title="bbox 687 1556 1746 4169">
    <p class='ocr_par' dir='ltr' id='par_1_9' title="bbox 719 1556 1746 2657">
     <span class='ocr_line' id='line_1_12' title="bbox 720 1556 1738 1620; baseline -0.005 -11"><span class='ocrx_word' id='word_1_59' title='bbox 720 1559 935 1609; x_wconf 84' lang='lat' dir='ltr'>Metam.</span> <span class='ocrx_word' id='word_1_60' title='bbox 975 1557 1057 1620; x_wconf 88' lang='lat' dir='ltr'>X,</span> <span class='ocrx_word' id='word_1_61' title='bbox 1104 1563 1225 1617; x_wconf 63' lang='lat'><strong>1011.</strong></span> <span class='ocrx_word' id='word_1_62' title='bbox 1262 1587 1338 1596; x_wconf 89' lang='lat'>--</span> <span class='ocrx_word' id='word_1_63' title='bbox 1373 1556 1453 1606; x_wconf 78' lang='lat' dir='ltr'>Ex</span> <span class='ocrx_word' id='word_1_64' title='bbox 1487 1574 1550 1606; x_wconf 91' lang='lat' dir='ltr'>eo</span> <span class='ocrx_word' id='word_1_65' title='bbox 1579 1574 1738 1618; x_wconf 82' lang='lat' dir='ltr'>vero,</span> 
     </span>
     <span class='ocr_line' id='line_1_13' title="bbox 719 1635 1736 1708; baseline -0.002 -20"><span class='ocrx_word' id='word_1_66' title='bbox 719 1636 865 1708; x_wconf 87' lang='lat' dir='ltr'>quod</span> <span class='ocrx_word' id='word_1_67' title='bbox 897 1637 1022 1706; x_wconf 61' lang='lat' dir='ltr'>Atys</span> <span class='ocrx_word' id='word_1_68' title='bbox 1049 1656 1191 1705; x_wconf 80' lang='lat' dir='ltr'>super</span> <span class='ocrx_word' id='word_1_69' title='bbox 1219 1635 1320 1684; x_wconf 80' lang='lat' dir='ltr'>alea</span> <span class='ocrx_word' id='word_1_70' title='bbox 1350 1647 1502 1684; x_wconf 73' lang='lat' dir='ltr'>vectus</span> <span class='ocrx_word' id='word_1_71' title='bbox 1528 1636 1736 1686; x_wconf 88' lang='lat' dir='ltr'>Catullo</span> 
     </span>
     <span class='ocr_line' id='line_1_14' title="bbox 720 1713 1741 1785; baseline -0.003 -18"><span class='ocrx_word' id='word_1_72' title='bbox 720 1715 942 1778; x_wconf 84' lang='lat' dir='ltr'>dicitur,</span> <span class='ocrx_word' id='word_1_73' title='bbox 972 1715 1168 1785; x_wconf 80' lang='lat' dir='ltr'><strong>colligit</strong></span> <span class='ocrx_word' id='word_1_74' title='bbox 1200 1725 1249 1764; x_wconf 88' lang='lat' dir='ltr'>et</span> <span class='ocrx_word' id='word_1_75' title='bbox 1286 1713 1460 1764; x_wconf 79' lang='lat' dir='ltr'>statuit</span> <span class='ocrx_word' id='word_1_76' title='bbox 1490 1714 1741 1777; x_wconf 76' lang='lat' dir='ltr'>Vossius,</span> 
     </span>
     <span class='ocr_line' id='line_1_15' title="bbox 720 1793 1738 1863; baseline -0.001 -16"><span class='ocrx_word' id='word_1_77' title='bbox 720 1797 951 1847; x_wconf 81' lang='lat' dir='ltr'>Attinem</span> <span class='ocrx_word' id='word_1_78' title='bbox 968 1808 1205 1846; x_wconf 85' lang='lat' dir='ltr'>nostrum</span> <span class='ocrx_word' id='word_1_79' title='bbox 1225 1812 1329 1843; x_wconf 90' lang='lat' dir='ltr'>non</span> <span class='ocrx_word' id='word_1_80' title='bbox 1345 1811 1454 1844; x_wconf 68' lang='lat' dir='ltr'>esse</span> <span class='ocrx_word' id='word_1_81' title='bbox 1472 1793 1738 1863; x_wconf 70' lang='lat' dir='ltr'>Phrygem</span> 
     </span>
     <span class='ocr_line' id='line_1_16' title="bbox 723 1873 1738 1944; baseline -0.001 -18"><span class='ocrx_word' id='word_1_82' title='bbox 723 1877 873 1926; x_wconf 90' lang='lat' dir='ltr'>illum</span> <span class='ocrx_word' id='word_1_83' title='bbox 906 1887 1164 1944; x_wconf 80' lang='lat' dir='ltr'>pastorem</span> <span class='ocrx_word' id='word_1_84' title='bbox 1193 1891 1222 1923; x_wconf 85' lang='lat' dir='ltr'>a</span> <span class='ocrx_word' id='word_1_85' title='bbox 1250 1873 1450 1942; x_wconf 77' lang='lat' dir='ltr'><strong>Cybele</strong></span> <span class='ocrx_word' id='word_1_86' title='bbox 1477 1886 1738 1936; x_wconf 85' lang='lat' dir='ltr'>amatum,</span> 
     </span>
     <span class='ocr_line' id='line_1_17' title="bbox 723 1950 1741 2025; baseline -0.002 -20"><span class='ocrx_word' id='word_1_87' title='bbox 723 1954 971 2025; x_wconf 87' lang='lat' dir='ltr'>quoniam</span> <span class='ocrx_word' id='word_1_88' title='bbox 997 1954 1038 2003; x_wconf 83' lang='lat' dir='ltr'>is</span> <span class='ocrx_word' id='word_1_89' title='bbox 1062 1972 1166 2003; x_wconf 88' lang='lat' dir='ltr'>non</span> <span class='ocrx_word' id='word_1_90' title='bbox 1194 1952 1324 2003; x_wconf 88' lang='lat' dir='ltr'>mari</span> <span class='ocrx_word' id='word_1_91' title='bbox 1343 1950 1635 2017; x_wconf 80' lang='lat' dir='ltr'>advenerit,</span> <span class='ocrx_word' id='word_1_92' title='bbox 1652 1951 1741 2004; x_wconf 88' lang='lat' dir='ltr'>sed</span> 
     </span>
     <span class='ocr_line' id='line_1_18' title="bbox 723 2030 1743 2104; baseline -0.004 -18"><span class='ocrx_word' id='word_1_93' title='bbox 723 2036 778 2087; x_wconf 87' lang='lat' dir='ltr'>in</span> <span class='ocrx_word' id='word_1_94' title='bbox 825 2035 937 2104; x_wconf 85' lang='lat' dir='ltr'>ipsa</span> <span class='ocrx_word' id='word_1_95' title='bbox 983 2048 1133 2084; x_wconf 87' lang='lat' dir='ltr'>natus</span> <span class='ocrx_word' id='word_1_96' title='bbox 1182 2030 1536 2101; x_wconf 84' lang='lat' dir='ltr'>educatusque</span> <span class='ocrx_word' id='word_1_97' title='bbox 1584 2033 1743 2083; x_wconf 89' lang='lat' dir='ltr'>fuerit</span> 
     </span>
     <span class='ocr_line' id='line_1_19' title="bbox 723 2111 1746 2185; baseline -0.004 -19"><span class='ocrx_word' id='word_1_98' title='bbox 723 2114 980 2185; x_wconf 83' lang='lat' dir='ltr'>Phrygia:</span> <span class='ocrx_word' id='word_1_99' title='bbox 1003 2124 1328 2183; x_wconf 84' lang='lat' dir='ltr'>quapropter</span> <span class='ocrx_word' id='word_1_100' title='bbox 1351 2112 1570 2162; x_wconf 87' lang='lat' dir='ltr'>minime</span> <span class='ocrx_word' id='word_1_101' title='bbox 1589 2111 1746 2162; x_wconf 88' lang='lat' dir='ltr'>dubi·</span> 
     </span>
     <span class='ocr_line' id='line_1_20' title="bbox 723 2191 1743 2263; baseline -0.005 -16"><span class='ocrx_word' id='word_1_102' title='bbox 723 2194 942 2248; x_wconf 85' lang='lat' dir='ltr'>tandum</span> <span class='ocrx_word' id='word_1_103' title='bbox 966 2205 1138 2263; x_wconf 89' lang='lat' dir='ltr'>putat,</span> <span class='ocrx_word' id='word_1_104' title='bbox 1166 2192 1292 2262; x_wconf 88' lang='lat' dir='ltr'>quin</span> <span class='ocrx_word' id='word_1_105' title='bbox 1317 2191 1508 2241; x_wconf 82' lang='lat' dir='ltr'>Attinis</span> <span class='ocrx_word' id='word_1_106' title='bbox 1528 2191 1743 2242; x_wconf 88' lang='lat' dir='ltr'>nomine</span> 
     </span>
     <span class='ocr_line' id='line_1_21' title="bbox 721 2270 1745 2344; baseline -0.004 -19"><span class='ocrx_word' id='word_1_107' title='bbox 721 2275 976 2344; x_wconf 79' lang='lat' dir='ltr'>significet</span> <span class='ocrx_word' id='word_1_108' title='bbox 989 2274 1142 2323; x_wconf 86' lang='lat' dir='ltr'>Poeta</span> <span class='ocrx_word' id='word_1_109' title='bbox 1166 2271 1400 2323; x_wconf 87' lang='lat' dir='ltr'>nobilem</span> <span class='ocrx_word' id='word_1_110' title='bbox 1422 2270 1651 2339; x_wconf 77' lang='lat' dir='ltr'>aliquem</span> <span class='ocrx_word' id='word_1_111' title='bbox 1663 2272 1745 2339; x_wconf 88' lang='lat' dir='ltr'>ju·</span> 
     </span>
     <span class='ocr_line' id='line_1_22' title="bbox 723 2349 1741 2421; baseline -0.004 -17"><span class='ocrx_word' id='word_1_112' title='bbox 723 2373 941 2416; x_wconf 78' lang='lat' dir='ltr'>venem,</span> <span class='ocrx_word' id='word_1_113' title='bbox 969 2351 1058 2421; x_wconf 91' lang='lat' dir='ltr'>qui</span> <span class='ocrx_word' id='word_1_114' title='bbox 1088 2370 1116 2400; x_wconf 87' lang='lat' dir='ltr'>e</span> <span class='ocrx_word' id='word_1_115' title='bbox 1145 2349 1345 2402; x_wconf 70' lang='lat' dir='ltr'>Graecia</span> <span class='ocrx_word' id='word_1_116' title='bbox 1375 2350 1428 2400; x_wconf 91' lang='lat' dir='ltr'>in</span> <span class='ocrx_word' id='word_1_117' title='bbox 1455 2350 1741 2419; x_wconf 83' lang='lat' dir='ltr'>Phrygiam</span> 
     </span>
     <span class='ocr_line' id='line_1_23' title="bbox 725 2429 1740 2503; baseline -0.004 -18"><span class='ocrx_word' id='word_1_118' title='bbox 725 2432 1055 2503; x_wconf 83' lang='lat' dir='ltr'>migraverit,</span> <span class='ocrx_word' id='word_1_119' title='bbox 1081 2442 1236 2499; x_wconf 85' lang='lat' dir='ltr'>atque</span> <span class='ocrx_word' id='word_1_120' title='bbox 1270 2430 1342 2481; x_wconf 91' lang='lat' dir='ltr'>ibi</span> <span class='ocrx_word' id='word_1_121' title='bbox 1371 2429 1740 2482; x_wconf 76' lang='lat' dir='ltr'>semivirorum</span> 
     </span>
     <span class='ocr_line' id='line_1_24' title="bbox 725 2509 1740 2583; baseline -0.003 -20"><span class='ocrx_word' id='word_1_122' title='bbox 725 2514 927 2583; x_wconf 70' lang='lat' dir='ltr'>Magnae</span> <span class='ocrx_word' id='word_1_123' title='bbox 973 2510 1156 2561; x_wconf 82' lang='lat' dir='ltr'>Matris</span> <span class='ocrx_word' id='word_1_124' title='bbox 1203 2522 1358 2560; x_wconf 86' lang='lat' dir='ltr'>cantu</span> <span class='ocrx_word' id='word_1_125' title='bbox 1410 2509 1461 2558; x_wconf 88' lang='lat' dir='ltr'>in</span> <span class='ocrx_word' id='word_1_126' title='bbox 1509 2511 1740 2560; x_wconf 82' lang='lat' dir='ltr'>furorem</span> 
     </span>
     <span class='ocr_line' id='line_1_25' title="bbox 723 2586 1745 2657; baseline -0.002 -16"><span class='ocrx_word' id='word_1_127' title='bbox 723 2606 867 2642; x_wconf 81' lang='lat' dir='ltr'>actus</span> <span class='ocrx_word' id='word_1_128' title='bbox 888 2590 1058 2640; x_wconf 85' lang='lat' dir='ltr'>virilia</span> <span class='ocrx_word' id='word_1_129' title='bbox 1083 2588 1180 2639; x_wconf 84' lang='lat' dir='ltr'>sibi</span> <span class='ocrx_word' id='word_1_130' title='bbox 1210 2588 1319 2657; x_wconf 88' lang='lat' dir='ltr'>ipse</span> <span class='ocrx_word' id='word_1_131' title='bbox 1347 2586 1600 2639; x_wconf 86' lang='lat' dir='ltr'>exciderit</span> <span class='ocrx_word' id='word_1_132' title='bbox 1618 2629 1629 2647; x_wconf 81' lang='lat'>‚</span> <span class='ocrx_word' id='word_1_133' title='bbox 1660 2606 1745 2639; x_wconf 89' lang='lat' dir='ltr'>co·</span> 
     </span>
    </p>

    <p class='ocr_par' dir='ltr' id='par_1_10' title="bbox 687 2665 1746 3217">
     <span class='ocr_line' id='line_1_26' title="bbox 687 2665 1742 2737; baseline -0.004 -15"><span class='ocrx_word' id='word_1_134' title='bbox 687 2676 694 2681; x_wconf 68' lang='grc'><strong>”</strong></span> <span class='ocrx_word' id='word_1_135' title='bbox 725 2672 1043 2737; x_wconf 86' lang='lat' dir='ltr'>mitibnsque</span> <span class='ocrx_word' id='word_1_136' title='bbox 1065 2680 1114 2718; x_wconf 81' lang='lat' dir='ltr'>et</span> <span class='ocrx_word' id='word_1_137' title='bbox 1141 2665 1379 2728; x_wconf 68' lang='lat' dir='ltr'>famulis,</span> <span class='ocrx_word' id='word_1_138' title='bbox 1413 2680 1469 2718; x_wconf 92' lang='lat' dir='ltr'>ut</span> <span class='ocrx_word' id='word_1_139' title='bbox 1500 2665 1639 2718; x_wconf 88' lang='lat' dir='ltr'>idem</span> <span class='ocrx_word' id='word_1_140' title='bbox 1668 2668 1742 2718; x_wconf 80' lang='lat' dir='ltr'>fa-</span> 
     </span>
     <span class='ocr_line' id='line_1_27' title="bbox 725 2747 1746 2817; baseline -0.002 -18"><span class='ocrx_word' id='word_1_141' title='bbox 725 2763 902 2800; x_wconf 72' lang='lat' dir='ltr'>cerent</span> <span class='ocrx_word' id='word_1_142' title='bbox 921 2787 936 2809; x_wconf 82' lang='grc'>,</span> <span class='ocrx_word' id='word_1_143' title='bbox 960 2747 1285 2817; x_wconf 86' lang='lat' dir='ltr'>persuaserit.</span> <span class='ocrx_word' id='word_1_144' title='bbox 1302 2778 1382 2787; x_wconf 89' lang='lat'><strong>—</strong></span> <span class='ocrx_word' id='word_1_145' title='bbox 1399 2748 1464 2797; x_wconf 76' lang='lat' dir='ltr'>At</span> <span class='ocrx_word' id='word_1_146' title='bbox 1487 2747 1567 2798; x_wconf 92' lang='lat' dir='ltr'>Cl.</span> <span class='ocrx_word' id='word_1_147' title='bbox 1593 2748 1746 2797; x_wconf 82' lang='lat' dir='ltr'>Wer-</span> 
     </span>
     <span class='ocr_line' id='line_1_28' title="bbox 728 2826 1741 2896; baseline 0.001 -19"><span class='ocrx_word' id='word_1_148' title='bbox 728 2831 898 2879; x_wconf 76' lang='lat' dir='ltr'>thesim</span> <span class='ocrx_word' id='word_1_149' title='bbox 930 2827 996 2879; x_wconf 87' lang='lat' dir='ltr'>ad</span> <span class='ocrx_word' id='word_1_150' title='bbox 1034 2826 1396 2878; x_wconf 80' lang='lat' dir='ltr'>stabiliendam</span> <span class='ocrx_word' id='word_1_151' title='bbox 1435 2827 1741 2896; x_wconf 81' lang='lat' dir='ltr'>opinionem</span> 
     </span>
     <span class='ocr_line' id='line_1_29' title="bbox 722 2904 1741 2972; baseline -0.005 -12"><span class='ocrx_word' id='word_1_152' title='bbox 722 2928 895 2972; x_wconf 76' lang='lat' dir='ltr'>suam,</span> <span class='ocrx_word' id='word_1_153' title='bbox 935 2907 1123 2958; x_wconf 82' lang='lat' dir='ltr'>Attinis</span> <span class='ocrx_word' id='word_1_154' title='bbox 1152 2924 1294 2958; x_wconf 85' lang='lat' dir='ltr'>sacra</span> <span class='ocrx_word' id='word_1_155' title='bbox 1326 2926 1355 2956; x_wconf 88' lang='lat' dir='ltr'>e</span> <span class='ocrx_word' id='word_1_156' title='bbox 1383 2904 1653 2957; x_wconf 81' lang='lat' dir='ltr'>Phoenicia</span> <span class='ocrx_word' id='word_1_157' title='bbox 1689 2908 1741 2957; x_wconf 87' lang='lat' dir='ltr'>in</span> 
     </span>
     <span class='ocr_line' id='line_1_30' title="bbox 723 2984 1743 3059; baseline -0.004 -20"><span class='ocrx_word' id='word_1_158' title='bbox 723 2989 1006 3059; x_wconf 81' lang='lat' dir='ltr'>Phrygiam</span> <span class='ocrx_word' id='word_1_159' title='bbox 1037 2988 1236 3037; x_wconf 81' lang='lat' dir='ltr'>invecta</span> <span class='ocrx_word' id='word_1_160' title='bbox 1264 3004 1401 3050; x_wconf 67' lang='lat' dir='ltr'>esse,</span> <span class='ocrx_word' id='word_1_161' title='bbox 1434 2984 1559 3036; x_wconf 89' lang='lat' dir='ltr'>inde</span> <span class='ocrx_word' id='word_1_162' title='bbox 1587 3003 1743 3054; x_wconf 86' lang='lat' dir='ltr'>argu-</span> 
     </span>
     <span class='ocr_line' id='line_1_31' title="bbox 721 3064 1741 3135; baseline -0.003 -16"><span class='ocrx_word' id='word_1_163' title='bbox 721 3082 962 3119; x_wconf 82' lang='lat' dir='ltr'>mentum</span> <span class='ocrx_word' id='word_1_164' title='bbox 995 3065 1157 3118; x_wconf 89' lang='lat' dir='ltr'>ducit.</span> <span class='ocrx_word' id='word_1_165' title='bbox 1183 3064 1308 3116; x_wconf 82' lang='lat' dir='ltr'>vid.</span> <span class='ocrx_word' id='word_1_166' title='bbox 1333 3083 1450 3135; x_wconf 76' lang='lat' dir='ltr'>quae</span> <span class='ocrx_word' id='word_1_167' title='bbox 1476 3065 1603 3116; x_wconf 83' lang='lat' dir='ltr'>huic</span> <span class='ocrx_word' id='word_1_168' title='bbox 1628 3083 1741 3116; x_wconf 87' lang='lat' dir='ltr'>car·</span> 
     </span>
     <span class='ocr_line' id='line_1_32' title="bbox 723 3146 1252 3217; baseline -0.008 -18"><span class='ocrx_word' id='word_1_169' title='bbox 723 3149 856 3199; x_wconf 88' lang='lat' dir='ltr'>mini</span> <span class='ocrx_word' id='word_1_170' title='bbox 890 3146 1252 3217; x_wconf 66' lang='lat' dir='ltr'>praemisimus.</span> 
     </span>
    </p>

    <p class='ocr_par' dir='ltr' id='par_1_11' title="bbox 707 3222 1744 4169">
     <span class='ocr_line' id='line_1_33' title="bbox 808 3222 1744 3293; baseline -0.002 -15"><span class='ocrx_word' id='word_1_171' title='bbox 808 3248 854 3278; x_wconf 76' lang='lat'>2.</span> <span class='ocrx_word' id='word_1_172' title='bbox 881 3225 1140 3277; x_wconf 81' lang='lat' dir='ltr'>Particula</span> <span class='ocrx_word' id='word_1_173' title='bbox 1163 3237 1216 3273; x_wconf 81' lang='lat' dir='ltr'>ut</span> <span class='ocrx_word' id='word_1_174' title='bbox 1233 3266 1249 3287; x_wconf 87' lang='lat'><em>,</em></span> <span class='ocrx_word' id='word_1_175' title='bbox 1273 3242 1391 3293; x_wconf 76' lang='lat' dir='ltr'>quae</span> <span class='ocrx_word' id='word_1_176' title='bbox 1410 3222 1462 3274; x_wconf 91' lang='lat' dir='ltr'>in</span> <span class='ocrx_word' id='word_1_177' title='bbox 1487 3223 1638 3275; x_wconf 83' lang='lat' dir='ltr'>libris</span> <span class='ocrx_word' id='word_1_178' title='bbox 1655 3243 1744 3276; x_wconf 86' lang='lat' dir='ltr'>an·</span> 
     </span>
     <span class='ocr_line' id='line_1_34' title="bbox 717 3304 1741 3376; baseline -0.003 -19"><span class='ocrx_word' id='word_1_179' title='bbox 717 3306 1036 3376; x_wconf 81' lang='lat' dir='ltr'>tiquioribus</span> <span class='ocrx_word' id='word_1_180' title='bbox 1072 3316 1188 3372; x_wconf 85' lang='lat' dir='ltr'>post</span> <span class='ocrx_word' id='word_1_181' title='bbox 1220 3304 1486 3374; x_wconf 62' lang='lat' dir='ltr'>Phrygiam</span> <span class='ocrx_word' id='word_1_182' title='bbox 1520 3304 1741 3373; x_wconf 85' lang='lat' dir='ltr'>legitur,</span> 
     </span>
     <span class='ocr_line' id='line_1_35' title="bbox 718 3383 1740 3451; baseline -0.003 -14"><span class='ocrx_word' id='word_1_183' title='bbox 718 3386 887 3437; x_wconf 83' lang='lat' dir='ltr'>deleta</span> <span class='ocrx_word' id='word_1_184' title='bbox 911 3396 984 3434; x_wconf 86' lang='lat' dir='ltr'>est</span> <span class='ocrx_word' id='word_1_185' title='bbox 1008 3402 1039 3435; x_wconf 81' lang='lat' dir='ltr'>a</span> <span class='ocrx_word' id='word_1_186' title='bbox 1062 3383 1322 3451; x_wconf 86' lang='lat' dir='ltr'>Scaligero</span> <span class='ocrx_word' id='word_1_187' title='bbox 1342 3421 1357 3444; x_wconf 93' lang='lat'>,</span> <span class='ocrx_word' id='word_1_188' title='bbox 1383 3401 1481 3434; x_wconf 81' lang='lat' dir='ltr'>nec</span> <span class='ocrx_word' id='word_1_189' title='bbox 1510 3401 1740 3434; x_wconf 90' lang='lat' dir='ltr'>commo·</span> 
     </span>
     <span class='ocr_line' id='line_1_36' title="bbox 715 3462 1739 3532; baseline 0.003 -20"><span class='ocrx_word' id='word_1_190' title='bbox 715 3464 783 3517; x_wconf 88' lang='lat' dir='ltr'>de</span> <span class='ocrx_word' id='word_1_191' title='bbox 818 3462 1009 3514; x_wconf 75' lang='lat' dir='ltr'>servari</span> <span class='ocrx_word' id='word_1_192' title='bbox 1045 3475 1245 3532; x_wconf 85' lang='lat' dir='ltr'>potest,</span> <span class='ocrx_word' id='word_1_193' title='bbox 1288 3462 1387 3512; x_wconf 88' lang='lat' dir='ltr'>nisi</span> <span class='ocrx_word' id='word_1_194' title='bbox 1427 3481 1526 3532; x_wconf 87' lang='lat' dir='ltr'>pro</span> <span class='ocrx_word' id='word_1_195' title='bbox 1561 3462 1647 3512; x_wconf 77' lang='lat' dir='ltr'>ubi</span> <span class='ocrx_word' id='word_1_196' title='bbox 1684 3464 1739 3515; x_wconf 89' lang='lat' dir='ltr'>iu</span> 
     </span>
     <span class='ocr_line' id='line_1_37' title="bbox 714 3540 1739 3612; baseline -0.002 -16"><span class='ocrx_word' id='word_1_197' title='bbox 714 3562 870 3596; x_wconf 77' lang='lat' dir='ltr'>versu</span> <span class='ocrx_word' id='word_1_198' title='bbox 901 3554 1089 3612; x_wconf 88' lang='lat' dir='ltr'>quarto</span> <span class='ocrx_word' id='word_1_199' title='bbox 1125 3541 1326 3610; x_wconf 86' lang='lat' dir='ltr'>legatur</span> <span class='ocrx_word' id='word_1_200' title='bbox 1352 3542 1443 3604; x_wconf 77' lang='lat' dir='ltr'>ihi,</span> <span class='ocrx_word' id='word_1_201' title='bbox 1481 3540 1631 3612; x_wconf 90' lang='lat' dir='ltr'>quod</span> <span class='ocrx_word' id='word_1_202' title='bbox 1664 3556 1739 3595; x_wconf 86' lang='lat' dir='ltr'>est</span> 
     </span>
     <span class='ocr_line' id='line_1_38' title="bbox 711 3620 1739 3690; baseline -0.004 -13"><span class='ocrx_word' id='word_1_203' title='bbox 711 3625 772 3677; x_wconf 82' lang='lat' dir='ltr'>in</span> <span class='ocrx_word' id='word_1_204' title='bbox 816 3620 943 3674; x_wconf 91' lang='lat' dir='ltr'>edit.</span> <span class='ocrx_word' id='word_1_205' title='bbox 987 3620 1225 3690; x_wconf 87' lang='lat' dir='ltr'>Gotting.</span> <span class='ocrx_word' id='word_1_206' title='bbox 1268 3652 1349 3662; x_wconf 91' lang='lat'>-—-</span> <span class='ocrx_word' id='word_1_207' title='bbox 1387 3621 1739 3675; x_wconf 80' lang='lat' dir='ltr'>Terentianus</span> 
     </span>
     <span class='ocr_line' id='line_1_39' title="bbox 713 3701 1735 3770; baseline -0.003 -15"><span class='ocrx_word' id='word_1_208' title='bbox 713 3704 934 3755; x_wconf 80' lang='lat' dir='ltr'>Maurus</span> <span class='ocrx_word' id='word_1_209' title='bbox 956 3702 1026 3753; x_wconf 88' lang='lat' dir='ltr'>ita</span> <span class='ocrx_word' id='word_1_210' title='bbox 1043 3719 1253 3752; x_wconf 80' lang='lat' dir='ltr'>versum</span> <span class='ocrx_word' id='word_1_211' title='bbox 1269 3701 1421 3753; x_wconf 84' lang='lat' dir='ltr'>citat:</span> <span class='ocrx_word' id='word_1_212' title='bbox 1439 3701 1735 3770; x_wconf 82' lang='lat' dir='ltr'>Phrygium</span> 
     </span>
     <span class='ocr_line' id='line_1_40' title="bbox 711 3780 1737 3852; baseline -0.002 -17"><span class='ocrx_word' id='word_1_213' title='bbox 711 3797 771 3836; x_wconf 84' lang='lat' dir='ltr'>ut</span> <span class='ocrx_word' id='word_1_214' title='bbox 803 3799 1005 3833; x_wconf 83' lang='lat' dir='ltr'>nemus.</span> <span class='ocrx_word' id='word_1_215' title='bbox 1047 3780 1111 3831; x_wconf 92' lang='lat' dir='ltr'>N.</span> <span class='ocrx_word' id='word_1_216' title='bbox 1150 3811 1230 3820; x_wconf 91' lang='lat'>—-</span> <span class='ocrx_word' id='word_1_217' title='bbox 1267 3781 1537 3852; x_wconf 68' lang='lat' dir='ltr'>Pluygium</span> <span class='ocrx_word' id='word_1_218' title='bbox 1576 3800 1737 3833; x_wconf 65' lang='lat' dir='ltr'>&#39;cemus</span> 
     </span>
     <span class='ocr_line' id='line_1_41' title="bbox 707 3858 1735 3931; baseline -0.004 -15"><span class='ocrx_word' id='word_1_219' title='bbox 707 3860 940 3931; x_wconf 83' lang='lat' dir='ltr'>intellige</span> <span class='ocrx_word' id='word_1_220' title='bbox 981 3858 1304 3929; x_wconf 73' lang='lat' dir='ltr'>Dindymum,</span> <span class='ocrx_word' id='word_1_221' title='bbox 1345 3861 1435 3929; x_wconf 89' lang='lat' dir='ltr'>qui</span> <span class='ocrx_word' id='word_1_222' title='bbox 1467 3860 1735 3930; x_wconf 80' lang='lat' dir='ltr'>praecipue</span> 
     </span>
     <span class='ocr_line' id='line_1_42' title="bbox 710 3938 1730 4009; baseline -0.003 -16"><span class='ocrx_word' id='word_1_223' title='bbox 710 3942 779 3995; x_wconf 84' lang='lat' dir='ltr'>de</span> <span class='ocrx_word' id='word_1_224' title='bbox 808 3940 1034 4001; x_wconf 77' lang='lat' dir='ltr'>vaeles</span> <span class='ocrx_word' id='word_1_225' title='bbox 1059 3938 1214 3990; x_wconf 77' lang='lat' dir='ltr'>sacris</span> <span class='ocrx_word' id='word_1_226' title='bbox 1235 3950 1392 3990; x_wconf 82' lang='lat' dir='ltr'>notus</span> <span class='ocrx_word' id='word_1_227' title='bbox 1420 3953 1497 3991; x_wconf 80' lang='lat' dir='ltr'>est</span> <span class='ocrx_word' id='word_1_228' title='bbox 1515 3940 1730 4009; x_wconf 86' lang='lat' dir='ltr'>;Virgil.</span> 
     </span>
     <span class='ocr_line' id='line_1_43' title="bbox 710 4001 1731 4083; baseline 0.001 -12"><span class='ocrx_word' id='word_1_229' title='bbox 710 4001 921 4074; x_wconf 50' lang='lat' dir='ltr'>,Euesa</span> <span class='ocrx_word' id='word_1_230' title='bbox 959 4020 1068 4082; x_wconf 85' lang='lat' dir='ltr'>1x,</span> <span class='ocrx_word' id='word_1_231' title='bbox 1114 4018 1255 4081; x_wconf 73' lang='lat'>²523</span> <span class='ocrx_word' id='word_1_232' title='bbox 1293 4017 1372 4068; x_wconf 73' lang='lat' dir='ltr'>vel</span> <span class='ocrx_word' id='word_1_233' title='bbox 1408 4018 1476 4069; x_wconf 59' lang='grc' dir='ltr'>τὰ</span> <span class='ocrx_word' id='word_1_234' title='bbox 1514 4017 1731 4083; x_wconf 63' lang='lat' dir='ltr'>meua,</span> 
     </span>
     <span class='ocr_line' id='line_1_44' title="bbox 707 4095 1732 4169; baseline -0.002 -18"><span class='ocrx_word' id='word_1_235' title='bbox 707 4104 789 4169; x_wconf 76' lang='grc' dir='ltr'>ὄρη</span> <span class='ocrx_word' id='word_1_236' title='bbox 820 4100 1047 4169; x_wconf 72' lang='grc' dir='ltr'><strong>Φρυγίας.</strong></span> <span class='ocrx_word' id='word_1_237' title='bbox 1070 4095 1198 4149; x_wconf 87' lang='lat' dir='ltr'>vid.</span> <span class='ocrx_word' id='word_1_238' title='bbox 1225 4096 1452 4165; x_wconf 74' lang='lat' dir='ltr'>Hesych.</span> <span class='ocrx_word' id='word_1_239' title='bbox 1482 4098 1552 4151; x_wconf 79' lang='lat' dir='ltr'>cf.</span> <span class='ocrx_word' id='word_1_240' title='bbox 1581 4099 1732 4151; x_wconf 83' lang='lat' dir='ltr'>Hem-</span> 
     </span>
    </p>
   </div>
   <div class='ocr_carea' id='block_1_7' title="bbox 1820 1237 2853 4160">
    <p class='ocr_par' dir='ltr' id='par_1_12' title="bbox 1826 1237 2847 1629">
     <span class='ocr_line' id='line_1_45' title="bbox 1828 1237 2843 1315; baseline 0.009 -27"><span class='ocrx_word' id='word_1_241' title='bbox 1828 1239 2026 1291; x_wconf 82' lang='lat' dir='ltr'>sterhus.</span> <span class='ocrx_word' id='word_1_242' title='bbox 2063 1237 2132 1290; x_wconf 86' lang='lat' dir='ltr'>ad</span> <span class='ocrx_word' id='word_1_243' title='bbox 2167 1239 2385 1291; x_wconf 83' lang='lat' dir='ltr'>Lucian.</span> <span class='ocrx_word' id='word_1_244' title='bbox 2416 1241 2572 1293; x_wconf 87' lang='lat' dir='ltr'>Tom.</span> <span class='ocrx_word' id='word_1_245' title='bbox 2604 1243 2665 1305; x_wconf 84' lang='lat'>1,</span> <span class='ocrx_word' id='word_1_246' title='bbox 2688 1262 2743 1315; x_wconf 86' lang='lat' dir='ltr'>p.</span> <span class='ocrx_word' id='word_1_247' title='bbox 2764 1263 2843 1313; x_wconf 87' lang='lat'>90.</span> 
     </span>
     <span class='ocr_line' id='line_1_46' title="bbox 1828 1317 2843 1390; baseline 0.007 -22"><span class='ocrx_word' id='word_1_248' title='bbox 1828 1331 1878 1368; x_wconf 86' lang='lat' dir='ltr'>et</span> <span class='ocrx_word' id='word_1_249' title='bbox 1896 1319 2066 1369; x_wconf 79' lang='lat' dir='ltr'>Heius.</span> <span class='ocrx_word' id='word_1_250' title='bbox 2083 1317 2154 1370; x_wconf 76' lang='lat' dir='ltr'>ad</span> <span class='ocrx_word' id='word_1_251' title='bbox 2171 1319 2358 1389; x_wconf 81' lang='lat' dir='ltr'>Virgil.</span> <span class='ocrx_word' id='word_1_252' title='bbox 2375 1319 2567 1372; x_wconf 83' lang='lat' dir='ltr'>AEneid</span> <span class='ocrx_word' id='word_1_253' title='bbox 2604 1323 2692 1374; x_wconf 86' lang='lat' dir='ltr'>III</span> <span class='ocrx_word' id='word_1_254' title='bbox 2708 1362 2723 1390; x_wconf 84' lang='lat'>‚</span> <span class='ocrx_word' id='word_1_255' title='bbox 2742 1342 2762 1375; x_wconf 80' lang='grc' dir='ltr'>ι</span> <span class='ocrx_word' id='word_1_256' title='bbox 2779 1341 2843 1375; x_wconf 79' lang='grc' dir='ltr'>ιι.</span> 
     </span>
     <span class='ocr_line' id='line_1_47' title="bbox 1826 1398 2847 1468; baseline 0.008 -20"><span class='ocrx_word' id='word_1_257' title='bbox 1826 1418 1907 1431; x_wconf 90' lang='grc'>-</span> <span class='ocrx_word' id='word_1_258' title='bbox 1935 1398 2100 1449; x_wconf 80' lang='lat' dir='ltr'>Cieaeo</span> <span class='ocrx_word' id='word_1_259' title='bbox 2120 1398 2243 1468; x_wconf 82' lang='lat' dir='ltr'>pede</span> <span class='ocrx_word' id='word_1_260' title='bbox 2276 1398 2329 1449; x_wconf 88' lang='lat' dir='ltr'>h.</span> <span class='ocrx_word' id='word_1_261' title='bbox 2365 1417 2412 1450; x_wconf 90' lang='lat' dir='ltr'>e.</span> <span class='ocrx_word' id='word_1_262' title='bbox 2436 1400 2629 1464; x_wconf 80' lang='lat' dir='ltr'>celeri,</span> <span class='ocrx_word' id='word_1_263' title='bbox 2653 1420 2847 1455; x_wconf 82' lang='lat' dir='ltr'>summ</span> 
     </span>
     <span class='ocr_line' id='line_1_48' title="bbox 1826 1477 2847 1548; baseline 0.01 -22"><span class='ocrx_word' id='word_1_264' title='bbox 1826 1477 2089 1528; x_wconf 79' lang='lat' dir='ltr'>celeritate</span> <span class='ocrx_word' id='word_1_265' title='bbox 2124 1478 2332 1548; x_wconf 77' lang='lat' dir='ltr'>agitato.</span> <span class='ocrx_word' id='word_1_266' title='bbox 2368 1478 2453 1531; x_wconf 90' lang='lat' dir='ltr'>Sic</span> <span class='ocrx_word' id='word_1_267' title='bbox 2484 1479 2628 1532; x_wconf 82' lang='lat' dir='ltr'>infra</span> <span class='ocrx_word' id='word_1_268' title='bbox 2655 1501 2707 1533; x_wconf 79' lang='lat' dir='ltr'>v.</span> <span class='ocrx_word' id='word_1_269' title='bbox 2754 1485 2847 1547; x_wconf 80' lang='lat'>¹8,</span> 
     </span>
     <span class='ocr_line' id='line_1_49' title="bbox 1827 1560 2797 1629; baseline 0.01 -25"><span class='ocrx_word' id='word_1_270' title='bbox 1827 1560 1965 1605; x_wconf 78' lang='lat' dir='ltr'>citati</span> <span class='ocrx_word' id='word_1_271' title='bbox 1992 1577 2170 1607; x_wconf 80' lang='lat' dir='ltr'>errores</span> <span class='ocrx_word' id='word_1_272' title='bbox 2193 1569 2244 1608; x_wconf 87' lang='lat' dir='ltr'>et</span> <span class='ocrx_word' id='word_1_273' title='bbox 2273 1561 2364 1619; x_wconf 81' lang='lat'>26,</span> <span class='ocrx_word' id='word_1_274' title='bbox 2387 1562 2537 1610; x_wconf 77' lang='lat' dir='ltr'>citata</span> <span class='ocrx_word' id='word_1_275' title='bbox 2571 1563 2797 1629; x_wconf 72' lang='lat' dir='ltr'>tn&#39;pude‘a.</span> 
     </span>
    </p>

    <p class='ocr_par' dir='ltr' id='par_1_13' title="bbox 1828 1636 2848 1942">
     <span class='ocr_line' id='line_1_50' title="bbox 1912 1636 2847 1713; baseline 0.01 -27"><span class='ocrx_word' id='word_1_276' title='bbox 1912 1636 1963 1687; x_wconf 90' lang='grc'>3.</span> <span class='ocrx_word' id='word_1_277' title='bbox 2004 1638 2131 1687; x_wconf 80' lang='lat' dir='ltr'>Loca</span> <span class='ocrx_word' id='word_1_278' title='bbox 2159 1637 2291 1687; x_wconf 75' lang='lat' dir='ltr'>silvis</span> <span class='ocrx_word' id='word_1_279' title='bbox 2318 1637 2563 1703; x_wconf 75' lang='lat' dir='ltr'>redimita,</span> <span class='ocrx_word' id='word_1_280' title='bbox 2597 1642 2847 1713; x_wconf 76' lang='lat' dir='ltr'>exquisite</span> 
     </span>
     <span class='ocr_line' id='line_1_51' title="bbox 1828 1715 2840 1790; baseline 0.009 -26"><span class='ocrx_word' id='word_1_281' title='bbox 1828 1733 1928 1784; x_wconf 84' lang='lat' dir='ltr'>pro</span> <span class='ocrx_word' id='word_1_282' title='bbox 1952 1715 2153 1785; x_wconf 86' lang='lat' dir='ltr'>vulgari</span> <span class='ocrx_word' id='word_1_283' title='bbox 2183 1716 2493 1769; x_wconf 74' lang='lat' dir='ltr'>circumdata.</span> <span class='ocrx_word' id='word_1_284' title='bbox 2533 1718 2624 1770; x_wconf 90' lang='lat' dir='ltr'>Sic</span> <span class='ocrx_word' id='word_1_285' title='bbox 2658 1721 2840 1790; x_wconf 64' lang='lat' dir='ltr'>passim</span> 
     </span>
     <span class='ocr_line' id='line_1_52' title="bbox 1829 1793 2848 1852; baseline 0.009 -9"><span class='ocrx_word' id='word_1_286' title='bbox 1829 1793 1957 1844; x_wconf 83' lang='lat' dir='ltr'>silva</span> <span class='ocrx_word' id='word_1_287' title='bbox 1991 1796 2168 1847; x_wconf 88' lang='lat' dir='ltr'>locum</span> <span class='ocrx_word' id='word_1_288' title='bbox 2194 1815 2420 1846; x_wconf 75' lang='lat' dir='ltr'>coronare</span> <span class='ocrx_word' id='word_1_289' title='bbox 2447 1795 2666 1851; x_wconf 85' lang='lat' dir='ltr'>dicitur.</span> <span class='ocrx_word' id='word_1_290' title='bbox 2695 1799 2848 1852; x_wconf 79' lang='lat' dir='ltr'>ovid.</span> 
     </span>
     <span class='ocr_line' id='line_1_53' title="bbox 1832 1873 2665 1942; baseline 0.012 -19"><span class='ocrx_word' id='word_1_291' title='bbox 1832 1873 2047 1926; x_wconf 82' lang='lat' dir='ltr'>Metam.</span> <span class='ocrx_word' id='word_1_292' title='bbox 2069 1876 2138 1935; x_wconf 85' lang='lat' dir='ltr'>V,</span> <span class='ocrx_word' id='word_1_293' title='bbox 2165 1875 2295 1942; x_wconf 78' lang='lat'>390,</span> <span class='ocrx_word' id='word_1_294' title='bbox 2320 1889 2370 1927; x_wconf 87' lang='lat' dir='ltr'>et</span> <span class='ocrx_word' id='word_1_295' title='bbox 2390 1877 2469 1927; x_wconf 82' lang='lat' dir='ltr'>xl</span> <span class='ocrx_word' id='word_1_296' title='bbox 2486 1916 2501 1941; x_wconf 86' lang='lat'>,</span> <span class='ocrx_word' id='word_1_297' title='bbox 2527 1879 2665 1932; x_wconf 81' lang='grc'><strong><em>335.</em></strong></span> 
     </span>
    </p>

    <p class='ocr_par' dir='ltr' id='par_1_14' title="bbox 1830 1953 2848 2335">
     <span class='ocr_line' id='line_1_54' title="bbox 1915 1953 2845 2022; baseline 0.005 -17"><span class='ocrx_word' id='word_1_298' title='bbox 1915 1959 1967 2015; x_wconf 75' lang='grc'>4.</span> <span class='ocrx_word' id='word_1_299' title='bbox 2003 1953 2289 2005; x_wconf 76' lang='lat' dir='ltr'>Stimulatus</span> <span class='ocrx_word' id='word_1_300' title='bbox 2324 1968 2377 2006; x_wconf 84' lang='lat' dir='ltr'>ut</span> <span class='ocrx_word' id='word_1_301' title='bbox 2396 1957 2507 2022; x_wconf 79' lang='lat' dir='ltr'>sur.</span> <span class='ocrx_word' id='word_1_302' title='bbox 2540 1956 2698 2012; x_wconf 82' lang='lat' dir='ltr'>editt.</span> <span class='ocrx_word' id='word_1_303' title='bbox 2730 1971 2845 2011; x_wconf 76' lang='lat' dir='ltr'>vett.</span> 
     </span>
     <span class='ocr_line' id='line_1_55' title="bbox 1830 2033 2845 2099; baseline 0.008 -16"><span class='ocrx_word' id='word_1_304' title='bbox 1830 2065 1909 2074; x_wconf 91' lang='lat'>—</span> <span class='ocrx_word' id='word_1_305' title='bbox 1934 2033 2123 2085; x_wconf 80' lang='lat' dir='ltr'>Stimul.</span> <span class='ocrx_word' id='word_1_306' title='bbox 2159 2033 2244 2085; x_wconf 76' lang='lat' dir='ltr'>nbi</span> <span class='ocrx_word' id='word_1_307' title='bbox 2258 2036 2368 2099; x_wconf 82' lang='lat' dir='ltr'>sur.</span> <span class='ocrx_word' id='word_1_308' title='bbox 2400 2037 2504 2088; x_wconf 82' lang='lat' dir='ltr'>rab.</span> <span class='ocrx_word' id='word_1_309' title='bbox 2540 2037 2626 2090; x_wconf 81' lang='lat' dir='ltr'>Cf.</span> <span class='ocrx_word' id='word_1_310' title='bbox 2664 2041 2845 2091; x_wconf 75' lang='lat' dir='ltr'>Anacr.</span> 
     </span>
     <span class='ocr_line' id='line_1_56' title="bbox 1830 2110 2848 2189; baseline 0.005 -27"><span class='ocrx_word' id='word_1_311' title='bbox 1830 2110 1933 2164; x_wconf 87' lang='lat' dir='ltr'>Od.</span> <span class='ocrx_word' id='word_1_312' title='bbox 1949 2113 2099 2178; x_wconf 79' lang='lat' dir='ltr'>XIII,</span> <span class='ocrx_word' id='word_1_313' title='bbox 2130 2115 2440 2184; x_wconf 69' lang='lat' dir='ltr'>15.—Vagus</span> <span class='ocrx_word' id='word_1_314' title='bbox 2454 2120 2624 2179; x_wconf 70' lang='lat' dir='ltr'>animi,</span> <span class='ocrx_word' id='word_1_315' title='bbox 2642 2119 2848 2189; x_wconf 60' lang='grc' dir='ltr'>ἶκφρυνς</span> 
     </span>
     <span class='ocr_line' id='line_1_57' title="bbox 1832 2191 2844 2268; baseline 0.006 -26"><span class='ocrx_word' id='word_1_316' title='bbox 1832 2191 2070 2245; x_wconf 88' lang='lat' dir='ltr'>similiter</span> <span class='ocrx_word' id='word_1_317' title='bbox 2113 2214 2270 2244; x_wconf 78' lang='lat' dir='ltr'>amens</span> <span class='ocrx_word' id='word_1_318' title='bbox 2319 2197 2468 2247; x_wconf 74' lang='lat' dir='ltr'>animi</span> <span class='ocrx_word' id='word_1_319' title='bbox 2510 2196 2664 2268; x_wconf 78' lang='lat' dir='ltr'>apud</span> <span class='ocrx_word' id='word_1_320' title='bbox 2706 2199 2844 2268; x_wconf 80' lang='lat' dir='ltr'>Virg.</span> 
     </span>
     <span class='ocr_line' id='line_1_58' title="bbox 1838 2270 2334 2335; baseline 0.008 -15"><span class='ocrx_word' id='word_1_321' title='bbox 1838 2270 2045 2325; x_wconf 67' lang='lat' dir='ltr'>,Em-id.</span> <span class='ocrx_word' id='word_1_322' title='bbox 2077 2274 2179 2335; x_wconf 86' lang='lat' dir='ltr'>IV,</span> <span class='ocrx_word' id='word_1_323' title='bbox 2206 2273 2334 2326; x_wconf 82' lang='lat'><strong>203.</strong></span> 
     </span>
    </p>

    <p class='ocr_par' dir='ltr' id='par_1_15' title="bbox 1820 2350 2853 4160">
     <span class='ocr_line' id='line_1_59' title="bbox 1917 2350 2849 2425; baseline 0.005 -23"><span class='ocrx_word' id='word_1_324' title='bbox 1917 2351 1967 2403; x_wconf 84' lang='grc'>5.</span> <span class='ocrx_word' id='word_1_325' title='bbox 2002 2350 2214 2402; x_wconf 62' lang='lat' dir='ltr'>Dea-ellit</span> <span class='ocrx_word' id='word_1_326' title='bbox 2249 2352 2375 2405; x_wconf 81' lang='lat' dir='ltr'>Stat.</span> <span class='ocrx_word' id='word_1_327' title='bbox 2404 2353 2498 2425; x_wconf 72' lang='lat' dir='ltr'>qui</span> <span class='ocrx_word' id='word_1_328' title='bbox 2534 2353 2668 2408; x_wconf 75' lang='lat' dir='ltr'>inde</span> <span class='ocrx_word' id='word_1_329' title='bbox 2702 2369 2849 2410; x_wconf 64' lang='lat' dir='ltr'>(enm</span> 
     </span>
     <span class='ocr_line' id='line_1_60' title="bbox 1833 2429 2849 2504; baseline 0.009 -24"><span class='ocrx_word' id='word_1_330' title='bbox 1833 2429 2030 2483; x_wconf 69' lang='lat' dir='ltr'>devovit.</span> <span class='ocrx_word' id='word_1_331' title='bbox 2062 2465 2143 2474; x_wconf 93' lang='lat'>——-</span> <span class='ocrx_word' id='word_1_332' title='bbox 2177 2431 2388 2485; x_wconf 71' lang='lat' dir='ltr'>Devcllt&#39;t</span> <span class='ocrx_word' id='word_1_333' title='bbox 2415 2434 2632 2504; x_wconf 63' lang='lat' dir='ltr'>prefert</span> <span class='ocrx_word' id='word_1_334' title='bbox 2667 2437 2849 2491; x_wconf 70' lang='lat' dir='ltr'>wert-</span> 
     </span>
     <span class='ocr_line' id='line_1_61' title="bbox 1831 2510 2847 2576; baseline 0.007 -16"><span class='ocrx_word' id='word_1_335' title='bbox 1831 2510 2005 2562; x_wconf 84' lang='lat' dir='ltr'>hesius</span> <span class='ocrx_word' id='word_1_336' title='bbox 2021 2551 2037 2576; x_wconf 91' lang='lat'>‚</span> <span class='ocrx_word' id='word_1_337' title='bbox 2055 2511 2145 2564; x_wconf 87' lang='lat' dir='ltr'>sed</span> <span class='ocrx_word' id='word_1_338' title='bbox 2165 2526 2341 2566; x_wconf 80' lang='lat' dir='ltr'>nostra</span> <span class='ocrx_word' id='word_1_339' title='bbox 2353 2513 2507 2567; x_wconf 89' lang='lat' dir='ltr'>lectio</span> <span class='ocrx_word' id='word_1_340' title='bbox 2527 2515 2741 2568; x_wconf 67' lang='lat' dir='ltr'>devolvit</span> <span class='ocrx_word' id='word_1_341' title='bbox 2751 2536 2847 2570; x_wconf 79' lang='lat' dir='ltr'>non</span> 
     </span>
     <span class='ocr_line' id='line_1_62' title="bbox 1832 2590 2850 2665; baseline 0.012 -26"><span class='ocrx_word' id='word_1_342' title='bbox 1832 2590 1999 2641; x_wconf 79' lang='lat' dir='ltr'>solum</span> <span class='ocrx_word' id='word_1_343' title='bbox 2025 2591 2319 2644; x_wconf 86' lang='lat' dir='ltr'>sublimiori</span> <span class='ocrx_word' id='word_1_344' title='bbox 2342 2606 2495 2664; x_wconf 76' lang='lat' dir='ltr'>poeta</span> <span class='ocrx_word' id='word_1_345' title='bbox 2515 2591 2738 2665; x_wconf 81' lang='lat' dir='ltr'>dignior</span> <span class='ocrx_word' id='word_1_346' title='bbox 2753 2610 2850 2659; x_wconf 75' lang='lat' dir='ltr'>est.</span> 
     </span>
     <span class='ocr_line' id='line_1_63' title="bbox 1832 2667 2850 2742; baseline 0.01 -23"><span class='ocrx_word' id='word_1_347' title='bbox 1832 2667 1919 2720; x_wconf 86' lang='lat' dir='ltr'>sed</span> <span class='ocrx_word' id='word_1_348' title='bbox 1941 2670 2095 2722; x_wconf 87' lang='lat' dir='ltr'>etiam</span> <span class='ocrx_word' id='word_1_349' title='bbox 2118 2673 2285 2723; x_wconf 91' lang='lat' dir='ltr'>multo</span> <span class='ocrx_word' id='word_1_350' title='bbox 2306 2673 2469 2742; x_wconf 75' lang='lat' dir='ltr'>magis</span> <span class='ocrx_word' id='word_1_351' title='bbox 2491 2676 2747 2728; x_wconf 80' lang='lat' dir='ltr'>convenit</span> <span class='ocrx_word' id='word_1_352' title='bbox 2762 2696 2850 2728; x_wconf 82' lang='lat' dir='ltr'>uo·</span> 
     </span>
     <span class='ocr_line' id='line_1_64' title="bbox 1832 2748 2851 2827; baseline 0.009 -29"><span class='ocrx_word' id='word_1_353' title='bbox 1832 2748 1963 2800; x_wconf 90' lang='lat' dir='ltr'>mini</span> <span class='ocrx_word' id='word_1_354' title='bbox 1996 2752 2229 2818; x_wconf 80' lang='lat' dir='ltr'>pondera.</span> <span class='ocrx_word' id='word_1_355' title='bbox 2258 2783 2341 2793; x_wconf 91' lang='lat'>—-</span> <span class='ocrx_word' id='word_1_356' title='bbox 2370 2753 2448 2804; x_wconf 80' lang='lat' dir='ltr'>Ex</span> <span class='ocrx_word' id='word_1_357' title='bbox 2481 2757 2755 2827; x_wconf 72' lang='lat' dir='ltr'>corruptis</span> <span class='ocrx_word' id='word_1_358' title='bbox 2788 2756 2851 2807; x_wconf 69' lang='lat' dir='ltr'>le-</span> 
     </span>
     <span class='ocr_line' id='line_1_65' title="bbox 1831 2828 2851 2898; baseline 0.01 -22"><span class='ocrx_word' id='word_1_359' title='bbox 1831 2828 2094 2881; x_wconf 83' lang='lat' dir='ltr'>ctionibus</span> <span class='ocrx_word' id='word_1_360' title='bbox 2123 2832 2177 2882; x_wconf 86' lang='lat' dir='ltr'>in</span> <span class='ocrx_word' id='word_1_361' title='bbox 2209 2831 2333 2883; x_wconf 83' lang='lat' dir='ltr'>libr.</span> <span class='ocrx_word' id='word_1_362' title='bbox 2364 2831 2519 2884; x_wconf 82' lang='lat' dir='ltr'><strong>MSS.</strong></span> <span class='ocrx_word' id='word_1_363' title='bbox 2557 2836 2769 2898; x_wconf 69' lang='lat' dir='ltr'>mecm,</span> <span class='ocrx_word' id='word_1_364' title='bbox 2795 2836 2851 2886; x_wconf 76' lang='lat' dir='ltr'>il·</span> 
     </span>
     <span class='ocr_line' id='line_1_66' title="bbox 1832 2907 2848 2974; baseline 0.014 -20"><span class='ocrx_word' id='word_1_365' title='bbox 1832 2907 1980 2969; x_wconf 76' lang='lat' dir='ltr'>letus,</span> <span class='ocrx_word' id='word_1_366' title='bbox 2011 2909 2178 2974; x_wconf 79' lang='lat' dir='ltr'>iletus,</span> <span class='ocrx_word' id='word_1_367' title='bbox 2206 2911 2384 2962; x_wconf 79' lang='lat' dir='ltr'>lacteus</span> <span class='ocrx_word' id='word_1_368' title='bbox 2399 2952 2416 2974; x_wconf 86' lang='lat'><em>,</em></span> <span class='ocrx_word' id='word_1_369' title='bbox 2450 2913 2848 2967; x_wconf 77' lang='lat' dir='ltr'>rescribendum</span> 
     </span>
     <span class='ocr_line' id='line_1_67' title="bbox 1832 2988 2852 3062; baseline 0.008 -26"><span class='ocrx_word' id='word_1_370' title='bbox 1832 2999 1979 3055; x_wconf 78' lang='lat' dir='ltr'>putat</span> <span class='ocrx_word' id='word_1_371' title='bbox 2001 2988 2198 3041; x_wconf 86' lang='lat' dir='ltr'>Statius</span> <span class='ocrx_word' id='word_1_372' title='bbox 2221 2993 2316 3040; x_wconf 78' lang='lat' dir='ltr'>icta</span> <span class='ocrx_word' id='word_1_373' title='bbox 2333 3011 2355 3052; x_wconf 87' lang='lat'>,·</span> <span class='ocrx_word' id='word_1_374' title='bbox 2379 2991 2685 3062; x_wconf 76' lang='lat' dir='ltr'>suspicatur</span> <span class='ocrx_word' id='word_1_375' title='bbox 2707 2994 2852 3047; x_wconf 83' lang='lat' dir='ltr'>nimi·</span> 
     </span>
     <span class='ocr_line' id='line_1_68' title="bbox 1833 3069 2849 3144; baseline 0.009 -28"><span class='ocrx_word' id='word_1_376' title='bbox 1833 3084 1951 3117; x_wconf 82' lang='lat' dir='ltr'>rum</span> <span class='ocrx_word' id='word_1_377' title='bbox 1979 3069 2230 3136; x_wconf 83' lang='lat' dir='ltr'>glossema</span> <span class='ocrx_word' id='word_1_378' title='bbox 2254 3069 2412 3123; x_wconf 73' lang='lat' dir='ltr'>fuisse</span> <span class='ocrx_word' id='word_1_379' title='bbox 2435 3072 2537 3134; x_wconf 79' lang='lat' dir='ltr'>ille,</span> <span class='ocrx_word' id='word_1_380' title='bbox 2564 3073 2721 3144; x_wconf 82' lang='lat' dir='ltr'>quod</span> <span class='ocrx_word' id='word_1_381' title='bbox 2743 3093 2773 3127; x_wconf 77' lang='lat' dir='ltr'>a</span> <span class='ocrx_word' id='word_1_382' title='bbox 2797 3074 2849 3125; x_wconf 78' lang='lat' dir='ltr'>li·</span> 
     </span>
     <span class='ocr_line' id='line_1_69' title="bbox 1833 3146 2848 3219; baseline 0.012 -23"><span class='ocrx_word' id='word_1_383' title='bbox 1833 3146 2020 3197; x_wconf 86' lang='lat' dir='ltr'>brariis</span> <span class='ocrx_word' id='word_1_384' title='bbox 2044 3166 2162 3199; x_wconf 90' lang='lat' dir='ltr'>cum</span> <span class='ocrx_word' id='word_1_385' title='bbox 2184 3155 2278 3199; x_wconf 80' lang='lat' dir='ltr'>icta</span> <span class='ocrx_word' id='word_1_386' title='bbox 2299 3152 2653 3219; x_wconf 84' lang='lat' dir='ltr'>conjunctum</span> <span class='ocrx_word' id='word_1_387' title='bbox 2675 3156 2755 3207; x_wconf 72' lang='lat' dir='ltr'>sit.</span> <span class='ocrx_word' id='word_1_388' title='bbox 2777 3184 2848 3195; x_wconf 91' lang='grc'><strong>-</strong></span> 
     </span>
     <span class='ocr_line' id='line_1_70' title="bbox 1833 3224 2851 3304; baseline 0.011 -29"><span class='ocrx_word' id='word_1_389' title='bbox 1833 3224 2145 3278; x_wconf 82' lang='lat' dir='ltr'>Passeratius</span> <span class='ocrx_word' id='word_1_390' title='bbox 2178 3240 2278 3280; x_wconf 77' lang='lat' dir='ltr'>vet.</span> <span class='ocrx_word' id='word_1_391' title='bbox 2316 3228 2409 3281; x_wconf 87' lang='lat' dir='ltr'>lib.</span> <span class='ocrx_word' id='word_1_392' title='bbox 2444 3231 2735 3286; x_wconf 82' lang='lat' dir='ltr'>lectionem</span> <span class='ocrx_word' id='word_1_393' title='bbox 2761 3236 2851 3304; x_wconf 68' lang='grc' dir='ltr'>ἅμα</span> 
     </span>
     <span class='ocr_line' id='line_1_71' title="bbox 1832 3305 2848 3376; baseline 0.012 -23"><span class='ocrx_word' id='word_1_394' title='bbox 1832 3305 1977 3355; x_wconf 79' lang='lat' dir='ltr'>lactes</span> <span class='ocrx_word' id='word_1_395' title='bbox 2014 3305 2106 3356; x_wconf 78' lang='lat' dir='ltr'>sihi</span> <span class='ocrx_word' id='word_1_396' title='bbox 2137 3308 2347 3376; x_wconf 78' lang='lat' dir='ltr'>pondere</span> <span class='ocrx_word' id='word_1_397' title='bbox 2382 3310 2569 3373; x_wconf 77' lang='lat' dir='ltr'>silices,</span> <span class='ocrx_word' id='word_1_398' title='bbox 2605 3315 2768 3364; x_wconf 64' lang='lat' dir='ltr'>silebes</span> <span class='ocrx_word' id='word_1_399' title='bbox 2800 3313 2848 3364; x_wconf 83' lang='lat' dir='ltr'>in</span> 
     </span>
     <span class='ocr_line' id='line_1_72' title="bbox 1829 3386 2849 3460; baseline 0.009 -27"><span class='ocrx_word' id='word_1_400' title='bbox 1829 3386 1976 3435; x_wconf 75' lang='lat' dir='ltr'>silicis</span> <span class='ocrx_word' id='word_1_401' title='bbox 2000 3398 2202 3438; x_wconf 84' lang='lat' dir='ltr'>tantum</span> <span class='ocrx_word' id='word_1_402' title='bbox 2232 3401 2430 3439; x_wconf 78' lang='lat' dir='ltr'>mutato</span> <span class='ocrx_word' id='word_1_403' title='bbox 2448 3428 2463 3453; x_wconf 86' lang='lat'><em>,</em></span> <span class='ocrx_word' id='word_1_404' title='bbox 2483 3391 2680 3460; x_wconf 74' lang='lat' dir='ltr'>probat</span> <span class='ocrx_word' id='word_1_405' title='bbox 2705 3406 2757 3446; x_wconf 78' lang='lat' dir='ltr'>et</span> <span class='ocrx_word' id='word_1_406' title='bbox 2782 3392 2849 3442; x_wconf 70' lang='lat' dir='ltr'>h-</span> 
     </span>
     <span class='ocr_line' id='line_1_73' title="bbox 1828 3465 2849 3536; baseline 0.011 -22"><span class='ocrx_word' id='word_1_407' title='bbox 1828 3476 1924 3514; x_wconf 80' lang='lat' dir='ltr'>etes</span> <span class='ocrx_word' id='word_1_408' title='bbox 1941 3465 2131 3535; x_wconf 89' lang='lat' dir='ltr'>accipit</span> <span class='ocrx_word' id='word_1_409' title='bbox 2156 3485 2255 3536; x_wconf 84' lang='lat' dir='ltr'>pro</span> <span class='ocrx_word' id='word_1_410' title='bbox 2280 3480 2434 3520; x_wconf 77' lang='lat' dir='ltr'>testes.</span> <span class='ocrx_word' id='word_1_411' title='bbox 2452 3470 2679 3524; x_wconf 71' lang='lat' dir='ltr'>Vossius</span> <span class='ocrx_word' id='word_1_412' title='bbox 2694 3492 2759 3524; x_wconf 79' lang='lat' dir='ltr'>ex</span> <span class='ocrx_word' id='word_1_413' title='bbox 2776 3471 2849 3523; x_wconf 74' lang='lat' dir='ltr'>ile</span> 
     </span>
     <span class='ocr_line' id='line_1_74' title="bbox 1826 3542 2849 3620; baseline 0.013 -28"><span class='ocrx_word' id='word_1_414' title='bbox 1826 3555 1933 3606; x_wconf 87' lang='lat' dir='ltr'>cto,</span> <span class='ocrx_word' id='word_1_415' title='bbox 1957 3542 2103 3614; x_wconf 87' lang='lat' dir='ltr'>quod</span> <span class='ocrx_word' id='word_1_416' title='bbox 2126 3547 2324 3616; x_wconf 86' lang='lat' dir='ltr'>reperit</span> <span class='ocrx_word' id='word_1_417' title='bbox 2343 3547 2398 3599; x_wconf 85' lang='lat' dir='ltr'>in</span> <span class='ocrx_word' id='word_1_418' title='bbox 2420 3550 2719 3620; x_wconf 70' lang='lat' dir='ltr'>exemplari</span> <span class='ocrx_word' id='word_1_419' title='bbox 2743 3552 2849 3605; x_wconf 69' lang='lat' dir='ltr'>ne-</span> 
     </span>
     <span class='ocr_line' id='line_1_75' title="bbox 1827 3621 2849 3699; baseline 0.009 -26"><span class='ocrx_word' id='word_1_420' title='bbox 1827 3621 2116 3676; x_wconf 75' lang='lat' dir='ltr'>diolanens.</span> <span class='ocrx_word' id='word_1_421' title='bbox 2136 3625 2370 3695; x_wconf 81' lang='lat' dir='ltr'>primum</span> <span class='ocrx_word' id='word_1_422' title='bbox 2388 3628 2714 3699; x_wconf 77' lang='lat' dir='ltr'>conjiciebat</span> <span class='ocrx_word' id='word_1_423' title='bbox 2735 3632 2849 3682; x_wconf 74' lang='lat' dir='ltr'>lecto</span> 
     </span>
     <span class='ocr_line' id='line_1_76' title="bbox 1824 3702 2852 3780; baseline 0.012 -28"><span class='ocrx_word' id='word_1_424' title='bbox 1824 3715 1965 3754; x_wconf 75' lang='lat' dir='ltr'>acuto</span> <span class='ocrx_word' id='word_1_425' title='bbox 1982 3744 1995 3763; x_wconf 87' lang='lat'>‚</span> <span class='ocrx_word' id='word_1_426' title='bbox 2010 3702 2098 3755; x_wconf 81' lang='lat' dir='ltr'>sed</span> <span class='ocrx_word' id='word_1_427' title='bbox 2119 3723 2283 3774; x_wconf 80' lang='lat' dir='ltr'>quum</span> <span class='ocrx_word' id='word_1_428' title='bbox 2305 3707 2525 3760; x_wconf 75' lang='lat' dir='ltr'>meliora</span> <span class='ocrx_word' id='word_1_429' title='bbox 2542 3711 2662 3780; x_wconf 71' lang='lat' dir='ltr'>ejus</span> <span class='ocrx_word' id='word_1_430' title='bbox 2688 3728 2852 3763; x_wconf 82' lang='lat' dir='ltr'>exem·</span> 
     </span>
     <span class='ocr_line' id='line_1_77' title="bbox 1824 3782 2846 3853; baseline 0.009 -20"><span class='ocrx_word' id='word_1_431' title='bbox 1824 3783 1992 3852; x_wconf 74' lang='lat' dir='ltr'>plat-ia</span> <span class='ocrx_word' id='word_1_432' title='bbox 2023 3782 2276 3836; x_wconf 83' lang='lat' dir='ltr'>habereut</span> <span class='ocrx_word' id='word_1_433' title='bbox 2301 3786 2411 3838; x_wconf 81' lang='lat' dir='ltr'>sere</span> <span class='ocrx_word' id='word_1_434' title='bbox 2440 3788 2557 3839; x_wconf 71' lang='lat' dir='ltr'>loeta</span> <span class='ocrx_word' id='word_1_435' title='bbox 2592 3791 2685 3842; x_wconf 77' lang='lat' dir='ltr'>vel</span> <span class='ocrx_word' id='word_1_436' title='bbox 2726 3792 2846 3853; x_wconf 71' lang='lat' dir='ltr'>leta,</span> 
     </span>
     <span class='ocr_line' id='line_1_78' title="bbox 1824 3862 2849 3938; baseline 0.011 -26"><span class='ocrx_word' id='word_1_437' title='bbox 1824 3862 1934 3913; x_wconf 86' lang='lat' dir='ltr'>sine</span> <span class='ocrx_word' id='word_1_438' title='bbox 1966 3862 2292 3916; x_wconf 64' lang='lat' dir='ltr'>hesitatione</span> <span class='ocrx_word' id='word_1_439' title='bbox 2322 3866 2699 3938; x_wconf 82' lang='lat' dir='ltr'>reponendum</span> <span class='ocrx_word' id='word_1_440' title='bbox 2733 3889 2849 3923; x_wconf 72' lang='lat' dir='ltr'>cen-</span> 
     </span>
     <span class='ocr_line' id='line_1_79' title="bbox 1823 3941 2849 4006; baseline 0.011 -14"><span class='ocrx_word' id='word_1_441' title='bbox 1823 3941 1927 3992; x_wconf 82' lang='lat' dir='ltr'>suit</span> <span class='ocrx_word' id='word_1_442' title='bbox 1962 3943 2091 3994; x_wconf 77' lang='lat' dir='ltr'>lenta</span> <span class='ocrx_word' id='word_1_443' title='bbox 2131 3956 2311 4006; x_wconf 81' lang='lat' dir='ltr'>acuto,·</span> <span class='ocrx_word' id='word_1_444' title='bbox 2356 3959 2406 3996; x_wconf 75' lang='lat' dir='ltr'>nt</span> <span class='ocrx_word' id='word_1_445' title='bbox 2441 3945 2517 3998; x_wconf 76' lang='lat' dir='ltr'>sic</span> <span class='ocrx_word' id='word_1_446' title='bbox 2554 3947 2849 4002; x_wconf 76' lang='lat' dir='ltr'>seeundum</span> 
     </span>
     <span class='ocr_line' id='line_1_80' title="bbox 1820 4018 2852 4097; baseline 0.009 -26"><span class='ocrx_word' id='word_1_447' title='bbox 1820 4018 2013 4091; x_wconf 83' lang='lat' dir='ltr'>pedem</span> <span class='ocrx_word' id='word_1_448' title='bbox 2055 4022 2178 4075; x_wconf 83' lang='lat' dir='ltr'>feeit</span> <span class='ocrx_word' id='word_1_449' title='bbox 2216 4023 2554 4094; x_wconf 70' lang='lat' dir='ltr'>sponda-um.</span> <span class='ocrx_word' id='word_1_450' title='bbox 2595 4029 2698 4097; x_wconf 85' lang='lat' dir='ltr'>qui</span> <span class='ocrx_word' id='word_1_451' title='bbox 2729 4029 2852 4082; x_wconf 74' lang='lat' dir='ltr'>iam·</span> 
     </span>
     <span class='ocr_line' id='line_1_81' title="bbox 1820 4099 2853 4160; baseline 0.011 -10"><span class='ocrx_word' id='word_1_452' title='bbox 1820 4099 1921 4151; x_wconf 74' lang='lat' dir='ltr'>bus</span> <span class='ocrx_word' id='word_1_453' title='bbox 1948 4118 2055 4153; x_wconf 71' lang='lat' dir='ltr'>ene</span> <span class='ocrx_word' id='word_1_454' title='bbox 2082 4099 2326 4156; x_wconf 75' lang='lat' dir='ltr'>debebat.</span> <span class='ocrx_word' id='word_1_455' title='bbox 2360 4104 2736 4160; x_wconf 72' lang='lat' dir='ltr'>Nihilominus</span> <span class='ocrx_word' id='word_1_456' title='bbox 2753 4107 2853 4160; x_wconf 71' lang='lat' dir='ltr'>vi:</span> 
     </span>
    </p>
   </div>
  </div>
 </body>
</html>
