2986 4935
641 434 780 485 xvi
1364 431 1894 488 EDITORIS
1961 430 2225 488 Novl

643 570 845 636 stat.
877 548 1051 638 Sed
1075 550 1483 639 Catullus
1515 581 2178 671 supervacanea
2199 548 2771 668 repetitione,

643 718 801 787 aut
875 696 1491 817 additamento
1561 696 1860 785 inutili
1925 693 2402 820 languidos
2467 729 2778 786 versus

642 878 1317 969 nonnunquam
1362 849 1741 960 emittit,
1785 848 2018 935 sicut
2060 880 2079 932 ε

922 1057 1043 1127 Illa
1081 1073 1466 1155 tempestate
1496 1060 1680 1129 ferox
1716 1085 1850 1153 quo
1878 1074 2178 1152 tempore
2203 1058 2496 1127 Theseus

648 1201 734 1267 et
769 1215 787 1266 ι

860 1341 1180 1435 Conjugis
1208 1365 1294 1410 an
1324 1339 1459 1410 fido
1487 1338 1791 1410 consoler
1813 1354 2056 1409 memet
2080 1363 2306 1408 amore

862 1448 1083 1534 Quine
1116 1447 1286 1541 fugit
1312 1449 1534 1516 lentos
1557 1454 1919 1517 incurvans
1940 1451 2213 1541 gurgite
2236 1470 2475 1514 remos.

1755 1557 1991 1624 CARM.
2029 1555 2276 1636 LXIV,
2313 1549 2406 1646 73
2431 1601 2449 1635 ,
2499 1576 2523 1619 1
2545 1551 2667 1620 82.

654 1728 859 1838 Qua
902 1725 1343 1839 clausula,
1382 1726 1776 1815 rotunda
1817 1724 2222 1850 quidem,
2264 1722 2417 1812 sed
2454 1756 2783 1835 vacua,

652 1907 962 1963 sensus
1000 1875 1456 1999 loquentis
1495 1876 1918 2003 frigescit.

775 2026 958 2138 Qui
998 2025 1355 2115 Catullo
1394 2029 1786 2114 maxime
1830 2028 2068 2112 inter
2101 2044 2512 2146 posteros
2550 2021 2790 2109 dele-

656 2170 1166 2289 ctabantur,
1198 2176 1365 2295 ipsi
1396 2208 1610 2263 eum
1639 2174 1808 2264 hac
1837 2194 2094 2297 parte
2115 2205 2790 2295 nonnunquam

660 2356 1027 2444 peccare
1075 2323 1747 2450 intelligebant,
1796 2358 2087 2447 quum
2134 2324 2781 2435 mollinse-ulos,

604 2503 610 2511 ·
662 2476 1171 2563 leviusculas
1207 2508 1517 2564 versus
1564 2491 2062 2565 notarent¹.
2109 2476 2587 2598 Etiamque
2631 2478 2794 2562 du-

660 2627 1094 2713 riusculos
1151 2657 1336 2713 esse
1398 2624 1893 2713 nonnullos
1947 2621 2491 2716 fatebantur.
2554 2628 2796 2713 Nam

660 2795 815 2863 aut
842 2807 1151 2896 aspera
1186 2774 1555 2863 elisione
1587 2773 2190 2864 claudicantes
2222 2795 2310 2862 et
2343 2772 2793 2887 horridOS,

660 2945 815 3011 aut
863 2926 1308 3049 congestis
1356 2923 1759 3014 tardatos
1805 2923 2243 3046 spondaeis
2280 2926 2613 3045 passim
2655 2956 2800 3012 re-

665 3077 958 3194 perire
1010 3094 1178 3186 est,
1220 3106 1294 3161 e.
1339 3108 1421 3200 g.
1468 3109 1488 3160 ι

830 3289 1025 3378 Troja
1070 3293 1285 3353 virum
1328 3300 1394 3354 et
1428 3287 1747 3354 virtutum
1795 3287 2090 3355 omnium
2127 3285 2364 3354 acerba
2392 3287 2575 3354 cinis.

1991 3397 2227 3462 Cum.
2259 3415 2525 3475 vaul,
2562 3416 2682 3486 90.

930 3576 1102 3593 .....
1128 3524 1402 3619 fulgenti
1438 3525 1785 3620 splendent
1809 3550 1972 3593 auro
1998 3539 2195 3619 atque
2221 3538 2499 3618 argento

929 3683 1228 3699 .........
1252 3633 1469 3701 curvis
1499 3657 1534 3699 e
1566 3630 1867 3702 litoribus
1894 3632 2099 3699 Piraei.

1905 3739 2139 3805 Cium.
2178 3759 2359 3820 Lxlv,
2391 3739 2488 3821 44
2513 3788 2531 3824 ,
2564 3740 2686 3829 74.

785 3914 1145 4001 Incuria
1193 3911 1616 4035 equidem
1652 3912 1940 4038 magis
1984 3944 2264 4035 quam
2302 3908 2551 4035 quod
2598 3943 2814 4000 eru-

777 4157 795 4181 ¹
821 4156 984 4227 Plin.
1022 4163 1211 4254 epist.
1249 4162 1321 4244 Ι,
1373 4158 1479 4229 16.
