2986 4935
719 403 852 471 162

1221 401 1778 467 C.VAI.ER11
1840 401 2303 466 CATULLI

1018 532 1347 601 Audacter
1391 534 1765 617 committe,
1813 531 2007 598 crede
2056 531 2201 597 luci.

1013 639 1187 705 Num
1233 654 1293 704 te
1335 637 1625 706 lacteolae
1664 653 1888 705 tenent
1923 637 2197 732 puellae?

1010 747 1076 811 Si
1119 744 1404 836 linguam
1451 744 1674 811 clauso
1721 760 1902 811 tenes
1948 746 2009 810 in
2056 769 2202 822 ore,

1013 855 1289 917 Fructus
1334 852 1633 943 projicies
1680 852 1925 917 amoris
1963 874 2226 930 omnes;

1009 956 1305 1022 Verbosa
1348 956 1587 1048 gaudet
1627 959 1849 1023 Venus
1890 954 2162 1048 loquela.

1017 1061 1177 1144 Vel,
1213 1063 1262 1128 si
1297 1064 1426 1140 xis,
1459 1062 1607 1128 licet
1650 1062 1913 1129 obseres
1954 1060 2280 1154 palatum,

1012 1169 1189 1232 Dum
1237 1171 1440 1234 vostri
1478 1171 1595 1234 sim
1648 1170 1971 1260 particeps
2009 1169 2287 1246 amoris;

1009 1275 1160 1338 Non
1201 1288 1419 1340 custos
1459 1275 1508 1338 si
1547 1272 1756 1366 fingar
1801 1273 1905 1339 ille
1946 1276 2214 1339 Cretum
2240 1325 2257 1352 ‚

691 1506 998 1558 mentioretn
1018 1542 1033 1566 ‚
1058 1523 1165 1574 quo
1193 1502 1322 1573 quid
1346 1505 1566 1572 petitur,
1596 1503 1708 1554 ani·

691 1590 762 1637 mi
788 1587 1057 1653 impetum.

780 1669 866 1717 16·
903 1663 1053 1715 (rede
1080 1663 1199 1722 luci,
1234 1681 1294 1712 ex
1321 1663 1529 1712 occulto
1557 1662 1609 1711 iu
1636 1662 1712 1711 lu·

690 1763 802 1796 cem
844 1743 1038 1814 profer.
1069 1773 1148 1781 —-
1186 1740 1362 1791 Comiti
1394 1743 1479 1790 hoc
1517 1741 1712 1790 libenter

691 1825 771 1875 vel
806 1823 1000 1873 licenter
1029 1821 1113 1872 ede
1133 1821 1322 1871 Venet.
1356 1820 1566 1889 Gryph.
1596 1821 1713 1870 Mu·

688 1917 785 1955 ret.
803 1931 881 1941 —
899 1943 909 1950 .
923 1900 1147 1951 [adacter
1167 1905 1403 1950 committe
1419 1940 1434 1961 ‚
1458 1900 1594 1949 crede
1611 1939 1625 1960 ,
1651 1902 1709 1949 li-

689 1995 759 2034 cet
789 1977 1033 2045 Vossius;
1073 1992 1124 2031 at
1161 1991 1389 2030 nostram
1430 1979 1706 2029 lectionem

689 2061 1002 2114 confirmant
1037 2076 1219 2110 omnes
1249 2059 1372 2110 libri
1409 2058 1561 2110 MSS.
1598 2056 1711 2108 Sta-

689 2142 744 2193 tii
765 2181 778 2203 ‚
803 2139 900 2191 nisi
926 2137 1069 2208 quod
1098 2139 1150 2188 in
1173 2137 1275 2189 illis
1294 2158 1394 2207 pro
1417 2139 1513 2188 luci
1528 2137 1709 2188 vitiose

687 2232 953 2271 exaratum
983 2218 1046 2268 sit
1073 2219 1195 2267 lucet
1215 2256 1227 2277 ‚
1260 2237 1358 2286 pro
1390 2236 1498 2287 quo
1532 2217 1712 2266 substi-

689 2297 942 2349 tuendum
969 2315 1074 2347 esse
1099 2296 1387 2366 suspicatur
1409 2296 1597 2347 Statius
1617 2297 1710 2345 Lu-

690 2384 774 2438 ci;
813 2374 902 2427 sed
946 2375 1176 2445 primum
1219 2394 1325 2426 non
1366 2374 1711 2426 demonstrari

688 2469 875 2527 potest,
897 2456 1094 2506 Lucium
1113 2472 1418 2523 praenomen
1439 2453 1594 2505 fuisse
1618 2454 1709 2505 Ca-

691 2539 824 2587 merii
841 2575 854 2595 ‚
885 2532 1079 2585 deinde
1109 2536 1277 2586 multo
1306 2535 1467 2602 magis
1495 2552 1708 2602 respon·

687 2615 776 2667 det
809 2614 944 2663 crede
973 2615 1067 2663 luci
1087 2613 1253 2663 versui
1285 2632 1311 2662 2
1330 2651 1344 2675 ,
1377 2613 1458 2663 uhi
1487 2615 1584 2663 siut
1615 2626 1709 2662 tute

690 2694 926 2752 tenebrae,·
958 2689 1178 2743 eandem
1210 2692 1484 2742 lectionem
1521 2691 1708 2761 probat

686 2772 930 2842 Scaliger.

778 2870 796 2903 t
813 2870 842 2919 7
853 2893 863 2902 .
879 2852 1115 2901 Laceeolae
1124 2851 1311 2918 puelloe,
1328 2847 1583 2910 candidae,
1594 2851 1710 2919 pul·

688 2933 843 2983 εἰπε.
883 2931 1064 3000 Aptior
1102 2942 1273 2981 tamen
1309 2928 1519 2981 videtur
1558 2930 1707 2980 lectio

691 3012 904 3061 lacteolo.»
933 3023 1090 3059 tenent
1102 3011 1302 3078 papillae
1325 3010 1377 3059 in
1406 3006 1524 3060 cod.
1553 3010 1703 3058 Rom.

689 3104 815 3142 teste
843 3089 1022 3159 Lipsio
1040 3129 1054 3150 ‚
1084 3089 1367 3158 proposita.

778 3192 793 3219 ι
809 3172 858 3221 8.
883 3170 941 3219 Si
965 3171 1084 3236 ling.
1113 3169 1258 3217 clam.
1285 3180 1380 3218 etc.
1411 3168 1708 3218 conferatur

688 3250 739 3299 in
782 3247 916 3299 hanc
951 3245 1255 3298 sententiam
1284 3247 1484 3296 Tibull.
1517 3247 1615 3308 lv,
1652 3264 1705 3313 7,

696 3347 716 3379 1
743 3364 759 3387 ‚
796 3339 845 3376 et
870 3326 940 3377 ibi
967 3325 1261 3375 Broucklms.
1293 3356 1369 3368 -—
1403 3351 1423 3370 ιι
1446 3325 1705 3393 Linguam

687 3407 865 3458 clauso
903 3405 953 3453 in
989 3421 1081 3454 ore
1119 3415 1320 3466 tenere,
1347 3429 1366 3448 ιι
1410 3417 1465 3454 ut
1499 3422 1621 3453 mox
1654 3421 1703 3454 V.

693 3505 720 3536 2
737 3503 785 3548 1,
803 3484 1022 3552 palatum
1043 3484 1259 3533 obserare
1272 3519 1285 3541 ‚
1319 3496 1499 3534 ornate
1518 3502 1616 3551 pro
1636 3502 1707 3531 re·

688 3568 855 3625 eicere,
888 3564 1137 3614 occultare.

775 3662 863 3709 19.
917 3644 1124 3693 Fructus
1167 3645 1389 3710 projicies
1409 3682 1422 3701 ,
1472 3641 1706 3709 abjicies,

685 3720 887 3792 perdes.

772 3817 857 3853 ²1.
908 3800 999 3850 Vel
1026 3804 1177 3868 signis
1214 3802 1323 3850 licet
1352 3798 1535 3849 obseres
1558 3801 1702 3867 pala·

688 3891 784 3931 tum
803 3881 916 3932 vult
937 3881 1165 3930 Vossius.
1184 3910 1259 3919 —
1287 3879 1384 3928 Vel
1404 3882 1444 3928 si
1469 3884 1567 3940 vis,
1597 3880 1707 3929 licet

684 3960 834 4011 obser.
862 3961 1017 4028 palat.
1052 3970 1148 4008 etc.
1181 3976 1357 4008 sensus
1387 3975 1400 4009 ε
1447 3957 1568 4006 «vel
1610 3976 1704 4027 per

682 4055 767 4088 me
799 4039 947 4102 licet,
976 4038 1015 4087 si
1050 4037 1141 4088 tihi
1175 4036 1277 4087 hoc
1313 4038 1475 4105 magis
1502 4038 1700 4107 placet,

1797 1505 1928 1555 nihil
1974 1505 2126 1573 plane
2171 1502 2240 1554 de
2276 1504 2470 1553 amoris
2511 1506 2588 1555 tui
2630 1505 2828 1555 lusibus

1799 1601 2004 1634 mecum
2026 1582 2412 1645 communiceS,
2436 1581 2599 1633 modo
2628 1583 2683 1633 in
2704 1603 2824 1653 par·

1799 1673 1900 1713 tem
1918 1659 2181 1732 quandam
2198 1662 2475 1712 amoristui
2490 1663 2708 1712 veniens
2719 1683 2822 1713 non

1797 1742 1952 1810 plane
1971 1760 2000 1792 a
2032 1753 2079 1792 te
2107 1743 2374 1810 sejungar,
2391 1766 2412 1786 ι
2450 1753 2540 1791 aut
2560 1741 2664 1792 sic:
2698 1768 2721 1788 ι
2745 1742 2822 1793 vel

1797 1819 1837 1869 si
1857 1821 2044 1889 placet,
2061 1821 2189 1870 alios
2210 1838 2392 1871 omnes
2410 1838 2653 1870 amorem
2675 1834 2822 1872 tuum

1798 1897 2073 1968 diligenter
2101 1899 2234 1950 celes
2253 1939 2268 1961 ,
2302 1897 2464 1950 modo
2484 1917 2580 1966 ego
2604 1918 2744 1951 unus
2763 1900 2823 1950 il·

1798 1977 1897 2028 lius
1926 1979 2019 2028 sim
2050 1979 2302 2029 conscius.
2327 2004 2349 2024 ι
2387 2008 2464 2019 --
2496 1977 2624 2030 Haec
2654 1979 2822 2030 multo

1798 2057 1971 2127 potior
1995 2070 2045 2108 et
2073 2076 2192 2108 vera
2226 2057 2600 2126 interpretatio.
2635 2058 2700 2109 N.

1883 2155 1968 2186 22.
2004 2138 2131 2188 Dum
2162 2140 2313 2187 vestri
2346 2141 2433 2188 sim
2462 2155 2551 2204 ego
2581 2143 2822 2207 particeps

1797 2219 1972 2265 amoris
2000 2217 2207 2286 Gryph.
2240 2216 2431 2267 Muret.
2464 2217 2677 2268 Coeteroe
2704 2235 2821 2268 cor-

1796 2308 1961 2364 ruptae
1981 2296 2256 2350 lectiones,
2292 2313 2419 2364 quas
2447 2293 2595 2347 editt.
2620 2308 2747 2347 vett.
2773 2310 2820 2347 et

1798 2374 1948 2426 MSS.
1996 2375 2049 2425 in
2093 2375 2195 2427 hoc
2226 2393 2380 2425 versu
2423 2375 2703 2438 exhibent,
2737 2375 2819 2426 vix

1796 2467 2212 2507 commemoratu
2244 2452 2416 2524 dignae
2444 2466 2579 2506 sunt.

1882 2536 1970 2586 23.
2021 2536 2306 2604 sequentes
2348 2532 2529 2585 decem
2577 2534 2818 2586 versiculi

1796 2611 2066 2664 adduntur
2128 2614 2179 2663 in
2236 2614 2399 2664 tribus
2451 2612 2823 2682 antiquissimis

1796 2690 1939 2744 editt.
1982 2706 2033 2743 et
2076 2693 2128 2742 in
2164 2691 2313 2744 MSS.
2350 2694 2412 2743 L.
2453 2704 2584 2743 teste
2617 2691 2822 2744 editore

1797 2771 2210 2840 Cantabrigiensi
2241 2769 2475 2823 Carmini
2505 2772 2724 2834 LVIII,
2757 2772 2825 2821 ad

1801 2852 2001 2903 Callum
2028 2853 2087 2901 de
2109 2852 2300 2911 Lesbia,
2332 2863 2383 2903 et
2404 2851 2473 2902 ita
2499 2868 2607 2901 esse
2634 2852 2689 2902 in
2712 2852 2819 2921 ple·

1794 2930 1973 2999 risque
2004 2930 2155 2982 MSS.
2187 2932 2417 2981 affirmat
2445 2948 2661 3000 quoque
2689 2931 2822 2981 Vos·

1796 3010 1913 3058 sius.
1936 3012 2106 3071 Quem
2130 3028 2272 3061 nime
2295 3010 2347 3061 in
2370 3010 2635 3079 plerisque
2662 3008 2815 3062 edin.

1796 3102 2057 3157 occupant
2084 3089 2256 3139 locum
2273 3126 2287 3151 ‚
2307 3089 2579 3157 assignavit
2604 3090 2691 3141 his
2707 3108 2818 3141 ver·

1796 3167 1968 3219 siculis
1992 3168 2256 3235 Josephus
2287 3168 2542 3238 Scaliger,
2568 3185 2704 3237 quos
2741 3182 2814 3220 ta·

1796 3265 1914 3296 men
1940 3247 2155 3297 Vossius
2191 3266 2286 3299 nec
2309 3249 2363 3298 in
2392 3249 2496 3298 hoc
2521 3248 2640 3298 loco
2667 3266 2815 3300 com·

1794 3324 1951 3375 mode
1978 3345 2031 3378 se
2054 3326 2246 3377 habere
2264 3365 2280 3389 ,
2304 3324 2394 3377 sed
2418 3325 2489 3377 ad
2512 3325 2818 3396 procedens

1794 3404 2129 3473 Epigramma
2163 3406 2424 3475 pertinere
2453 3417 2507 3456 et
2538 3403 2683 3458 haud
2715 3406 2814 3459 du·

1792 3484 1880 3534 bie
1948 3483 2123 3535 deesse
2188 3483 2386 3555 aliquid
2448 3498 2614 3553 putat.
2673 3485 2811 3538 Edit.

1794 3563 2001 3633 Gryph.
2036 3564 2230 3615 Muret.
2274 3576 2324 3615 et
2366 3562 2456 3615 alii
2493 3567 2816 3617 constituunt

1794 3660 1882 3692 eos
1905 3656 2018 3711 post
2036 3662 2244 3694 versum
2275 3662 2335 3694 ια
2357 3661 2370 3694 :
2402 3644 2516 3694 ·En
2540 3645 2631 3695 hic
2654 3645 2709 3695 in
2734 3665 2813 3695 m·

1794 3723 1890 3773 seis
1916 3723 2034 3774 latet
2055 3723 2277 3792 papillis.
2302 3748 2322 3768 »
2352 3723 2573 3774 Interim
2602 3742 2665 3774 ex
2694 3741 2813 3774 meo

1792 3818 1941 3851 sensu
1973 3801 2235 3870 aptissime
2266 3802 2369 3853 hoc
2394 3802 2569 3871 ipsum
2601 3820 2810 3853 carmen

1792 3878 2035 3931 claudere
2063 3879 2328 3932 videntur.
2347 3913 2427 3922 ——-
2446 3882 2561 3933 Non
2589 3894 2745 3932 cuseos
2770 3884 2813 3931 si

1778 3958 1908 4028 sing.
1941 3973 2037 4011 etc.
2071 3977 2194 4010 cum
2226 3960 2475 4029 gravitate
2505 3958 2684 4012 denuo
2714 3961 2810 4011 sub

1790 4038 1897 4089 fine
1923 4039 2168 4090 carminis
2194 4040 2409 4109 repetit,
2431 4058 2484 4090 se
2519 4040 2669 4092 nullo
2694 4057 2809 4090 mo·
