2986 4935
729 444 878 511 206

1253 445 1796 510 C.VALER11
1854 445 2313 526 CATULLI

831 581 918 646 At
953 578 1005 644 si
1043 576 1210 644 forte
1245 575 1472 643 eadem
1511 589 1610 643 est
1646 574 1826 644 ulmo
1867 575 2218 667 conjuncta
2263 577 2534 658 marito,

833 681 1029 751 Multi
1073 680 1248 752 illam
1293 679 1632 775 agricolae,
1664 678 1853 749 inulti
1892 680 2235 749 accoluere
2264 681 2573 773 juvenci;
2790 710 2831 747 ss

833 791 940 858 Sic
970 790 1195 883 virg0‚
1228 787 1386 855 dum
1427 788 1668 855 intacta
1706 800 1960 870 manet,
1992 786 2151 853 dum
2188 785 2436 855 inculta
2481 788 2784 869 senescit;

830 897 1055 984 Quum
1093 918 1214 988 par
1250 893 1653 961 connubium
1696 907 1956 960 maturo
1999 907 2296 987 tempore
2336 893 2577 986 adepta
2611 908 2738 978 est,

831 1005 1003 1070 Cara
1047 1001 1190 1066 viro
1235 1000 1476 1093 magis,
1513 1013 1580 1065 et
1617 1000 1830 1066 minus
1863 1012 1962 1066 est
1995 999 2203 1066 invisa
2234 1003 2509 1092 parenti.

934 1110 1020 1174 At
1063 1120 1134 1173 tu
1179 1131 1261 1180 ne
1297 1128 1525 1199 pugna
1567 1129 1715 1171 curn
1761 1103 1873 1180 tali
1910 1104 2227 1198 conjuge,
2256 1106 2465 1198 virgo.

828 1213 982 1281 Non
1019 1237 1279 1305 aequum
1326 1225 1421 1292 est
1465 1233 1800 1304 pugnare,
1834 1224 2021 1302 pater
2055 1211 2211 1302 quoi
2248 1209 2517 1282 tradidit
2552 1212 2725 1304 ipse,
2787 1239 2832 1275 s.

832 1323 982 1413 Ipse
1018 1333 1205 1411 pater
1237 1343 1388 1386 cum
1430 1332 1672 1402 matre,
1705 1315 1940 1408 quibus
1978 1340 2208 1408 parere
2238 1340 2501 1388 necesse
2538 1331 2641 1385 est
2669 1343 2685 1385 :
2716 1351 2721 1356 ·

830 1424 1189 1517 Virginitas
1222 1449 1355 1491 non
1398 1437 1535 1491 tota
1576 1437 1689 1490 tua
1726 1436 1862 1506 θεῖς
1895 1447 1975 1490 ex
2015 1434 2199 1515 parte
2236 1436 2585 1515 parentum
2622 1438 2754 1509 θεῖς

835 1532 1053 1597 Tertia
1091 1554 1242 1622 pars
1279 1531 1450 1622 patri
1495 1528 1682 1612 data,
1726 1551 1878 1621 pars
1915 1527 2065 1595 data
2104 1531 2294 1606 tertia
2337 1529 2574 1613 matri,

828 1638 1045 1703 Tertia
1088 1633 1224 1702 sola
1267 1649 1381 1700 tua
1420 1649 1563 1701 est:
1599 1633 1730 1701 noli
1773 1658 2070 1727 pugnare
2107 1633 2361 1702 duobus
2386 1688 2405 1718 ‚

831 1743 964 1830 Qui
1003 1765 1245 1834 genero
1284 1764 1401 1806 sua
1429 1739 1581 1831 jura
1619 1738 1807 1807 simul
1847 1763 1998 1807 cum
2037 1739 2190 1807 dote
2228 1739 2574 1808 dederunt.
2753 1770 2838 1807 -ει

831 1850 1090 1939 Hymen
1127 1873 1166 1912 o
1204 1849 1591 1938 Hymeuaee,
1624 1849 1883 1939 Hymen
1913 1843 2069 1914 ades
2102 1871 2143 1912 o
2180 1848 2553 1938 Hymenaee.

812 2061 902 2122 54.
954 2058 1092 2109 Ulmo
1122 2059 1372 2127 conjuncta
1409 2060 1593 2106 maritoe
1629 2054 1740 2106 vult

727 2139 905 2191 Heius,
931 2138 984 2189 in
1009 2151 1120 2189 not.
1148 2136 1215 2190 ad
1239 2137 1428 2188 Catull.
1457 2167 1536 2177 -
1558 2136 1742 2186 Mat-ita

725 2231 900 2270 noster
915 2217 1029 2270 MS.
1047 2218 1111 2268 N.
1125 2250 1202 2258 —
1223 2217 1363 2269 Ulmo
1377 2219 1643 2284 conjuncta.
1658 2216 1739 2267 Cf.

726 2296 792 2349 ad
811 2297 1039 2366 Epithal.
1054 2297 1085 2347 J
1090 2297 1161 2348 ul.
1183 2311 1234 2348 et
1245 2297 1460 2348 ManLv.
1489 2299 1610 2356 106,
1629 2314 1739 2365 sqq.

813 2378 904 2430 55.
945 2377 1092 2428 Multi
1140 2376 1271 2426 illam
1309 2378 1562 2444 agricolae,
1606 2376 1746 2426 multi

729 2457 968 2508 accoluere
975 2449 1182 2525 jue-enci.
1200 2456 1376 2506 Verba
1397 2456 1553 2525 hujus
1567 2474 1742 2507 versus

730 2556 836 2588 non
876 2536 1133 2587 subtiliter
1175 2533 1428 2603 exigenda
1471 2547 1608 2586 suut.
1643 2535 1740 2586 Ju-

726 2616 878 2667 venci
901 2615 1040 2666 enim
1061 2615 1148 2666 vix
1168 2613 1270 2664 dici
1293 2625 1506 2684 possunt
1530 2613 1740 2683 proprie

729 2696 900 2748 colere
918 2694 1078 2745 vitem
1097 2693 1241 2744 ulmo
1255 2695 1613 2763 conjunctam;
1630 2690 1739 2757 sed,

728 2775 767 2825 si
784 2772 912 2844 quid
925 2773 1003 2825 illi
1016 2771 1081 2824 ad
1101 2774 1211 2843 ejus
1224 2771 1421 2823 cultum
1438 2772 1740 2836 conferunt,

727 2852 884 2906 debet
909 2851 964 2904 id
992 2853 1138 2913 fieri,
1162 2864 1437 2922 antequam
1467 2851 1584 2901 vitis
1614 2852 1739 2902 seri-

730 2946 845 2997 tur,
877 2932 1005 2986 dum
1053 2945 1243 2984 terram
1285 2943 1455 2982 aratro
1506 2932 1739 2998 proscin-

729 3013 893 3078 dunt,
924 3031 1143 3082 eamque
1179 3011 1318 3061 illius
1348 3009 1534 3061 sationi
1565 3023 1738 3080 aptam

726 3093 973 3147 reddunt.
1010 3123 1087 3134 -—
1121 3090 1223 3141 Hic
1262 3091 1481 3140 verbum
1532 3089 1740 3139 accolere

728 3194 834 3226 uon
865 3172 1004 3225 idem
1029 3169 1174 3241 quod
1199 3171 1364 3221 colere.
1391 3170 1548 3220 Poeta
1580 3166 1738 3238 signi-

729 3255 847 3306 ficat
874 3254 1012 3305 circa
1037 3250 1195 3301 vitem
1223 3247 1383 3300 modo
1411 3248 1569 3301 nullis
1586 3288 1600 3311 ‚
1627 3267 1738 3300 mo-

727 3331 800 3384 do
834 3331 1009 3382 multis
1045 3330 1112 3380 ab
1141 3328 1379 3397 agricolis
1407 3340 1595 3379 terram
1627 3328 1740 3379 cul-

728 3425 842 3463 tura
869 3412 1033 3462 laetnm
1066 3408 1200 3459 fieri.
1226 3408 1292 3458 N.

813 3492 903 3542 56.
931 3489 1012 3539 Sic
1034 3491 1176 3555 virgo
1195 3506 1264 3539 sc.
1287 3487 1354 3537 ab
1383 3485 1629 3536 omnibus
1648 3505 1739 3537 ne·

725 3571 955 3640 gligitun
977 3568 1106 3618 Dum
1123 3564 1545 3617 conditionaliter
1563 3584 1660 3634 pro
1674 3572 1735 3628 si,

729 3651 808 3705 vel
835 3646 1142 3718 simpliciter
1162 3664 1260 3715 pro
1282 3643 1499 3695 relativo
1522 3663 1740 3714 quw.—

725 3730 878 3781 Errat
915 3726 1162 3795 Doering.
1207 3738 1318 3776 tum
1367 3723 1743 3793 interpungen-·

725 3808 827 3873 do,
861 3820 974 3860 tum
1008 3801 1407 3873 interpretando
1444 3801 1585 3853 hunc
1624 3822 1739 3855 ver-

727 3906 873 3949 sum3
911 3887 1001 3938 uhi
1041 3897 1160 3953 post
1201 3900 1381 3934 vocem
1427 3886 1573 3948 ‘virgo
1604 3883 1739 3935 male

719 3961 1191 4037 interpungit.Vid.
1218 3974 1326 4023 not.
1351 3958 1420 4011 ad
1442 3979 1490 4011 v.
1521 3962 1610 4021 45.
1635 3962 1740 4014 No·

723 4061 824 4098 ster
840 4046 954 4098 MS.
982 4057 1077 4096 eum
1106 4043 1298 4093 inculta.
1329 4039 1396 4091 N.

809 4128 897 4193 57.
919 4126 1024 4175 Par
1047 4120 1325 4172 connubium
1346 4160 1359 4179 ,
1382 4119 1437 4170 h.
1471 4137 1519 4171 e.
1544 4137 1738 4171 conve·

1828 2054 2005 2117 niens,
2045 2054 2234 2124 puello
2275 2053 2569 2106 conditioni
2607 2056 2842 2126 tutique

1827 2131 2162 2202 respondens,
2196 2135 2394 2185 Maturo
2421 2147 2623 2203 tempore
2637 2175 2654 2198 ,
2683 2153 2838 2206 quum

1829 2212 2000 2280 puella
2016 2209 2095 2272 (ut
2108 2213 2422 2282 cumVirgil.
2437 2215 2626 2284 loquar
2635 2212 2841 2266 AEneid.

1829 2292 1964 2354 vll,
2002 2284 2098 2356 53)
2138 2295 2285 2361 «jam
2321 2305 2522 2345 matura
2546 2294 2716 2357 'vir-o,
2741 2296 2840 2365 jam

1827 2370 1996 2440 plenis
2021 2371 2213 2423 nubilis
2234 2370 2398 2423 annis.
2418 2396 2441 2418 ι

1911 2451 2000 2518 59.
2035 2452 2106 2502 Et
2133 2463 2184 2501 tu
2209 2472 2293 2502 nec
2314 2471 2483 2522 pugna
2508 2450 2713 2506 MSSC.
2738 2472 2843 2505 om·

1828 2548 1917 2581 nes
1936 2543 2060 2582 teste
2080 2531 2205 2582 Stat.
2224 2543 2274 2581 et
2292 2529 2433 2583 editt.
2453 2533 2842 2603 antiquissime,

1825 2608 2105 2662 accedente
2134 2610 2436 2662 Vossio.—
2460 2611 2585 2663 Cum
2614 2614 2711 2664 eali
2738 2630 2843 2663 con·

1815 2692 1936 2757 juge
1958 2729 1972 2750 ,
2016 2701 2120 2740 tam
2166 2690 2492 2759 precellente
2534 2704 2589 2742 et
2634 2692 2841 2743 eximio.

1828 2766 1957 2819 vid.
1993 2769 2254 2819 Burmann.
2293 2767 2364 2821 ad
2397 2769 2610 2821 Petron.
2653 2789 2701 2823 c.
2749 2772 2843 2837 16,

1827 2858 1878 2898 et
1904 2846 1971 2897 ad
1998 2846 2206 2909 Phaedx.
2235 2849 2350 2913 111,
2379 2867 2411 2917 9
2432 2882 2449 2909 ‚
2475 2852 2508 2898 6
2530 2888 2546 2913 ,
2575 2849 2861 2901 Schwartz?

1824 2923 1891 2976 ad
1924 2926 2060 2978 Plin.
2094 2929 2347 2997 panegyr.
2374 2946 2419 2979 c.
2458 2945 2515 2980 ιι
2538 2967 2554 2991 ,
2581 2947 2708 3000 pag.
2745 2929 2842 2992 ²3,

1826 3006 1998 3058 Heius.
2038 3005 2106 3057 ad
2142 3006 2303 3058 ovid.
2342 3008 2476 3059 Fast.
2512 3009 2581 3071 V,
2615 3014 2751 3070 460.
2773 3036 2845 3048 —-

1824 3084 1910 3136 Sic
1937 3090 2062 3145 τοῖος
2089 3085 2231 3155 apud
2260 3086 2487 3139 Grecos.
2510 3085 2651 3139 vid.
2683 3089 2844 3159 Span-

1825 3163 1966 3217 hem.
2000 3164 2070 3217 ad
2097 3165 2405 3219 callimach.
2429 3166 2498 3218 Η.
2523 3168 2580 3218 in
2603 3168 2767 3220 Dian.
2796 3170 2844 3216 ν’.

1835 3249 1960 3305 146.

1908 3326 1994 3374 60.
2038 3324 2266 3392 Pugnant
2303 3342 2372 3377 sc.
2418 3343 2544 3377 cum
2588 3324 2723 3389 ino,
2765 3324 2845 3380 αὖ

1824 3402 1935 3472 ipse
1959 3414 2105 3472 pater
2126 3417 2169 3453 te
2188 3401 2421 3457 tradidit.
2452 3435 2523 3444 -—
2549 3405 2598 3456 T
2592 3408 2727 3457 ertia
2735 3424 2847 3476 pan

1819 3488 1975 3549 patris
2001 3494 2099 3542 est,
2128 3502 2247 3552 pars
2276 3496 2347 3533 est
2374 3484 2492 3535 data
2523 3489 2674 3536 tertia
2712 3488 2847 3535 nan-i

1826 3560 2020 3613 Muret.
2068 3562 2221 3615 Voss.
2265 3564 2329 3613 In
2379 3564 2662 3616 nonnullis
2704 3564 2847 3617 editt.

1826 3640 1991 3709 antiq.
2025 3640 2199 3711 primo
2224 3641 2341 3693 loco
2372 3646 2515 3693 nutri
2538 3657 2591 3694 et
2613 3642 2848 3699 secundo

1820 3723 1956 3788 patri
1981 3720 2205 3789 positum
2232 3734 2322 3772 est.

1907 3801 1997 3859 64.
2035 3800 2084 3850 T
2074 3803 2199 3849 ertia
2241 3801 2347 3852 sola
2385 3811 2467 3851 tua
2496 3812 2570 3852 est
2606 3821 2632 3853 .·
2672 3814 2850 3856 eontra

1828 3875 1987 3930 ovid.
2035 3876 2258 3930 Heroid:
2300 3879 2433 3943 XX,
2486 3882 2592 3949 157
2620 3902 2635 3933 ε
2681 3907 2705 3930 ι
2730 3882 2848 3934 Boc

1830 3957 1962 4008 mihi
2003 3974 2056 4009 se
2090 3957 2329 4029 pepigit:
2356 3971 2503 4029 puter
2544 3960 2693 4014 hanc
2725 3963 2852 4022 tihi,

1831 4037 2032 4106 primus
2057 4038 2124 4089 ab
2151 4037 2239 4089 ina
2265 4055 2279 4089 :
2307 4036 2409 4090 Sed
2433 4040 2666 4110 propior
2688 4055 2852 4101 certe,

1827 4134 1985 4185 quam
2011 4129 2179 4185 pater,
2200 4118 2309 4188 ipsa
2340 4117 2438 4169 sibi
2469 4131 2567 4170 est.
2586 4142 2614 4164 ι
