2986 4935
842 403 1280 470 CARMEN
1340 404 1519 468 LXI
1548 405 1623 469 V.

2149 407 2283 487 241

283 537 571 628 Namque
604 534 999 602 fluentisono
1040 549 1472 628 prospectans
1515 533 1705 602 litore
1744 537 1890 602 Diae

281 643 521 711 Thesea
557 640 896 709 cedentem
944 640 1140 709 celeri
1182 665 1335 708 cum
1379 639 1585 708 classe
1630 656 1854 710 tuetur

280 748 636 817 Indomitos
668 750 737 815 in
770 748 972 816 corde
1009 771 1244 840 gerens
1279 746 1571 815 Ariadna
1606 748 1903 816 furores:

190 958 308 1009 tioni
327 959 769 1012 Mitscherlicbius
791 960 1102 1029 refragatur,
1127 970 1189 1010 ut

189 1050 301 1107 pote
314 1058 422 1109 quae
440 1036 579 1091 idem
596 1058 691 1110 per
712 1037 856 1090 idem
875 1039 1156 1109 eloquatur
1168 1057 1183 1088 :

196 1141 216 1162 ι
237 1118 394 1170 Vestis
415 1120 636 1171 heroum
668 1119 850 1188 figuris
873 1119 1070 1170 variata
1097 1117 1187 1169 he·

189 1214 292 1249 roas
314 1197 520 1251 indicat.
545 1223 567 1244 ι
597 1191 924 1267 Tautologiae
951 1217 1079 1249 vero
1103 1198 1182 1248 vi-

190 1275 308 1327 tium
342 1279 394 1329 in
432 1279 669 1331 oradone
703 1278 898 1332 Catulli
939 1277 1181 1340 nullum,

190 1355 276 1405 nisi
302 1370 572 1428 postquam
609 1358 825 1409 refinxit
853 1357 1145 1409 Mitscherl.
1162 1395 1175 1414 ‚

189 1451 398 1506 apparet.
440 1438 682 1509 Namque
719 1438 956 1488 hominum
997 1436 1180 1505 figuris

190 1513 342 1585 imago
363 1518 546 1569 heroum
571 1537 678 1568 cmn
703 1521 936 1568 virtutum
966 1536 1177 1569 suarum

190 1593 444 1663 splendore
473 1597 703 1650 multum
722 1596 889 1650 addit.
908 1598 973 1649 N.

258 1675 337 1726 52.
361 1678 697 1740 Flueneisono,
717 1675 863 1747 quod
883 1717 896 1740 ‚
913 1675 997 1740 (ut
1019 1696 1175 1746 supra

190 1753 340 1806 Carm.
362 1758 438 1809 XI
455 1795 467 1813 ,
495 1765 526 1820 4
547 1795 562 1821 ,
592 1748 901 1824 dicebatur)
932 1758 1071 1825 longe
1100 1777 1175 1806 re·

187 1846 356 1885 sonante
382 1838 507 1888 unda
529 1836 767 1899 tunditur,
795 1837 862 1896 θὶς
885 1837 1174 1905 πολύφλοισ·

189 1909 281 1977 θος,
322 1918 688 1988 περιηχούμενος
734 1925 807 1986 τῷ
851 1919 1050 1987 κύματι.
1097 1950 1173 1958 -

192 1992 286 2044 Dioe
317 2014 334 2045 .·
368 1996 599 2067 intellige
652 1996 874 2048 insulam
932 1998 1170 2059 Naxum,

188 2089 320 2124 uuam
345 2094 371 2126 e
394 2075 733 2148 Cycladibus,
762 2074 983 2129 Diodor.
1007 2076 1167 2128 Sieul.

186 2150 269 2215 IV,
295 2158 387 2218 16,
414 2175 527 2228 pag.
556 2158 696 2219 308,
716 2154 1166 2226 edit.Wesseling.

185 2235 252 2282 καὶ
262 2241 450 2305 κατῇριν
462 2238 525 2297 εἰς
537 2241 685 2292 νῆσον
696 2237 781 2291 τὴν
793 2238 911 2288 ποτὲ
923 2237 1008 2305 μὲν
1024 2253 1171 2299 Am«,

181 2315 247 2360 νῦν
286 2307 340 2364 δὲ
379 2330 565 2368 innon
603 2317 1079 2385 προσαγορευομένην
1119 2331 1170 2368 et

183 2391 241 2442 sic
255 2406 538 2448 constanter
567 2407 782 2447 veteres·
809 2395 892 2447 Cf.
917 2397 1088 2467 Heym·
1103 2395 1167 2447 ad

183 2471 462 2541 Apollodor.
497 2476 621 2540 111,
663 2478 730 2537 5,
771 2477 835 2534 3,
871 2495 991 2546 pag.
1035 2476 1163 2544 578.

180 2548 267 2603 Sed
311 2553 459 2625 longe
504 2556 665 2607 aliter
684 2594 698 2619 ,
746 2556 838 2625 qui
893 2576 999 2606 non
1048 2575 1167 2606 raro

179 2629 345 2683 fluctus
377 2634 431 2685 in
469 2636 706 2705 simpulo
753 2655 965 2686 movere
1006 2636 1167 2699 solet,

178 2711 313 2764 sentit
338 2714 570 2767 Vossius.
600 2715 721 2766 Non
753 2715 896 2766 enim
929 2715 1124 2766 Naxum
1147 2756 1160 2776 ,

177 2790 304 2856 quod
331 2793 573 2865 plerique
597 2806 831 2846 statuunt
852 2833 865 2856 ‚
894 2813 990 2865 per
1019 2797 1166 2846 Diam

177 2867 537 2942 intelligendam
583 2893 691 2925 esse
733 2873 1034 2939 contendit,
1076 2874 1163 2925 sed

182 2949 305 3001 Diam
329 2953 594 3005 Cretensem
613 2994 625 3012 ,
644 2972 759 3023 quae
781 2955 938 3023 vulgo
959 2953 1168 3005 Standia

176 3030 459 3099 appellatur.
483 3031 573 3085 Ad
593 3033 730 3084 hanc
748 3052 890 3084 suam
913 3054 1172 3086 exornan-

175 3104 282 3175 dam
320 3116 629 3167 sententiam
679 3111 892 3164 duobus
927 3114 1167 3184 inprimis

174 3189 320 3243 utitur
331 3193 667 3263 argumentis3
678 3193 910 3263 primum
926 3193 1165 3263 quidem,

175 3267 302 3335 quod
326 3270 501 3324 Naxus
530 3272 691 3324 nimis
722 3291 749 3323 a
776 3273 857 3324 via
877 3272 1066 3324 Thesei
1087 3293 1163 3324 re·

175 3361 300 3402 mota
326 3351 413 3415 sit3
452 3350 651 3404 deinde
671 3390 686 3415 ,
726 3350 870 3421 quod
907 3353 1164 3421 querelae,

172 3442 284 3494 quas
304 3430 435 3483 infra
461 3430 640 3483 fundit
665 3429 894 3482 Ariadne
921 3430 990 3493 [v.
1026 3453 1045 3485 1
1061 3435 1131 3495 84
1147 3472 1161 3497 ,

174 3506 393 3561 Proeteoea
437 3512 572 3563 nullo
616 3511 728 3561 litus
754 3552 769 3573 ,
815 3512 919 3561 sola
969 3513 1124 3563 Insula
1145 3555 1158 3575 ,

173 3596 305 3650 tecto,
333 3589 454 3652 etc.]
491 3591 579 3643 vix
609 3588 676 3642 de
707 3591 875 3642 insula
900 3592 1046 3642 Naxo
1075 3611 1162 3642 va-

170 3662 265 3719 lere
288 3685 494 3740 queant.
531 3669 694 3736 Quod
726 3669 789 3721 ad
819 3671 1051 3742 primum
1086 3685 1162 3723 at·

169 3746 312 3813 tinet,
328 3751 569 3802 consulto
599 3748 821 3801 omnino
848 3751 1081 3802 Theseus
1107 3753 1160 3802 in

170 3822 273 3896 fuga
301 3842 500 3882 rectam
537 3830 675 3881 viam
709 3830 978 3901 reliquisse
1013 3829 1160 3883 vide·

169 3914 271 3969 tur3
293 3920 350 3959 ut
375 3922 573 3962 taceam
597 3909 693 3960 alia
711 3948 726 3973 ,
752 3912 945 3979 quibus
969 3910 1055 3961 ille
1081 3911 1159 3961 vel

128 4033 132 4036 ,
169 3982 346 4038 invitus
384 3988 438 4039 in
472 3988 607 4040 mari
641 4006 668 4038 a
702 4003 840 4041 recta
870 3991 951 4039 via
990 3990 1162 4060 abripi

167 4066 335 4130 potuit.
365 4065 529 4132 Quod
573 4067 638 4118 ad
681 4069 904 4119 alterum
946 4069 1164 4134 attinet,

1276 961 1509 1029 cogitare
1564 958 1818 1011 debemus
1845 999 1859 1022 ‚
1907 960 2174 1014 Ariadnen
2226 965 2292 1017 ad

1273 1038 1396 1089 litus
1447 1040 1635 1102 maris,
1668 1039 1726 1091 in
1769 1041 1881 1092 solo
1924 1054 1977 1092 et
2015 1044 2291 1096 remotiori

1271 1119 1453 1169 insulae
1490 1121 1636 1175 loco,
1674 1138 1703 1169 a
1736 1120 1941 1171 Theseo
1986 1120 2293 1176 derelictam

1271 1217 1406 1262 esse,
1425 1200 1519 1251 ubi
1548 1199 1768 1250 omnino
1790 1200 1842 1250 in
1871 1202 2139 1271 querelas,
2163 1222 2292 1272 quas

1270 1278 1407 1329 infra
1435 1279 1558 1347 jacit
1582 1317 1597 1342 ,
1626 1297 1906 1350 erumpere
1931 1295 2158 1350 poterat.
2180 1284 2293 1335 Nec

1267 1357 1425 1408 nimis
1448 1358 1709 1410 subtiliter
1728 1360 2109 1413 vehementiori
2126 1364 2287 1415 anim'i

1268 1439 1627 1490 commotione
1641 1440 1751 1507 jam
1772 1442 2035 1492 aestuantis
2050 1482 2064 1504 ,
2082 1456 2131 1492 et
2151 1454 2292 1493 sum-

1266 1535 1355 1567 mo
1410 1519 1480 1568 ob
1531 1516 1807 1589 perfidiam
1853 1520 2045 1571 Thesei
2101 1520 2286 1574 dolore

1264 1599 1516 1665 perculsae
1534 1638 1547 1661 ,
1572 1597 1829 1650 Ariadnes
1852 1602 2077 1669 querelae
2096 1603 2290 1653 exami-

1265 1675 1451 1728 nandae
1469 1692 1519 1731 et
1546 1676 1611 1728 ad
1632 1679 1814 1728 vivum
1834 1679 2129 1732 resecandae
2151 1691 2291 1746 su'nt,

1263 1759 1530 1827 praecipue
1566 1759 1606 1808 si
1645 1758 1850 1808 Naxum
1882 1778 2003 1809 cum
2044 1764 2156 1831 eju's
2195 1782 2284 1830 pa-

1263 1838 1363 1887 tria
1390 1839 1542 1889 Creta
1560 1876 1574 1898 ‚
1599 1851 1780 1888 centum
1811 1839 2001 1888 urbibus
2030 1837 2122 1901 (ut
2143 1843 2285 1894 canit

1261 1916 1467 1978 Horat.)
1493 1919 1659 1978 nobili,
1693 1923 2279 1987 coniparainus.-—Nc1-

1261 2017 1350 2046 xus
1380 1996 1610 2066 denique
1643 2017 1785 2049 sacra
1823 2012 1933 2049 erat
1964 2000 2201 2065 Baccho,
2231 2016 2279 2053 et

1258 2077 1526 2144 peculiare
1586 2081 1697 2144 ejus
1753 2076 2103 2129 domicilium.
2150 2080 2277 2133 vid.

1258 2156 1433 2207 Barth.
1459 2156 1525 2207 ad
1546 2157 1671 2208 Stat.
1691 2157 1864 2208 Theb.
1884 2159 1990 2208 VH
2009 2197 2022 2219 ,
2050 2162 2160 2211 686
2177 2198 2193 2224 ,
2224 2161 2274 2211 in

1258 2255 1360 2305 qua
1391 2237 1503 2304 ipse
1533 2237 1766 2288 Bacchus
1794 2256 1854 2286 ex
1884 2236 2038 2288 India
2069 2239 2279 2290 rediens

1256 2315 1586 2385 triumphum
1620 2316 1930 2367 bacchicam
1970 2318 2089 2387 egit.
2127 2319 2276 2387 Virg.

1256 2399 1375 2446 AEn.
1398 2396 1479 2446 111
1500 2437 1513 2459 ,
1545 2414 1562 2447 1
1580 2418 1605 2448 9.
1621 2399 1648 2447 5
1666 2436 1679 2460 ,
1700 2397 1791 2448 ubi
1813 2399 1880 2449 cf.
1907 2397 2091 2469 Herna.
2111 2398 2275 2461 Quod

1255 2477 1398 2527 enim
1428 2479 1637 2529 Vossius
1660 2491 1836 2547 putat,
1852 2479 2116 2529 Bacchum
2139 2500 2277 2550 quae-

1254 2555 1430 2606 rendae
1458 2556 1712 2609 Ariadnes
1741 2576 1893 2609 causa
1918 2560 2183 2611 accessisse
2209 2561 2273 2611 il-

1251 2635 1355 2687 lam
1389 2634 1646 2689 desertam
1669 2639 1999 2691 Cretensium
2021 2639 2270 2703 insulam,

1251 2712 1538 2767 ridiculum
1567 2736 1716 2786 paene
1749 2732 1837 2768 est.
1864 2719 2035 2769 vossii
2061 2721 2269 2789 vestigia

1252 2814 1456 2848 secure.
1490 2809 1546 2847 ut
1574 2797 1737 2858 solet,
1769 2798 1891 2866 legit
1920 2799 2165 2867 Vulpius.
2189 2835 2267 2842 —-

1251 2874 1531 2945 Copiosius
1577 2874 1644 2926 de
1689 2877 1837 2926 Naxo
1878 2877 1984 2944 egit
2018 2878 2267 2930 Claeoe'seul-

1257 2954 1508 3020 Gousfi’er,
1555 2957 1759 3025 Voyage
1788 2960 2082 3026 pistoresque
2122 2959 2181 3007 tle
2219 2962 2265 3009 lu

1255 3034 1441 3097 Grec-e,
1468 3034 1662 3086 Cabier
1690 3037 1732 3084 l.

1335 3115 1424 3174 54.
1455 3115 1662 3165 Furores
1689 3114 1755 3165 de
1785 3116 2082 3186 quibusque
2110 3119 2266 3168 velie·

1250 3194 1597 3245 nientioribus
1614 3195 1776 3246 animi
1798 3197 2266 3260 commotionibus,

1249 3273 1516 3343 praecipue
1558 3292 1619 3323 ex
1665 3286 1856 3344 magno
1899 3292 2075 3327 amore
2118 3278 2264 3329 ortis.

1250 3353 1334 3405 Cf.
1359 3372 1411 3404 v.
1441 3360 1540 3420 94,
1567 3352 1674 3406 vid.
1713 3355 1771 3405 C.
1813 3356 1985 3406 Barth.
2017 3355 2080 3407 ad
2115 3357 2264 3409 Grat.

1249 3433 1451 3503 Cyneg.
1487 3453 1539 3484 v.
1583 3436 1718 3498 284,
1763 3430 1815 3486 et
1860 3437 1956 3485 l'ir
1988 3438 2172 3487 Doctus
2210 3438 2262 3489 iu

1250 3513 1545 3564 Observatt.
1564 3513 1782 3566 Miscell.
1806 3528 1931 3567 tom.
1955 3517 2036 3577 II,
2057 3530 2110 3587 p.
2134 3520 2264 3579 234.

1248 3625 1328 3633 —-
1349 3594 1611 3644 Indomitos
1630 3635 1643 3655 ‚
1667 3614 1893 3665 quorum
1922 3596 1999 3647 vis
2022 3610 2072 3647 et
2098 3598 2268 3668 impe-

1247 3684 1330 3722 tus
1355 3674 1501 3723 nulla
1526 3674 1729 3725 ratione
1753 3676 2012 3743 supprimi
2044 3690 2093 3726 et
2118 3695 2266 3728 coer-

1249 3751 1356 3802 ceri
1408 3766 1577 3823 potest
1617 3773 1629 3804 :
1677 3755 1913 3824 exempla
1967 3774 2047 3824 su}
2069 3754 2269 3825 peditat

1249 3832 1518 3885 Burmann.
1561 3832 1627 3884 ad
1659 3832 1817 3885 Ovid.
1858 3835 1969 3884 Art.
2001 3836 2121 3885 Am.
2150 3835 2234 3886 ΙΙΙ
2254 3876 2267 3899 ,

1257 3912 1322 3963 51
1341 3931 1386 3964 1.
1411 3944 1488 3953 —
1522 3914 1740 3984 Egregie
1773 3913 2080 3965 incitatione
2114 3916 2275 3984 hujus

1254 4010 1432 4043 versus
1461 3991 1871 4063 praecedentium
1903 3995 2158 4046 moestitioe
2185 4016 2278 4065 op-

1257 4073 1422 4141 posita
1456 4085 1599 4125 vates
1631 4074 2080 4143 perturbationem
2117 4075 2278 4127 simul

1776 4180 1860 4248 16
