2986 4935
517 444 795 512 AETAS
850 445 984 512 IV.
1042 443 1874 514 SCALIGERIANA.
2098 451 2251 544 [249

207 577 432 648 1608.
488 580 587 646 Jo.
654 581 1046 645 Pasa-eram·
1100 578 1506 647 Commentt.
1565 578 1631 644 in
1673 580 1821 645 Cat.
1854 578 1996 646 Tib.
2056 581 2251 676 Prop.

66 687 307 766 PariS‚
345 709 451 777 ap.
493 681 590 753 Cl.
640 682 1032 765 Morellum‚
1078 681 1187 755 fol.
1224 719 1329 731 —
1357 685 1862 752 Praemittuntur
1905 686 2040 778 ipsa
2087 713 2253 780 poe-

75 807 325 860 tarum
364 790 569 858 verba
609 815 688 857 ex
733 787 968 884 Scalig.
1014 814 1260 857 recens.
1297 790 1680 881 Sequuntur
1715 794 2060 879 Passeratii
2104 820 2259 887 prze-

74 897 419 966 lectiones
462 922 574 965 seu
616 911 807 965 notae.

220 1028 244 1072 1
267 1001 448 1073 608.
493 1006 669 1097 Opp.
713 1005 857 1071 Cat.
887 1003 1030 1069 Tib.
1079 1005 1272 1096 Prop.
1308 1017 1374 1070 et
1410 1005 1616 1071 Corn.
1651 1002 1855 1087 Galli,
1885 1008 2021 1074 sive
2055 1008 2262 1075 Maxi-

82 1111 314 1179 miani
356 1110 596 1204 potius.
648 1111 820 1178 Cum
871 1109 1086 1176 indice
1128 1111 1359 1177 Horat.
1394 1108 1822 1177 Tuscanellae.
1875 1111 2095 1182 Editio
2147 1138 2263 1181 au-

87 1220 281 1288 ctior
337 1219 607 1310 insuper
664 1215 1011 1309 poematiis
1067 1213 1354 1308 aliquot,
1403 1240 1550 1308 quae
1607 1241 1761 1284 vere
1814 1218 2017 1286 Corn.
2066 1218 2263 1288 Galli.

95 1325 471 1405 Hanoviae,
515 1324 685 1416 typis
731 1319 1026 1390 Wechel.
1070 1346 1172 1414 ap.
1220 1320 1321 1389 Cl.
1365 1323 1698 1389 Marnium
1732 1337 1798 1389 et
1835 1324 1970 1392 her.
2004 1329 2105 1394 J0.
2142 1329 2270 1394 Au·

94 1431 272 1515 brii,
335 1430 401 1497 8.
443 1464 540 1473 --
583 1432 702 1496 Est
753 1429 1057 1523 repetitio
1112 1430 1409 1521 pessimae
1460 1427 1655 1496 Basil.
1718 1427 1950 1513 1530,
1993 1458 2049 1501 c.
2103 1435 2266 1501 Hor.

93 1533 519 1605 Tuscanellae
564 1536 794 1602 indice.

236 1641 456 1711 1610.
499 1645 598 1710 Ex
633 1641 774 1709 Tib.
809 1656 874 1708 ct
914 1644 1107 1734 Prop.
1158 1640 1429 1734 Elegiae,
1467 1666 1547 1708 ex
1589 1642 1884 1729 Catullo,
1929 1645 2272 1727 Martiale,

105 1750 417 1819 Ausonio
453 1746 723 1841 aliisque
755 1746 1191 1840 scriptoribus
1220 1763 1359 1815 tum
1401 1750 1687 1840 antiquis
1726 1764 1864 1816 tum
1899 1753 2274 1820 recentibus

105 1858 622 1950 Epigrammata
650 1855 893 1923 selecta
917 1868 982 1921 et
1007 1857 1487 1921 commentario
1517 1855 1903 1923 brevissime
1930 1855 2271 1927 illustrata.

107 1961 439 2047 Cadomi,
486 1958 599 2030 16.
630 2000 732 2011 --
764 1963 919 2029 Νο11
961 1961 1169 2053 magis
1212 1961 1276 2027 in
1318 1984 1589 2026 censum
1623 1963 1847 2041 venit,
1891 1986 2087 2054 quam
2130 1989 2275 2057 qua?

114 2070 456 2162 sequitur,
488 2068 932 2160 impressionis
976 2081 1230 2134 tantum
1274 2065 1421 2135 loco
1466 2065 1812 2133 notabilis:

247 2173 465 2245 1611.
507 2176 653 2242 Cat.
678 2175 821 2241 Tib.
868 2189 934 2241 et
975 2176 1169 2266 Prop.
1219 2198 1391 2239 nova
1437 2172 1591 2239 edit.
1637 2172 1718 2238 ad
1762 2175 1894 2241 Jos.
1944 2178 2286 2270 Scaliger!

116 2280 660 2352 emendationem
700 2295 1008 2348 accurate
1044 2279 1493 2347 conformata:
1518 2279 1643 2345 nisi
1676 2279 1853 2372 quod
1884 2282 1992 2374 qui
2031 2283 2098 2348 in
2133 2286 2260 2351 Sca

120 2388 447 2484 ligeriana
481 2387 582 2454 ed.
623 2385 1166 2455 desiderabantur
1199 2387 1771 2481 Epigrammatum
1819 2402 1886 2454 et
1921 2385 2277 2484 elegiarum

120 2493 333 2579 tituli,
362 2494 471 2563 hic
502 2493 767 2561 aliunde
797 2493 1145 2587 diligenter
1176 2508 1332 2560 sunt
1360 2492 1664 2587 suppleti.
1705 2494 1865 2561 Add.
1901 2494 2276 2589 Elegiarum

125 2599 425 2680 libellus,
460 2602 572 2694 qui
609 2602 813 2669 Corn.
857 2599 1051 2669 Gallo
1090 2598 1289 2692 vulgo
1327 2598 1741 2668 adscribitur.
1785 2604 2169 2693 Brageraci‚
2212 2605 2276 2674 8.

258 2706 470 2777 1618.
503 2709 649 2775 Jani
684 2707 1035 2774 (Jebharcli
1059 2708 1124 2772 in
1158 2708 1301 2773 Cat.
1321 2706 1467 2772 Tib.
1502 2721 1567 2773 et
1590 2709 1784 2799 Prop.
1813 2708 2280 2778 animadverSS.

131 2841 195 2884 c.
228 2817 287 2883 J.
330 2816 665 2908 Meleagri
701 2816 767 2880 in
809 2813 950 2881 Val.
997 2817 1140 2880 Cat.
1183 2809 1570 2905 SpicilegiO,
1605 2817 1860 2879 Hanov.
1900 2816 1963 2882 8.

265 2918 474 3015 1619.
546 2923 695 2990 Cat.
732 2920 878 2987 Tib.
952 2923 1144 3013 Prop.
1203 2943 1353 2987 cum
1414 2917 1586 2986 Galli
1646 2918 1947 3012 fragmm.
2009 2922 2280 2990 Amstel.

134 3032 411 3098 Janson.
452 3031 567 3112 24.

266 3132 479 3202 1621.
538 3136 687 3202 Cat.
713 3133 854 3200 Tib.
918 3136 1113 3225 Prop.
1161 3157 1312 3199 cum
1351 3136 1408 3198 J.
1459 3135 1744 3199 Livineii
1791 3134 1961 3201 notis
2005 3135 2288 3203 antehac

139 3239 403 3311 ineditis
439 3275 546 3288 —
580 3266 701 3307 nec
758 3264 887 3306 non
943 3239 1358 3306 uberioribus
1410 3239 1559 3304 Jani
1607 3238 1958 3307 Geblzardi
1994 3243 2290 3310 animad-

142 3371 354 3416 verss.
414 3370 565 3413 cum
612 3350 668 3412 J.
720 3347 1065 3438 lllc’leagm'
1112 3343 1485 3436 Spicilegio.
1531 3346 1612 3410 It.
1660 3361 1965 3437 poemata
2015 3347 2189 3415 Galli
2228 3365 2297 3420 et

146 3453 344 3523 index
380 3455 541 3520 Hor.
581 3450 1002 3520 Tuscanellae.
1043 3449 1346 3519 Francos.
1396 3476 1472 3517 ex
1525 3449 1702 3518 offic.
1739 3453 2034 3521 wechel.
2081 3455 2146 3522 8.
2193 3498 2297 3506 —-

150 3560 434 3630 Librarii
478 3558 813 3627 industriae
857 3557 1136 3626 debetur
1172 3558 1313 3626 liaec
1358 3557 1458 3623 ed.
1502 3582 1637 3623 non
1683 3560 1802 3624 viri
1859 3559 2037 3626 docti
2086 3586 2298 3636 curm.

151 3668 272 3736 etsi
305 3665 704 3734 Gebhardus
749 3665 1060 3758 praefatus
1104 3679 1220 3731 est.
1268 3668 1620 3731 Poetarum
1663 3666 1862 3731 verba
1901 3691 1981 3732 ex
2019 3668 2300 3758 pessima

156 3771 347 3844 Basil.
406 3769 639 3853 1530,
689 3787 804 3838 aut
847 3797 925 3839 ex
962 3773 1049 3834 W
1054 3770 1279 3838 ecliell.
1320 3772 1657 3863 superiore
1717 3771 1947 3854 1608,
1994 3798 2328 3864 expressa*

159 3895 330 3949 sunt.
363 3919 468 3928 -——
497 3881 599 3946 J0.
640 3879 919 3946 Livineii
974 3893 1162 3946 notas
1208 3876 1352 3944 eod.
1401 3900 1615 3957 1111110,
1659 3893 1725 3944 et
1766 3880 1912 3944 Jani
1961 3880 2300 3946 Gebhardi

160 3984 633 4056 animadverss.
675 4001 916 4078 quarto
960 4000 1113 4052 ante
1162 4008 1338 4050 anno
1390 4007 1681 4051 scorsum
1732 3983 1976 4060 (editas,
2026 4010 2201 4052 1111111·
2242 3987 2303 4052 in

164 4118 368 4160 unum
407 4091 718 4160 volumen
759 4092 1006 4182 redegit
1050 4091 1355 4158 librarius
1395 4090 1792 4182 redemptor.

1795 4248 1888 4311 '20
