2986 4935
609 462 747 535 156

1728 331 1765 382 l

1122 467 1666 534 C.VALER11
1723 468 2190 535 CATULLI

909 598 1020 663 Dii
1063 598 1319 689 magni,
1362 596 1751 691 salaputium
1796 594 2149 667 disertum*
2709 631 2731 666 5

592 778 962 851 primmdum,
982 791 1235 831 notarunt
1253 792 1304 832 et
1324 780 1503 832 multis
1526 798 1614 831 ex-

596 858 785 929 emplis
828 858 1160 911 illustrarunt
1199 860 1309 911 Nec.
1343 860 1514 911 Heius.
1562 871 1613 910 et

597 939 900 990 Bur-manuus
927 936 992 989 ad
1018 938 1230 990 Petrou.
1257 939 1371 992 XL,

678 1017 729 1070 5.
757 1017 865 1069 Alii
882 1017 1189 1087 salaputium,
1215 1018 1296 1069 vel
1316 1018 1608 1087 saliputium,

595 1097 677 1148 vel
697 1097 1003 1166 salapusium,
1023 1097 1103 1148 vel
1122 1100 1418 1167 sapientium,
1435 1099 1520 1148 vel
1537 1117 1612 1147 sa·

596 1177 868 1245 lapichium,
887 1176 969 1227 vel
988 1176 1296 1246 solopugium,
1322 1178 1404 1228 vel
1423 1178 1614 1245 salicip·

592 1260 726 1324 pium
740 1293 755 1316 ,
785 1256 869 1308 vel
899 1256 1212 1325 sullicippium
1227 1294 1243 1316 ,
1279 1257 1360 1308 vel
1385 1257 1609 1326 salapan-

600 1338 742 1398 tium,
774 1335 854 1385 vel
882 1336 1205 1405 holopaclu'um
1221 1377 1234 1398 ,
1263 1338 1343 1388 vel
1372 1336 1614 1405 ascolapa·

599 1418 727 1475 tion,
760 1416 841 1466 vel
865 1415 1158 1477 colabotion‚
1193 1415 1508 1467 vel—ohe!
1539 1428 1615 1466 sat

597 1506 749 1564 prata
767 1493 1044 1545 biberunt!
1067 1494 1233 1546 tollite
1248 1512 1431 1546 manus
1449 1506 1499 1547 et
1522 1494 1613 1546 ad·

598 1572 864 1625 miramini
905 1572 1098 1625 diserta
1137 1574 1441 1626 criticorum
1485 1575 1612 1626 sala·

602 1654 747 1723 putia
765 1654 777 1703 Ξ
798 1653 837 1703 !!
859 1683 939 1695 —-
958 1655 1045 1703 Dii
1057 1658 1234 1721 magni.
1253 1653 1333 1705 Cf.
1351 1652 1416 1704 ad
1437 1655 1612 1706 Carm.

600 1732 753 1797 XIV,
798 1752 818 1784 1
836 1752 886 1784 2.
928 1731 1227 1801 Salaputium
1269 1733 1508 1783 disertum.
1553 1734 1612 1784 In

598 1810 963 1864 constituenda
987 1813 1132 1864 vocis
1163 1812 1383 1864 insolitae
1415 1826 1466 1864 et
1492 1832 1615 1864 nus-

598 1892 740 1961 piam
782 1889 926 1959 apud
967 1904 1179 1942 caeteros
1213 1891 1495 1962 scriptores
1527 1912 1613 1944 oc·

597 1971 856 2021 currentis
882 1971 1104 2022 lectione
1125 1971 1430 2041 salaputium,
1455 1991 1513 2023 su
1523 1990 1613 2040 pe·

597 2069 711 2102 rare
736 2050 843 2101 fere
865 2069 917 2100 se
946 2050 1170 2101 invicem
1194 2050 1506 2102 studuerunt
1533 2052 1611 2101 in·

598 2142 846 2200 terpretes
876 2129 1087 2198 argutiis
1114 2142 1163 2181 et
1191 2129 1450 2201 figmentis
1481 2130 1614 2199 lepi-

601 2207 854 2269 dissimis,
904 2228 1131 2278 quorum
1175 2210 1320 2261 novis
1352 2210 1529 2278 figuris
1565 2221 1614 2259 et

600 2288 777 2339 facetis
813 2288 1127 2357 imaginibus
1167 2307 1271 2338 uno
1307 2290 1528 2347 obtutu,
1576 2289 1614 2338 si

598 2367 771 2428 lubet,
799 2367 979 2418 oculos
1013 2379 1127 2418 tuos
1160 2385 1366 2436 pascere
1389 2380 1535 2437 potes
1561 2368 1613 2418 in

601 2447 726 2498 Var.
755 2446 896 2498 Lect.
928 2444 1089 2510 Quod
1129 2465 1225 2516 pro
1265 2465 1322 2498 re
1360 2465 1450 2498 sua
1490 2465 1613 2515 pro·

602 2523 880 2596 pugnanda
900 2524 1118 2594 quisque
1139 2526 1383 2589 attulerit,
1404 2544 1500 2575 nec
1520 2545 1613 2577 an-

601 2604 734 2674 gusti
765 2604 956 2656 chartae
981 2602 1111 2655 fines
1133 2606 1345 2673 capiunt
1361 2644 1375 2668 ‚
1401 2624 1519 2666 nec,
1558 2619 1615 2657 ut

600 2681 928 2734 recensendis
945 2681 1026 2733 vel
1049 2681 1333 2734 refutandis
1358 2683 1615 2752 ejusmodi

601 2780 746 2813 vanae
766 2760 1014 2813 doctrinae
1034 2763 1406 2831 speciminibus
1431 2764 1616 2814 immo-

601 2861 686 2894 rer
701 2880 716 2906 ,
741 2843 807 2893 ab
829 2840 1038 2910 ingenio
1061 2860 1177 2893 meo
1198 2843 1474 2911 impetrare
1497 2862 1614 2912 pos-

599 2940 735 2973 sum.
781 2920 967 2972 Omnis
1013 2920 1076 2971 lis
1120 2921 1369 2992 componi
1414 2935 1615 2991 poterat

598 3001 718 3052 loco
745 3000 950 3052 Senecae
976 3001 1226 3052 Controv.
1250 3002 1362 3064 111,
1394 3019 1459 3069 ¹9
1483 3039 1498 3062 ,
1525 3001 1614 3053 ubi

602 3078 669 3131 de
693 3078 878 3132 eodem
901 3080 1098 3132 Calvo:
1133 3106 1153 3125 ι
1178 3080 1300 3132 Erat
1328 3080 1467 3130 enim
1497 3100 1614 3150 par-

601 3161 754 3211 vulus
785 3170 972 3211 statura
991 3198 1005 3222 ,
1039 3173 1254 3229 propter
1281 3157 1426 3230 quod
1460 3161 1614 3211 etiam

604 3239 839 3291 Catullus
887 3239 940 3290 in
983 3237 1425 3307 hendecasyllabis
1467 3251 1617 3290 vocat

599 3319 748 3368 illum
801 3318 1089 3387 salaputium
1145 3319 1368 3369 disertum
1389 3338 1408 3378 ,⁰
1438 3344 1458 3362 ι·
1526 3317 1615 3369 sed

602 3410 654 3448 et
705 3396 778 3446 ibi
840 3395 960 3446 libri
1019 3397 1257 3460 turbant,
1325 3409 1374 3447 et
1434 3394 1614 3448 eadem

603 3475 708 3526 fere
742 3475 794 3525 in
827 3474 1032 3527 Senecae
1060 3476 1179 3526 loco
1202 3475 1521 3545 conspicitur
1543 3477 1616 3527 le·

601 3554 785 3605 ctionis
809 3554 1039 3607 varietas.
1069 3555 1353 3624 Aequiesco
1379 3554 1537 3623 igitur
1563 3556 1615 3607 in

1698 780 1923 832 lectione
1944 781 2227 849 salaputium
2245 819 2259 840 ,
2296 796 2456 848 quam
2487 778 2734 848 optimo-

1699 878 1819 911 rum
1865 871 1968 911 tam
2010 860 2220 912 Senecae
2244 895 2260 919 ,
2304 874 2461 927 quam
2504 858 2731 922 Catulli,

1701 939 1890 1008 quibus
1915 957 1968 990 se
1994 957 2146 990 usum
2167 956 2272 990 esse
2290 936 2548 1000 affirmat,
2568 936 2729 989 codi-

1701 1035 1821 1069 cum
1850 1019 2153 1070 auctoritate
2181 1014 2418 1069 defendit
2441 1028 2492 1067 et
2510 1014 2727 1069 erudite

1702 1095 1768 1147 de
1786 1097 1889 1148 hoc
1914 1097 2032 1148 loco
2057 1095 2285 1166 disputat
2302 1095 2520 1163 Scaliger
2534 1093 2602 1147 ad
2622 1097 2730 1148 Ca·

1702 1176 1788 1227 tal.
1824 1175 1967 1227 Poet.
1998 1177 2109 1239 ΙΙΙ,
2138 1176 2316 1247 Epigr.
2353 1175 2461 1227 238
2480 1213 2497 1238 ‚
2525 1175 2582 1227 in
2610 1178 2728 1227 An—

1702 1255 1897 1324 tholog.
1935 1252 2182 1307 Burman.
2219 1251 2445 1308 Secund.
2476 1255 2630 1306 Tom.
2678 1257 2727 1320 1,

1702 1354 1754 1403 p.
1779 1338 1912 1402 676.
1938 1335 2091 1386 Putat
2108 1347 2280 1387 autem
2302 1333 2557 1403 Scaliger,
2586 1335 2726 1385 sala-

1698 1418 1882 1483 putium
1929 1432 2035 1465 esse
2084 1415 2347 1466 nutricum
2396 1415 2725 1483 ὑποκορισμὸν

1706 1507 1925 1546 tractum
1951 1512 1980 1546 a
1999 1506 2143 1561 putus
2167 1495 2248 1546 vel
2269 1513 2445 1563 pasus,
2480 1483 2725 1561 [πόσθων,

1704 1572 1844 1623 unde
1882 1573 2197 1641 praeputium
2233 1567 2328 1636 est]
2367 1590 2397 1624 a
2430 1590 2534 1641 qua
2570 1586 2727 1641 parte

1704 1670 1825 1703 suos
1872 1652 2110 1703 alumnos
2156 1670 2251 1722 per
2300 1652 2561 1704 lasciviam
2611 1670 2727 1704 non

1705 1729 1865 1783 modo
1915 1742 2056 1800 putas
2102 1730 2193 1783 sed
2240 1730 2395 1782 etiam
2444 1731 2692 1799 salaputia
2708 1772 2721 1793 ,

1705 1810 1847 1880 quasi
1890 1823 1946 1860 tu
1988 1811 2166 1861 salaces
2202 1811 2381 1860 caudas
2414 1808 2583 1873 dicas,
2623 1828 2727 1881 ap-

1706 1889 1960 1958 pellarint.
1992 1923 2071 1932 —-
2100 1888 2470 1959 Quodcunque
2502 1886 2727 1941 demum

1704 1969 1793 2032 sit,
1820 1969 1900 2020 vel
1922 1987 1984 2019 ex
2005 1987 2324 2039 quocunque
2343 1966 2553 2019 tandem
2577 1967 2730 2020 fonte

1705 2047 1839 2099 hanc
1869 2049 2270 2118 appellationem
2303 2048 2536 2099 haustam
2564 2060 2727 2117 puta-

1705 2129 1868 2189 veris,
1900 2126 2145 2179 videntur
2175 2139 2312 2178 certe
2341 2126 2561 2177 Romani
2590 2145 2727 2177 voce

1703 2207 1986 2275 salaputium
2009 2207 2087 2259 vel
2114 2207 2235 2258 huic
2262 2205 2520 2256 simillima
2537 2244 2553 2268 ‚
2572 2207 2730 2275 cujus

1704 2286 1952 2355 optiotibi
1973 2285 2126 2338 datur
2141 2287 2190 2337 in
2209 2286 2336 2336 Var.
2356 2286 2519 2345 Lect.,
2540 2284 2595 2335 in
2611 2285 2727 2336 vita

1704 2367 1972 2417 communi
1999 2366 2079 2418 vel
2108 2363 2437 2417 conviciandi
2456 2364 2536 2415 vel
2570 2364 2728 2415 blan·

1704 2442 1883 2497 dieudi
1913 2457 1963 2497 et
1986 2443 2197 2516 jocandi
2217 2461 2367 2497 causa
2387 2444 2613 2495 korninem
2628 2462 2733 2513 pu-

1702 2525 1859 2576 sillam
1909 2523 2174 2577 denotasse
2197 2563 2212 2587 ‚
2272 2521 2729 2593 quemadmodum

1706 2604 1812 2655 fere
1837 2605 2109 2675 plebecula
2135 2601 2278 2675 apud
2310 2622 2405 2654 nos
2430 2604 2484 2654 in
2508 2603 2733 2672 quibus-

1704 2681 1827 2734 dam
1878 2682 2177 2753 regionibus
2224 2684 2449 2733 homiaem
2491 2683 2730 2751 pusillum

1704 2782 1891 2815 vocare
1911 2763 2041 2815 solet
2057 2769 2189 2814 cireen
2209 2763 2387 2813 kleincn
2408 2763 2549 2824 Puts,
2573 2760 2729 2832 quod

1705 2842 1875 2911 ipsum
1899 2842 2108 2894 fortasse
2127 2862 2155 2893 a
2179 2843 2330 2894 Putas
2351 2842 2430 2892 vel
2448 2861 2595 2911 pasus
2615 2854 2728 2893 tra·

1705 2935 1845 2973 ctum
1892 2934 1981 2973 est.
2043 2921 2232 2973 Sensus
2283 2920 2440 2990 igitur
2489 2933 2564 2972 est
2595 2939 2607 2973 :
2652 2922 2727 2972 Di

1707 3001 1875 3070 magni
1894 3038 1910 3065 ‚
1945 3014 2139 3070 quanta
2173 3000 2467 3071 eloquentia
2501 3000 2623 3050 latet
2668 3001 2727 3051 in

1704 3081 1806 3132 hoc
1831 3079 2020 3150 pusillo
2040 3080 2350 3151 corpusculo
2370 3079 2543 3130 !--At
2559 3078 2729 3131 hebe-

1706 3171 1843 3211 tatur
1869 3178 2118 3223 acumen,
2146 3160 2189 3211 si
2220 3159 2402 3210 tritum
2436 3159 2733 3228 plebeculae

1706 3239 1923 3289 verbum
1945 3257 2006 3290 ex
2030 3239 2262 3290 oratione
2280 3237 2520 3290 detrahas
2535 3275 2549 3295 ,
2576 3238 2731 3308 quod

1704 3316 1888 3369 rudem
1927 3317 2236 3388 eloquentiae
2276 3315 2485 3373 laudem
2522 3317 2733 3388 politis-

1705 3397 1830 3448 sima
1858 3398 2041 3466 quavis
2077 3398 2174 3448 alia
2204 3398 2366 3449 Calvo
2400 3403 2571 3449 forsan
2606 3416 2734 3467 gra-

1706 3476 1890 3527 tiorem
1908 3514 1923 3539 ,
1960 3474 2051 3527 sed
2094 3475 2537 3529 vehementiorem
2585 3490 2737 3530 certe

1711 3556 1931 3624 praefert.
1958 3556 2025 3608 N,
