2986 4935
736 374 886 445 260

1258 379 1333 444 C.
1369 379 1818 477 VALERII
1861 382 2323 450 CATULLI

845 513 985 576 Huc
1021 508 1154 576 huc
1190 508 1573 595 adventate‚
1611 537 1790 580 meas
1828 514 2047 582 audite
2083 514 2412 608 querelas,
2773 550 2832 596 ..κ

837 617 1022 702 Quas
1059 640 1218 707 eg0‚
1250 642 1346 684 vae
1384 614 1663 686 miseroe!
1707 622 2014 687 extremis
2053 621 2352 714 proferre
2391 623 2684 691 medullis

839 728 1064 813 Cogor
1107 723 1334 814 inops,
1372 723 1642 806 areleffi,
1679 727 1922 793 amenti
1960 751 2130 793 caeca
2169 726 2414 795 furore.

838 830 1004 913 Quae
1048 828 1357 919 quoniam
1401 854 1556 895 vere
1604 844 1966 898 nascuntur
2004 846 2271 924 pectore
2311 834 2395 901 ab
2442 836 2613 920 ime,

843 936 979 999 Vos
1024 932 1224 999 nolite
1267 935 1397 1025 pati
1438 949 1736 1003 nostrum
1783 961 2131 1005 vanescere
2175 937 2464 1022 luctum;

839 1038 962 1106 Sed
1001 1035 1174 1130 quali
1210 1037 1412 1104 solam
1450 1041 1743 1109 Theseus
1785 1067 1889 1109 me
1928 1058 2147 1111 mente
2191 1042 2493 1138 reliquit,

838 1143 975 1209 Tali
1023 1158 1241 1210 mente
1267 1197 1282 1222 ,
1321 1147 1514 1226 Doae,
1556 1146 1838 1215 funestet
1874 1173 2070 1242 seque
2108 1175 2409 1243 suosque.
2449 1182 2482 1214 υ

946 1253 1080 1314 Has
1123 1263 1467 1341 postquam
1517 1267 1750 1320 moesto
1793 1255 2087 1347 profudit
2127 1272 2392 1349 pectore
2435 1284 2660 1341 voces,

840 1353 1244 1447 Supplicium
1286 1358 1470 1424 saevis
1508 1383 1866 1451 exposcens
1904 1364 2094 1429 anxia
2135 1361 2355 1448 factis;

842 1464 1088 1526 Annuit
1126 1462 1368 1528 invicto
1405 1462 1731 1531 caelestum
1773 1469 2041 1534 numine
2081 1483 2330 1550 rector,

734 1651 888 1701 faciat
939 1648 1107 1700 efflari
1132 1686 1147 1710 ‚
1197 1649 1459 1700 existimo'
1484 1650 1585 1702 hoc
1634 1654 1751 1704 loco

734 1730 1003 1799 epitheton
1043 1730 1330 1795 exspirantes
1365 1728 1518 1797 plane
1547 1749 1651 1781 esse
1687 1730 1753 1782 ad

738 1811 999 1878 effigiem,
1030 1821 1083 1859 ut
1113 1820 1378 1859 aestuantes
1400 1808 1531 1859 iras»
1557 1829 1571 1872 ;
1601 1811 1753 1880 graeci

739 1887 981 1939 dicebant
1005 1888 1264 1957 θυμαίνειν.
1291 1888 1353 1937 N.

828 1969 952 2034 195.
1001 1968 1111 2017 Huc
1166 1967 1255 2015 leuc
1307 1966 1556 2018 ads-emate
1580 2007 1592 2028 ,
1656 1981 1752 2020 etc.

740 2048 895 2098 Conf.
923 2065 1164 2115 suprema
1202 2043 1369 2096 Didus
1413 2046 1754 2114 imprecatio,

738 2129 886 2195 cujus
927 2145 991 2176 ex
1026 2125 1256 2177 Ariadne
1288 2126 1585 2194 exemplum
1616 2145 1757 2178 sum-

741 2219 890 2277 ptum
921 2218 1010 2256 est.
1042 2205 1101 2253 In
1134 2205 1220 2254 illa
1247 2218 1522 2272 augustum
1558 2205 1757 2274 aliquid

746 2287 907 2354 magis
934 2284 1199 2352 magisque
1230 2282 1453 2333 sublime
1470 2323 1483 2346 ‚
1508 2283 1649 2352 quod
1679 2285 1756 2335 lu·

743 2378 884 2415 ctum
917 2365 1108 2431 reginoe
1152 2360 1359 2424 deceat,
1389 2362 1543 2422 inest,
1580 2361 1633 2413 in
1662 2363 1759 2415 hac

742 2444 970 2513 impetus
1013 2440 1211 2492 doloris
1257 2441 1441 2492 acrior.
1497 2442 1757 2495 Caeterum

745 2537 944 2582 notare,
958 2535 1016 2573 ut
1034 2521 1245 2589 opinor,
1270 2539 1371 2569 nou
1397 2539 1531 2589 opus
1552 2535 1627 2573 est
1644 2542 1758 2592 quae

746 2600 973 2671 Virgilio
997 2612 1231 2650 mutuata
1252 2618 1312 2649 ex
1334 2616 1427 2647 vSS.
1457 2601 1520 2650 13
1537 2620 1560 2649 ιι
1585 2640 1597 2661 ,
1625 2620 1643 2652 1
1662 2610 1759 2668 49-

756 2683 880 2747 157,
928 2680 1175 2745 171-185
1201 2715 1215 2739 ‚
1254 2677 1471 2746 quisque
1509 2698 1604 2729 nec
1643 2699 1757 2732 mo·

747 2761 885 2810 nitus
911 2756 1361 2809 animadverteret.
1394 2757 1539 2827 Piget
1563 2760 1759 2811 referre

747 2850 1001 2908 quantum
1053 2835 1277 2888 Ovidius
1313 2836 1508 2904 ingenii
1556 2837 1759 2891 luxuria

748 2917 1023 2968 sententias
1041 2916 1585 2978 Catullienervaverit‚
1608 2919 1756 2986 epist.

750 3001 811 3048 Ax
827 2996 927 3048 iad.
953 2996 1108 3048 Thes.
1130 3017 1180 3049 v,
1211 3003 1277 3064 47
1295 3033 1310 3056 ,
1337 2997 1539 3063 57-66,
1566 3009 1664 3048 etc.
1691 3000 1757 3050 N.

834 3095 853 3127 1
868 3080 958 3143 96.
981 3077 1116 3142 Quas
1136 3096 1224 3144 ego
1245 3095 1366 3125 nuuc
1391 3079 1556 3125 misera
1569 3076 1757 3129 Venet.

744 3157 954 3226 Gryph.
996 3156 1187 3206 Muret.
1216 3188 1291 3195 —
1327 3156 1461 3221 Quas
1510 3174 1599 3222 ego
1642 3165 1760 3208 vce!

744 3241 910 3285 misera
972 3235 1027 3285 in
1077 3232 1408 3303 quibusdam.
1452 3266 1529 3275 --
1583 3235 1758 3287 Extre-

741 3319 824 3365 mis
850 3328 903 3364 ut
925 3313 1243 3363 locutionem
1270 3311 1538 3364 duriorem
1559 3327 1608 3364 et
1629 3315 1760 3366 inso-

742 3394 1013 3444 lentiorem
1073 3389 1285 3441 damnat
1330 3391 1559 3460 Vulpius
1589 3431 1604 3456 ‚
1662 3413 1758 3463 pro

738 3492 839 3541 qua
872 3470 1186 3522 substituere
1218 3483 1379 3521 tentat
1412 3491 1471 3519 ea:
1504 3474 1641 3532 ιἰηιὶς,ο
1670 3472 1759 3525 sed

737 3553 872 3603 lianc
891 3548 1077 3619 Vulpii
1106 3548 1381 3601 lectionem
1406 3550 1476 3598 ob
1503 3550 1755 3619 ingratam

737 3628 970 3702 ejusdem
1045 3627 1324 3679 locutionis
1390 3629 1754 3698 repetitionem

737 3729 864 3761 vers.
902 3711 1024 3776 198,
1057 3707 1239 3777 majori
1278 3708 1490 3758 fortasse
1518 3712 1636 3777 jure
1663 3708 1752 3760 da·

732 3802 874 3841 mnet
916 3788 1063 3839 alius.
1097 3819 1173 3827 —
1204 3787 1447 3837 Exti-emis
1504 3788 1748 3851 medullis,

727 3868 779 3920 h.
815 3888 861 3919 e.
889 3867 1105 3918 intimis.
1141 3864 1298 3915 Ovid.
1336 3866 1463 3917 Her.
1513 3868 1617 3930 IV,
1647 3886 1749 3935 70:

736 3949 968 3999 «Acerin
1019 3962 1290 3996 lix-ramum
1357 3945 1560 3996 ossibus
1608 3947 1754 3999 haesit

720 4046 926 4081 amor.»
976 4026 1187 4077 Frustxa
1233 4024 1390 4093 igitur
1431 4025 1565 4077 hanc
1597 4027 1752 4079 lectio

1843 1674 1961 1706 nem
1995 1657 2240 1709 sollicitat
2256 1658 2419 1729 vulp.
2438 1658 2698 1714 Vid.var.
2717 1663 2844 1714 Lem.

1931 1754 2053 1803 197.
2085 1737 2228 1805 Inops
2249 1778 2262 1799 ,
2287 1738 2491 1790 consilii
2522 1759 2701 1810 egens,
2728 1761 2848 1811 ager

1844 1814 2022 1866 animi.
2050 1815 2131 1867 Cf.
2161 1816 2426 1870 But-mame.
2455 1817 2524 1870 ad
2550 1821 2669 1871 Val.
2689 1822 2846 1873 Flacr.

1845 1893 1953 1951 ΙΙΙ,
2010 1899 2140 1962 699.
2171 1927 2247 1935 —
2272 1897 2497 1957 ,dr-dens,
2547 1913 2762 1952 munus
2805 1917 2850 1952 et

1842 1973 2165 2040 perturbata.
2194 1975 2349 2028 Conf.
2382 1977 2518 2029 Care.
2551 1978 2619 2031 ad
2654 1981 2846 2032 Sallust.

1845 2050 2056 2103 Catilin.
2085 2055 2113 2104 5
2136 2091 2148 2115 ‚
2176 2049 2204 2113 S
2234 2060 2263 2115 15
2289 2094 2302 2119 ‚
2328 2075 2381 2126 p.
2410 2055 2503 2107 32.

1935 2148 1951 2179 ι
1967 2149 1996 2197 9
2006 2134 2037 2183 8
2046 2172 2056 2183 .
2073 2134 2216 2184 Verre
2227 2135 2331 2185 vul
2339 2155 2372 2204 p
2406 2149 2456 2187 et
2469 2136 2848 2190 alii—Adver-

1846 2208 1931 2259 bia
1965 2230 2069 2261 non
2103 2227 2407 2281 aspernatur
2437 2217 2679 2268 Catullus
2717 2237 2854 2269 more

1845 2306 2132 2355 graecorum
2157 2290 2262 2343 vid.
2297 2312 2342 2344 v,
2379 2299 2487 2347 266
2507 2335 2522 2360 ,
2551 2299 2684 2349 268.
2716 2298 2782 2349 N.

1935 2386 1951 2418 ι
1969 2387 2058 2435 99.
2098 2371 2359 2423 Vanescere
2411 2375 2590 2425 lacteam
2605 2417 2619 2439 ,
2657 2376 2850 2429 irritum

1846 2463 1951 2497 esse
1984 2459 2034 2498 et
2056 2449 2373 2519 impunitum
2406 2472 2638 2508 manere.

1931 2545 2056 2577 201.
2102 2531 2242 2592 Tali,
2294 2532 2596 2586 immemori
2640 2548 2692 2587 et
2728 2538 2850 2588 obli·

1847 2603 2005 2655 viosa.
2041 2607 2160 2660 Vid.
2192 2610 2286 2662 inf.
2313 2630 2360 2661 v.
2392 2616 2502 2673 248
2522 2651 2539 2676 ,
2566 2621 2702 2681 ²49·
2726 2617 2790 2667 N.

1932 2693 2059 2747 204.
2112 2689 2264 2739 Invito
2310 2695 2499 2742 numine
2553 2694 2611 2744 in
2660 2693 2854 2746 duobus

1848 2763 1995 2814 MSS.
2050 2765 2198 2820 Statii
2267 2782 2317 2819 et
2361 2769 2512 2822 libris
2559 2774 2854 2826 melioribus

1849 2842 2038 2894 Vossii.
2086 2846 2398 2916 Expressum
2448 2863 2630 2903 autem
2685 2866 2854 2921 putant

1846 2920 1978 2972 illud
2037 2924 2376 2978 Homericum
2433 2931 2554 2981 ἑκὼν
2616 2933 2850 3001 &mmm-ip

1847 3005 1979 3069 θυμῷ
1997 3021 2008 3051 :
2024 3003 2113 3055 sed
2129 3019 2304 3057 nostra
2323 3006 2476 3059 lectio
2490 3011 2686 3072 invicto,
2699 3030 2849 3081 quum

1849 3082 2051 3150 egregie
2069 3082 2398 3153 designandae
2411 3089 2439 3136 J
2444 3088 2562 3140 ovis
2579 3091 2824 3159 majestati
2837 3129 2851 3152 ,

1848 3177 1964 3229 quae
1987 3162 2038 3211 iu
2057 3165 2292 3215 versibus
2317 3168 2660 3235 sequentibus
2677 3169 2853 3221 descri-

1850 3238 2008 3302 bitur,
2070 3243 2461 3296 accommodata
2531 3247 2598 3298 sit
2624 3288 2640 3312 ‚
2710 3248 2851 3318 longe

1846 3317 1994 3369 alteri
2023 3321 2344 3390 praeferenda
2368 3323 2596 3377 videtur.
2615 3326 2744 3380 Vid.
2765 3329 2850 3380 inf.

1848 3396 2047 3465 Saepius
2069 3414 2241 3452 autem
2263 3401 2315 3453 in
2338 3403 2631 3457 scribendis
2647 3407 2854 3459 vocibus

1848 3479 2019 3527 invitus
2051 3492 2102 3530 et
2128 3482 2325 3531 invictus
2353 3482 2667 3537 aberrarunt
2703 3487 2850 3539 libra-

1845 3555 1911 3606 rii
1944 3595 1958 3618 ‚
2003 3569 2060 3608 ut
2118 3559 2396 3613 observant
2438 3563 2746 3616 Burmannus
2789 3565 2852 3618 nd

1844 3634 2005 3686 Rutil.
2036 3637 2157 3689 ltin.
2182 3658 2233 3689 v.
2266 3644 2366 3705 64,
2395 3654 2444 3692 et
2477 3643 2850 3696 Dmekenhomh.

1843 3711 1909 3764 ad
1954 3714 2069 3766 Liv.
2114 3731 2241 3769 tom.
2278 3720 2333 3782 1,
2369 3737 2421 3788 p.
2467 3722 2617 3786 330,
2646 3738 2696 3776 et
2731 3744 2856 3795 quos

1842 3792 1928 3844 ille
1951 3793 2130 3847 laudat
2159 3793 2224 3847 ad
2251 3796 2343 3850 Sil.
2374 3798 2491 3854 Ital.
2514 3802 2616 3867 IV,
2641 3806 2854 3873 679.—

1846 3873 2025 3924 ltm'ceo
2061 3875 2330 3944 epitheton
2374 3876 2442 3929 nd
2472 3894 2774 3949 potestatem
2809 3899 2856 3935 et

1841 3970 2102 4004 summum
2132 3955 2280 4006 Jovis
2302 3957 2590 4026 imperium
2613 3975 2854 4032 spectans.

1841 4028 1926 4082 Sic
1963 4032 2173 4102 Jupiter
2222 4038 2419 4088 invicem
2461 4053 2686 4094 vocatur
2724 4042 2856 4112 apud
