2986 4935
801 354 1232 421 CARMEN
1300 356 1579 420 mov.
2105 355 2247 449 257

256 488 366 558 Ille
404 503 620 558 autem
658 474 889 580 prope¹
898 486 1033 578 jam
1077 485 1304 553 mediis
1351 500 1650 555 versatur
1694 488 1758 554 in
1800 486 2027 569 undis,

157 586 161 590 ἢ
259 596 387 663 Nec
418 595 758 687 quisquam
790 591 1067 685 adparet
1102 615 1309 660 vacua
1346 578 1648 660 mortalis
1692 595 1759 660 in
1796 592 1964 687 alga.

255 703 354 772 Sic
396 700 583 768 nimis
623 696 938 766 insultans
974 712 1269 765 extremo
1315 713 1615 790 tempore
1661 723 1829 767 saeva

260 810 407 875 Fors
447 807 640 874 etiam
680 805 919 873 nostris
961 802 1191 872 invidit
1229 804 1567 896 questibus
1607 829 1816 873 aures.
2182 846 2253 887 ‚70

255 915 543 1007 Juppiter
579 912 1027 1004 oinnipoten5‚
1072 911 1322 977 utinam
1369 935 1451 977 ne
1497 925 1797 1004 tempore
1835 912 2048 1005 primo

258 1020 489 1088 Gnosia
527 1019 865 1110 Cecropiae
905 1016 1266 1109 tetigissent
1303 1013 1495 1083 litora
1533 1041 1815 1110 puppes3

258 1124 574 1192 Indomito
614 1147 735 1190 nec
772 1122 914 1190 dira
947 1121 1162 1190 ferens
1190 1122 1513 1215 stipendia
1547 1137 1737 1190 tauro

259 1230 537 1298 Perfidus
574 1232 638 1297 in
674 1231 939 1297 Cretam
976 1226 1312 1321 religasset
1343 1229 1564 1296 navita
1599 1229 1821 1297 funem
1861 1256 1874 1294 ε

257 1338 385 1405 Nec
424 1333 632 1403 malus
678 1335 824 1421 hic,
865 1332 1082 1401 celans
1126 1332 1299 1401 dulei
1346 1333 1636 1402 crudelia
1678 1335 1890 1403 forma

258 1441 566 1524 Consilia,
602 1443 670 1509 in
701 1441 939 1510 nostris
976 1442 1332 1532 requiesset
1366 1440 1628 1509 sedibus
1663 1439 1933 1534 hospes!

256 1551 412 1616 Nam
448 1573 583 1642 quo
617 1572 721 1615 me
758 1544 1079 1615 referam?
1113 1546 1286 1640 quali
1324 1572 1440 1639 spe
1480 1548 1733 1639 perdita
1769 1548 1979 1616 nitar?

257 1653 706 1723 Idomeniosne
745 1668 963 1746 petam
1003 1651 1298 1721 monte-s?
1333 1670 1399 1720 at
1436 1656 1697 1748 gurgite
1733 1653 1863 1722 lato

167 1863 383 1932 preditae,
400 1878 459 1918 ut
474 1864 619 1918 infra
631 1885 679 1916 v.
704 1871 830 1924 324.
849 1863 1045 1933 Magnis
1059 1869 1158 1914 vir·
1330 1884 1350 1916 1
1366 1869 1455 1932 76.
1505 1866 1761 1918 Consilium
1809 1873 1981 1919 nostris
2016 1875 2258 1940 quaesisset

171 1943 321 1995 tutibus
340 1965 548 2016 augens,
572 1945 638 1997 cf.
668 1945 732 1995 D.
760 1943 939 1995 Heius.
963 1942 1031 1995 ad
1058 1943 1150 1994 Sil.
1241 1943 1427 1995 sedibus
1456 1946 1618 2013 hospes
1647 1946 1833 1997 Venet.
1868 1947 1996 1999 Stat.
2031 1950 2250 2002 Cot-rad.

169 2021 265 2076 lul.
291 2025 391 2090 XI,
423 2024 535 2095 393
552 2062 568 2087 ,
604 2023 694 2080 ubi
737 2026 790 2075 τὸ
829 2042 1003 2091 “ligere
1032 2041 1153 2074 cum
1243 2055 1318 2063 —-
1348 2025 1406 2074 ln
1428 2028 1601 2075 nostris
1622 2029 1867 2094 requiesset
1883 2028 2068 2079 sedibus
2094 2031 2255 2100 hospes

168 2099 445 2157 Graecorum
497 2104 648 2171 ἀέξειν
702 2103 1058 2172 comparavit,
1106 2115 1155 2153 et
1244 2121 1340 2172 pro
1401 2103 1607 2172 vulgari
1659 2129 1678 2148 α
1713 2104 1939 2174 benigne
1986 2107 2039 2157 in
2094 2108 2255 2162 domo

169 2191 316 2235 totum
364 2184 547 2236 locum
601 2182 654 2234 in
722 2200 915 2251 grecos
979 2200 1157 2234 versus
1243 2195 1416 2234 nostra
1467 2195 1712 2251 acceptus
1756 2183 1929 2236 fuisset
1963 2187 2248 2257 hospitio.-

165 2262 417 2315 transtulit.
1244 2261 1545 2331 Requiescere
1573 2260 1639 2313 de
1667 2262 1986 2331 hospitibus,
2025 2282 2080 2318 ut
2109 2269 2255 2320 Grae-

239 2342 352 2395 168.
378 2343 435 2394 In
462 2353 578 2392 acea
602 2341 719 2393 Nic.
749 2340 929 2392 Heius.
963 2342 1018 2391 in
1044 2352 1153 2391 not.
1241 2358 1424 2392 corum
1451 2335 1615 2398 ἧσθαι.
1659 2340 1813 2393 Hom.
1855 2343 2045 2415 Odyss.
2086 2349 2217 2398 XIII
2243 2389 2255 2410 ,

162 2418 222 2473 ad
246 2421 427 2476 Catuli.
451 2433 514 2474 ut
531 2440 579 2472 v.
613 2424 698 2472 60.
1247 2417 1354 2471 223
1375 2459 1389 2481 ‚
1433 2439 1590 2492 quem
1646 2421 1821 2473 locum
1868 2425 1974 2492 jam
2026 2426 2257 2479 laudavit

241 2519 351 2570 170.
376 2502 505 2554 Fors
533 2504 676 2552 etiam
700 2511 849 2550 noser.
883 2499 1026 2550 invid.
1062 2500 1155 2549 Ni·
1247 2502 1449 2551 Lenzius
1469 2501 1525 2551 in
1549 2513 1658 2552 not.
1687 2500 1753 2553 ad
1783 2503 1836 2555 h.
1863 2503 1897 2555 l.

164 2578 229 2630 hil
272 2581 407 2634 enim
450 2580 653 2634 tristius
698 2593 854 2648 atque
894 2578 1120 2629 atrocius
1140 2616 1154 2637 ,
1333 2596 1455 2648 177.
1488 2581 1616 2630 Nam
1647 2601 1739 2651 quo
1770 2602 1839 2631 me
1874 2587 2090 2649 reseram.
2122 2589 2255 2639 Vos-

164 2677 304 2727 quam
330 2660 595 2712 neminem
627 2659 846 2720 habere,
874 2658 957 2708 eui
994 2658 1154 2708 animi
1243 2660 1348 2710 sius
1374 2658 1653 2711 commode
1691 2659 1868 2712 laudat
1898 2665 2083 2737 Eurip.
2111 2668 2257 2719 Med.

162 2735 803 2811 doloremaperiaS,quum
823 2737 1036 2788 unicum
1053 2738 1158 2787 fere
1250 2742 1354 2789 502
1389 2756 1400 2788 :
1436 2766 1456 2783 .
1489 2744 1587 2789 Νῦν
1623 2744 1707 2791 ποῖ
1742 2743 2041 2813 epti-meum,-
2074 2750 2258 2815 πότερα

165 2818 345 2870 miseris
378 2820 434 2871 in
476 2818 713 2888 alloquio
750 2816 962 2867 alterius
1005 2828 1161 2867 restet
1245 2819 1359 2885 πρὸς
1382 2824 1563 2886 πατρὸς
1584 2814 1786 2888 δόμους,
1805 2823 1900 2880 οὓς
1919 2843 1992 2875 σοι
2009 2822 2260 2894 προδοῦσα

164 2896 401 2951 solatium.
1246 2897 1326 2947 καὶ
1370 2898 1563 2964 πάτρα-ι
1609 2900 1875 2968 domiuum
1901 2928 1920 2945 ι-
1956 2904 2094 2955 Alias
2124 2909 2259 2975 ejus-

239 2995 356 3046 172.
392 2980 618 3047 Tetigiss.
657 2976 798 3026 litora
838 2994 985 3044 pupp.
1031 2974 1158 3024 Imi-
1246 2974 1389 3027 modi
1435 2977 1710 3027 homiuum
1748 2980 1801 3029 in
1839 2984 2082 3032 extremis
2116 2987 2262 3036 malis

165 3066 283 3108 tatus
303 3070 375 3109 est
398 3059 552 3109 Maro
576 3059 695 3108 AEn.
720 3057 821 3111 lv,
855 3055 985 3122 657,
1008 3055 1119 3105 658
1147 3070 1159 3103 t
1244 3054 1631 3125 desperantium
1646 3057 2267 3135 exclamationescollegit

168 3160 187 3179 α
211 3133 351 3190 Felix
369 3175 383 3199 ,
410 3137 521 3189 heu
560 3135 783 3187 nimium
831 3133 975 3191 felix.
1015 3134 1054 3182 si
1097 3132 1160 3183 li·
1246 3135 1548 3184 Burmannus
1566 3134 1674 3186 Sec.
1697 3134 1762 3187 ad
1780 3138 1986 3189 Lotich.
2008 3140 2150 3210 Eleg.
2176 3146 2227 3195 ΙΙ
2245 3182 2256 3197 ,

164 3225 266 3266 tora
303 3228 510 3268 tantum
554 3215 833 3284 Nunquam
889 3210 1159 3264 Dardaniae
1250 3221 1311 3275 4,
1348 3214 1455 3266 535
1478 3253 1491 3275 ,
1526 3215 1653 3265 536.

165 3293 426 3363 'etiffimt
456 3308 635 3346 nostra
654 3292 871 3346 carinoe!
895 3318 914 3336 ⁸
1336 3296 1460 3361 178.
1507 3294 1803 3345 ldmoneosne
1842 3299 1922 3348 vel
1966 3301 2260 3354 Idmeueosue

240 3375 356 3443 173.
378 3374 651 3443 Stipendia.
673 3370 1005 3442 Stipendium
1027 3388 1161 3440 saepe
1248 3385 1444 3423 vetusta
1472 3373 1624 3424 lectio
1646 3374 1699 3423 in
1722 3375 1839 3426 libr.
1869 3377 2066 3431 MSSC.
2088 3381 2230 3434 Statii
2248 3424 2260 3445 ‚

162 3465 291 3504 notat
304 3451 604 3506 mercedem
625 3453 702 3503 vel
721 3464 923 3503 certum
945 3451 1157 3518 vectigal
1249 3452 1435 3521 Scalig.
1490 3466 1540 3503 et
1590 3454 1759 3503 Voss-ii
1792 3492 1803 3504 .
1878 3458 2016 3509 unde
2073 3461 2263 3514 Statius

161 3534 465 3602 populorum
499 3532 642 3584 bello
681 3532 975 3592 victorum;
1017 3528 1160 3598 quod
1251 3533 1570 3590 Immunesne,·
1625 3535 1810 3603 scalig.
1853 3538 2061 3589 Isthmon
2096 3563 2259 3601 eosne,-

163 3611 365 3675 pulchre
386 3610 516 3663 inde
534 3611 834 3662 translatum
849 3609 902 3660 h.
920 3606 1164 3660 l.dicitur
1254 3612 1468 3662 Vossius
1521 3613 1866 3674 Idomeuiosne,
1915 3619 1996 3668 cui
2044 3620 2258 3689 quidem

161 3686 220 3740 de
260 3691 434 3743 tributo
476 3708 762 3760 puerorum
810 3701 860 3739 et
901 3688 1161 3757 virginum
1258 3691 1520 3742 Vossianae
1570 3692 1819 3753 lectioni,
1868 3699 2098 3763 probat-„n
2157 3704 2261 3752 fere

165 3770 554 3823 Atheniensium
612 3770 892 3838 quotannis
951 3770 1162 3819 Cretam
1254 3770 1499 3821 omnibus
1519 3771 1610 3840 qui
1632 3784 1745 3841 post
1769 3774 2010 3826 vossium
2035 3778 2085 3828 iu
2109 3780 2262 3829 inter.

164 3848 406 3902 mittendo
436 3867 539 3919 pro
572 3845 850 3917 Androgeo
877 3847 1162 3899 interiecto,
1255 3848 1515 3917 pretando
1541 3851 1749 3901 Catullo
1779 3855 1961 3904 wisati
1988 3870 2103 3907 sunt
2122 3896 2134 3918 ,
2161 3862 2265 3909 suf..

238 3930 362 3998 175.
394 3929 721 3995 Dulssl'sffl'ma
743 3967 756 3988 9
788 3924 976 3978 blanda
1006 3927 1164 3977 simu·
1256 3929 1537 3996 fragantur,
1557 3943 1613 3979 ut
1641 3942 1855 3983 testatur
1874 3933 2126 4003 Vulpius,
2157 3936 2264 3988 ‹lut›

160 4005 342 4061 Ῑὶῑῖῡῠε
358 4048 373 4073 ,
397 4005 588 4062 callide
611 4018 662 4058 et
686 4017 863 4058 astute·
1255 4007 1431 4075 scripti
1451 4008 1654 4061 codices
1671 4010 1928 4064 chartacei
1943 4014 2268 4068 Saibautimn

1820 4142 1897 4209 ¹7
