2986 4935
748 468 892 538 3112

1266 472 1339 537 C.
1390 473 1819 536 VALERII
1879 472 2347 537 CATULLI

850 601 1063 687 Illius,
1095 599 1209 669 ah!
1249 601 1421 669 mala
1457 601 1631 669 dona
1668 601 1826 669 levis
1859 602 2040 669 bibat
2075 601 2270 668 inrita
2305 600 2558 693 pulvis;
2797 636 2832 672 ss

951 710 1254 801 Namque
1298 734 1420 801 ego
1457 709 1540 775 ab
1584 707 1862 802 indignis
1900 709 2164 802 praemia
2197 705 2376 775 nulla
2420 721 2598 802 peto·

849 816 954 882 Sic
988 816 1225 907 magi5‚
1266 840 1307 881 o
1342 829 1595 907 nuptae,
1633 839 1891 907 semper
1926 812 2280 881 concordia
2316 828 2568 881 vestras

953 922 1224 1013 Semper
1259 944 1446 988 amor
1482 920 1666 988 sedes
1703 918 1945 988 incolat
1983 919 2297 988 assiduus.

845 1029 944 1093 Tu
992 1051 1184 1110 vero,
1224 1027 1478 1119 regina,
1525 1041 1713 1094 tuens
1752 1051 1956 1118 quum
2003 1024 2218 1093 sidera
2264 1026 2504 1092 Divam

951 1131 1242 1199 Placabis
1280 1132 1458 1200 festis
1492 1131 1842 1199 luminibus
1871 1134 2199 1199 Venerem
2795 1174 2834 1211 φ

846 1239 1191 1329 Sanguinis
1224 1251 1593 1330 expertem,
1636 1264 1770 1305 non
1809 1239 1980 1306 votis
2011 1263 2152 1306 esse
2191 1251 2369 1305 tuam
2415 1263 2555 1323 me,

956 1343 1083 1411 Sed
1121 1345 1338 1436 potius
1371 1342 1565 1436 largis
1602 1343 1790 1411 effice
1824 1344 2226 1412 muneribus.

846 1450 1070 1517 Sidera
1116 1474 1234 1516 cur
1271 1448 1595 1516 retinent?
1629 1451 1878 1517 utinam
1913 1474 2102 1518 coma
2137 1451 2312 1543 regia
2351 1449 2545 1532 fiam;

953 1557 1295 1622 Proximus
1333 1554 1714 1645 Hydrochoi
1752 1554 2032 1648 fulgeret
2072 1557 2343 1623 Oarion.

744 1752 855 1800 fore
870 1750 987 1817 conj
995 1748 1173 1817 ugium
1189 1749 1326 1798 Deos
1340 1747 1671 1798 obtestamini
1692 1765 1704 1797 :
1728 1773 1748 1793 1.

743 1846 971 1899 namque
1003 1826 1224 1878 aliarum
1256 1826 1508 1877 libamina
1545 1824 1757 1894 indigna

744 1927 954 1979 respuo,
987 1906 1053 1959 N.

830 1988 921 2042 85.
954 1986 1038 2037 Ah
1069 1984 1212 2037 deest
1243 1984 1296 2035 in
1325 1982 1657 2054 quibusdam.
1687 1985 1757 2035 Il-

748 2070 838 2119 lius
865 2085 985 2117 aura
1013 2066 1124 2116 levis
1148 2066 1336 2115 Venet.
1362 2064 1570 2132 Gryph.

830 2150 920 2200 86.
948 2146 1165 2215 Namque
1185 2144 1447 2212 indignatis
1463 2142 1695 2193 Vossius.

829 2231 921 2294 87.
951 2224 1052 2277 Sed
1080 2227 1232 2290 magis
1263 2242 1449 2292 parum
1479 2219 1760 2273 commode

748 2307 801 2357 in
831 2305 960 2357 aliis.

832 2388 925 2452 89.
954 2384 1110 2432 Tuens
1140 2381 1316 2442 sIdera,
1341 2379 1553 2431 sublatis
1580 2379 1633 2430 in
1662 2398 1761 2429 cae-

748 2466 861 2517 lum
883 2461 1075 2525 oculis;
1098 2473 1266 2529 gestus
1283 2457 1526 2511 ardenter
1545 2478 1762 2529 precan-

750 2558 926 2691 nug:
953 2621 1015 2670 In
1042 2618 1188 2669 libris
1215 2616 1362 2668 Mss.
1393 2630 1441 2668 et
1466 2616 1614 2670 editt.
1640 2631 1760 2669 ven.

757 2701 943 2771 legitur
968 2699 1055 2749 hic
1090 2715 1264 2747 versus
1297 2698 1371 2748 sic
1401 2714 1413 2745 ε
1450 2722 1471 2742 ι
1493 2697 1766 2766 Sanguinis

761 2793 1018 2850 expertem
1038 2797 1146 2828 non
1158 2780 1328 2826 vestris
1342 2795 1447 2827 esse
1463 2790 1604 2827 tuam
1620 2795 1718 2826 me.
1734 2803 1754 2820 ι

762 2862 832 2912 Ex
856 2861 1024 2909 vestr-tls
1047 2859 1152 2926 jam
1178 2856 1442 2907 Pomanus
1469 2856 1589 2906 fecit
1614 2859 1759 2918 votis,

753 2958 909 3009 quem
939 2937 1100 2989 secuti
1132 2947 1251 2986 sunt
1281 2935 1524 2986 Parthen.
1555 2935 1760 3004 Gryph.

752 3019 943 3070 Muret.
977 3017 1150 3068 Graev.
1180 3028 1231 3065 et
1259 3014 1365 3066 alii.
1397 3012 1564 3083 Magis
1592 3027 1762 3065 tamen

756 3098 888 3150 mihi
927 3093 1122 3148 arridet
1161 3097 1455 3164 conjectura
1498 3092 1673 3154 Statii,
1706 3095 1761 3144 τὸ

752 3180 923 3228 ‘veste-is
971 3176 1026 3225 in
1071 3174 1226 3223 verbis
1267 3174 1530 3225 mutantis.
1570 3203 1649 3212 —
1688 3173 1763 3224 Ne

754 3261 913 3308 siveris
935 3274 1031 3304 esse
1047 3253 1258 3304 refinxit
1277 3253 1505 3321 Scaliger
1524 3272 1539 3316 ;
1567 3264 1617 3302 at
1635 3253 1763 3302 Vos·

756 3335 861 3385 sius
880 3373 895 3396 ‚
926 3331 1095 3383 fidens
1120 3331 1356 3383 doctrina
1383 3350 1473 3381 sua
1501 3344 1551 3383 et
1581 3345 1762 3381 aucto·

754 3414 932 3474 ritate,
970 3411 1111 3462 hunc
1144 3422 1197 3461 et
1226 3422 1526 3479 sequentem
1556 3429 1760 3461 versum

756 3492 853 3544 hac
887 3482 1054 3541 forma
1084 3487 1325 3540 incedere
1352 3490 1502 3557 jubet
1535 3505 1547 3537 :
1589 3515 1609 3533 ·
1634 3489 1761 3539 San-

757 3570 930 3641 guinis
969 3581 1231 3637 expertem
1276 3587 1383 3618 non
1428 3570 1615 3617 verticis
1655 3586 1761 3619 esse

758 3665 901 3702 tuam
943 3667 1029 3699 me
1069 3646 1127 3696 Sa·
1149 3650 1277 3714 potis
1312 3667 1359 3696 es
1380 3688 1392 3707 ,
1432 3646 1585 3714 largis
1611 3648 1760 3698 effice

758 3728 1077 3782 muneribus.
1098 3750 1118 3772 ι
1143 3727 1223 3776 De
1241 3745 1390 3776 sensu
1410 3726 1667 3794 sapienter
1684 3726 1763 3777 ni·

754 3810 832 3859 hil
864 3818 1041 3858 monet
1061 3804 1296 3855 Vossius.
1318 3804 1581 3856 Bentleius
1611 3804 1760 3856 deni·

756 3906 857 3957 que
887 3904 984 3958 pro
1024 3887 1269 3951 sanguinis
1307 3884 1547 3935 rescribit
1584 3889 1754 3953 ungui·

754 3969 827 4015 nis
844 4004 859 4026 ,
898 3978 948 4017 et
976 3964 1305 4035 amplectitur
1343 3960 1757 4015 emendationem

757 4044 943 4113 Scalig.
976 4063 1033 4093 ne
1071 4044 1246 4095 siveris.
1279 4075 1355 4083 —
1387 4041 1647 4110 Sanguittis
1674 4063 1758 4093 ex-

749 4134 942 4191 pertem.
959 4123 1177 4173 Veneris
1203 4121 1340 4173 enim
1362 4141 1462 4174 arae
1483 4122 1617 4174 nihil
1643 4142 1756 4174 san-

1843 1747 2015 1818 guinis
2039 1745 2413 1799 oss'undebatur
2439 1764 2452 1798 ε
2482 1744 2553 1797 de
2579 1764 2669 1798 ara
2689 1746 2830 1797 Vene-

1844 1828 1914 1878 ris
1938 1827 2147 1898 Paphiae
2159 1827 2329 1879 Tacit.
2357 1826 2492 1878 Hist.
2511 1826 2566 1877 11
2582 1866 2598 1887 ,
2625 1826 2655 1878 3
2681 1843 2832 1877 :wan-

1843 1907 2056 1975 guinem
2099 1924 2202 1958 aroe
2245 1903 2529 1957 offundere
2569 1905 2788 1957 vetitum.
2808 1929 2825 1947 ·

1846 1985 1926 2037 Cf.
1959 1985 2202 2036 Cet-danus
2228 1984 2293 2037 ad
2318 1985 2466 2056 Virg.
2497 1988 2622 2036 AEn.
2645 1985 2672 2035 1
2688 2023 2703 2046 ‚
2728 1990 2829 2050 407.

1844 2094 1924 2103 —
1949 2064 2062 2116 Non
2089 2068 2216 2116 votis
2248 2085 2345 2116 esse
2366 2078 2499 2114 tuam
2528 2084 2602 2115 me
2621 2104 2635 2126 ‚
2669 2063 2828 2131 sedpo·

1848 2149 1938 2194 eius
1977 2156 2076 2195 etc.
2119 2170 2139 2188 ι
2161 2145 2281 2195 Non
2322 2143 2597 2215 promissis
2630 2156 2829 2202 tantum,

1845 2222 1934 2273 sed
1966 2222 2123 2292 largis
2148 2224 2322 2294 potius
2355 2224 2668 2274 muneribus
2697 2241 2726 2273 ι
2745 2221 2828 2270 Ve-

1846 2321 1970 2353 nere
2001 2302 2278 2371 impetrare
2309 2300 2460 2353 stude
2482 2340 2498 2366 ‚
2525 2315 2584 2354 ut
2620 2302 2676 2353 in
2705 2311 2829 2369 (aput

1847 2394 1996 2432 tuum
2016 2379 2189 2432 redire
2209 2394 2260 2433 et
2278 2394 2421 2433 tuam
2444 2399 2629 2432 rursus
2650 2399 2730 2432 me
2747 2396 2828 2429 esse

1846 2460 2085 2530 patiatur.
2106 2487 2127 2506 ι·

1928 2560 2020 2607 92.
2045 2538 2208 2608 Affice
2232 2540 2366 2593 male
2389 2540 2444 2591 in
2465 2538 2784 2610 quihusdnm-

1930 2619 2023 2687 93.
2052 2619 2227 2672 Sidera
2257 2639 2342 2670 cur
2372 2621 2592 2672 iterent&
2611 2633 2750 2671 vetus
2772 2616 2829 2666 le·

1848 2698 1953 2750 ctio
1973 2738 1987 2762 ,
2015 2696 2106 2750 sed
2133 2717 2318 2768 parum
2342 2699 2668 2768 probabilis3
2694 2695 2830 2765 expli·

1848 2791 1965 2828 cant
1990 2780 2190 2848 passive
2220 2805 2241 2825 ι
2258 2796 2353 2829 cur
2370 2772 2664 2830 iterentur?
2681 2804 2701 2821 -
2725 2776 2777 2826 h.
2792 2792 2830 2824 e.

1848 2875 1944 2907 cur
1968 2858 2298 2925 geminentur
2326 2854 2536 2908 sidera?
2562 2876 2662 2909 cur
2678 2871 2833 2922 augea·

1849 2949 1935 2986 tur
1969 2934 2200 2989 siderum
2244 2935 2534 2988 numerus?
2569 2968 2651 2978 —-
2689 2932 2831 2985 siden

1847 3034 1933 3064 cm·
1956 3018 2080 3065 inter
2095 3023 2125 3064 ,ὗ
2158 3034 2264 3067 non
2302 3015 2436 3065 male
2465 3014 2590 3084 legit
2613 3010 2829 3067 Theodo-

1847 3112 1935 3144 rus
1969 3094 2268 3159 Marcilius;
2294 3112 2389 3145 nos
2415 3094 2764 3164 acquievimus
2789 3091 2828 3141 in

1846 3172 2068 3224 lectione
2085 3174 2291 3243 vulgata
2306 3191 2427 3243 qun
2447 3174 2647 3244 potior.
2667 3205 2741 3216 --
2762 3171 2832 3222 Re·

1849 3263 1999 3302 tmen!
2019 3271 2088 3304 sc.
2112 3272 2199 3303 me.

1930 3338 2021 3398 94.
2075 3333 2350 3384 Proximus'
2375 3334 2627 3384 Amtm-us
2666 3332 2832 3400 fulgul

1847 3412 2084 3478 Erigonoe
2108 3425 2289 3464 contra
2316 3430 2534 3462 omnem
2556 3426 2680 3465 vett.
2702 3411 2836 3462 libna·

1846 3508 1966 3541 rum
1989 3491 2347 3542 auctoritatem
2375 3491 2524 3542 hunc
2553 3509 2752 3543 versum
2778 3489 2831 3538 ita

1847 3569 2201 3620 exhibuerunt
2226 3582 2276 3621 et
2303 3567 2657 3622 defenderunt
2678 3566 2833 3620 Marci·

1846 3647 1971 3712 lius,
1997 3648 2233 3698 Muretus
2257 3661 2308 3700 et
2332 3649 2423 3701 alii
2439 3687 2453 3709 .
2478 3662 2622 3703 recte
2644 3651 2744 3719 jam
2765 3663 2832 3697 re·

1846 3727 1995 3779 futati
2020 3746 2052 3778 a
2078 3726 2339 3796 Scaligero
2365 3741 2418 3779 et
2438 3728 2596 3780 Voss.
2623 3760 2700 3770 —
2729 3723 2831 3779 Fa!-

1845 3819 1964 3874 geat
2004 3806 2058 3856 in
2105 3804 2439 3877 quibusdam.
2486 3838 2567 3851 —
2607 3809 2833 3859 meim

1846 3885 2129 3954 Hydrochoi
2158 3886 2373 3954 fulgeret
2417 3885 2625 3938 Oarion.
2672 3886 2838 3937 Sensus

1845 3978 1954 4016 est:
1987 3991 2008 4009 «-
2026 3965 2165 4015 Tum
2195 3983 2291 4034 per
2316 3983 2401 4016 me
2429 3965 2552 4017 licet
2580 3966 2742 4017 Orion
2770 3961 2834 4010 vi·

1843 4044 1991 4095 cinus
2016 4042 2343 4112 Hydrochoo
2362 4082 2379 4109 ,
2405 4041 2469 4107 (a
2501 4063 2610 4115 quo
2632 4043 2707 4095 vel
2743 4059 2835 4092 ma·

1846 4123 1981 4191 xime
2010 4122 2099 4175 ille
2130 4121 2417 4193 disjunctus
2453 4121 2561 4186 est)
2602 4123 2769 4190 fulgur
2795 4130 2836 4169 et
