2986 4935
687 339 825 407 DE
877 339 1276 408 METms
1330 340 1819 408 CATULLI.
2224 362 2320 434 29

198 475 410 544 Utitur
448 494 532 541 eo
567 494 769 538 versu
803 471 1117 553 Catullus
1151 486 1252 540 ter
1278 525 1297 560 ,
1338 472 1689 541 nimirum:

205 644 377 698 Canu.
429 656 523 708 ¹7·
570 637 627 694 O
657 633 932 705 Colonia,
957 652 1083 711 quae
1114 634 1277 712 cupis
1305 648 1483 713 ponte
1512 634 1713 692 ludere
1743 635 1952 711 ligneo.

433 718 526 773 18.
569 718 743 773 Hunc
769 712 962 770 lucum
991 713 1098 771 tibi
1124 714 1331 772 dedico
1360 735 1777 793 comem-oque,
1803 715 2044 792 Priape:

437 815 531 872 19.
572 797 745 852 Hunc
772 811 913 871 ego,
933 792 1178 870 juvenes
1195 838 1213 866 ,
1243 794 1432 853 locum
1450 837 1466 867 ‚
1489 795 1861 871 villulamque
1893 794 2223 872 palustrem.

303 957 462 1024 VII.
508 952 785 1047 Septimi
827 953 1085 1046 generis
1136 969 1234 1022 est
1274 954 1608 1023 Iambicus
1659 968 2039 1023 tetrameter
2091 952 2327 1023 catale-

205 1078 380 1148 ctus‚
413 1062 527 1154 qui
565 1073 825 1128 constat
863 1073 1112 1153 septem
1149 1059 1464 1153 pedibuS‚
1509 1074 1576 1128 et
1619 1084 1865 1128 caesura
1911 1062 1980 1127 in
2031 1059 2184 1128 fine.
2227 1061 2329 1128 Ad

207 1193 346 1237 cum
378 1191 586 1261 porro
612 1164 984 1235 faciendum
1018 1180 1365 1234 servantur
1392 1167 1612 1233 omnia
1633 1220 1652 1251 ‚
1682 1191 1827 1259 quae
1849 1165 1935 1233 ad
1966 1167 2331 1235 Iambicum

208 1275 575 1343 trimetrum
604 1272 951 1365 pertinent.
992 1270 1385 1365 Exemplum
1422 1273 1541 1340 sit:

441 1439 636 1496 Remit
670 1437 680 1512 Ι
719 1440 772 1493 te
803 1437 899 1516 pal
942 1434 953 1514 Ι
982 1437 1121 1494 mim
1158 1435 1167 1514 Ι
1204 1435 1344 1493 mm
1379 1434 1388 1514 Ι
1427 1438 1615 1493 meum
1650 1434 1660 1514 Ι
1697 1436 1939 1513 (ιιιὸἀῑιι
1973 1436 1983 1516 Ι
2019 1439 2182 1495 volas
2219 1437 2228 1517 Ι
2265 1440 2324 1496 fi.

212 1600 291 1667 In
346 1597 641 1690 sequenti
679 1620 875 1664 versu
919 1610 1018 1665 est
1062 1595 1708 1690 amphibrachysv—
1724 1599 2113 1667 vsecundo
2158 1597 2337 1682 loce,

211 1716 580 1797 anapaestus
619 1704 815 1771 tertio
847 1728 861 1769 :

326 1866 525 1939 Quum
539 1864 613 1923 de
646 1864 657 1943 Ι
692 1867 786 1921 vii
801 1867 899 1922 mii
931 1864 945 1941 Ι
980 1865 1129 1922 Hera
1164 1862 1175 1943 Ι
1209 1865 1332 1922 lites
1368 1864 1377 1942 Ι
1413 1869 1576 1923 osten
1611 1864 1625 1944 Ι
1658 1867 1790 1923 dits)
1824 1865 1838 1945 Ι
1872 1868 2051 1926 scitari
2086 1867 2098 1946 Ι
2134 1872 2235 1925 t'c‘s.

210 2028 283 2095 in
317 2025 617 2120 sequenti
660 2039 878 2101 autem
918 2024 1264 2118 spondaeus
1300 2023 1448 2093 loco
1485 2027 1801 2118 septimo:

333 2191 465 2247 Invi
500 2187 513 2267 Ι
548 2188 610 2245 sa
628 2191 725 2244 tfir
758 2186 769 2265 Ι
804 2188 953 2265 ρῖῑὲῐ·
988 2188 997 2266 Ι
1034 2186 1138 2245 fib}
1174 2188 1186 2264 Ι
1220 2188 1384 2265 Ηὲςέἰ
1418 2187 1431 2267 Ι
1466 2189 1521 2245 la
1540 2193 1651 2246 con
1685 2189 1695 2267 Ι
1731 2188 1927 2247 scrIbil
1964 2192 1972 2265 Ι
2010 2191 2143 2247 lent.

216 2348 519 2420 Catullus
552 2350 732 2418 hunc
758 2348 1027 2418 adhibet
1055 2349 1293 2436 semel,
1324 2351 1616 2418 carmine
1650 2349 1766 2421 25.

335 2514 573 2576 Cinaede
593 2515 827 2588 Thalle,
852 2515 1082 2573 mollior
1104 2516 1354 2573 cuniculi
1373 2517 1598 2594 capillo,

327 2680 517 2746 VIII.
557 2678 797 2747 Octavi
828 2678 1081 2770 generis
1109 2691 1208 2745 est
1233 2677 1705 2764 Choriamhns,
1739 2680 1852 2771 qui
1880 2695 2136 2750 constat
2162 2686 2348 2777 quin·

217 2809 352 2880 que
382 2782 695 2878 pedibus,
718 2783 1028 2852 nimirum
1056 2782 1390 2876 spondaeo,
1418 2783 1626 2851 tribus
1646 2784 2040 2855 choriambis
2066 2823 2349 2847 -vx-s-

217 2907 288 2960 et
328 2888 719 2985 pyrrhichio
741 2941 761 2974 ‚
804 2903 914 2957 ut:

345 3057 570 3112 vetitos
604 3055 614 3130 Ι
646 3053 814 3111 ῑιτῖῑὲ
835 3054 919 3110 fet·
952 3051 963 3129 Ι
999 3073 1061 3111 re
1078 3058 1135 3110 et
1153 3052 1392 3109 nebulas
1428 3054 1438 3129 Ι
1474 3054 1655 3109 acrias
1691 3053 1700 3132 Ι
1736 3054 1888 3112 s'inIS.

222 3222 386 3287 Hoc
415 3239 645 3284 versus
675 3238 912 3308 genere
944 3215 1315 3307 conscripta
1351 3229 1448 3281 est
1486 3215 1740 3282 Horatii
1780 3213 1886 3282 lib.
1928 3219 1990 3302 1,
2021 3217 2165 3286 Ode
2210 3243 2232 3286 1
2254 3221 2315 3287 8.

356 3378 619 3449 Nullam,
640 3382 821 3448 vare,
850 3396 1011 3434 sacra
1034 3378 1149 3434 vite
1174 3376 1334 3454 prius
1363 3376 1573 3435 severis
1598 3377 1880 3436 arborem.

224 3544 470 3612 Utitur
510 3565 591 3609 eo
638 3541 941 3611 Catullus
985 3538 1182 3608 semel
1226 3540 1514 3609 carmine
1556 3537 1676 3609 30.

358 3704 630 3783 Alphene
652 3704 976 3774 immemor,
1002 3714 1171 3779 atquc
1201 3703 1481 3761 unanimis
1512 3704 1648 3760 false
1675 3703 1982 3763 sodalibus.

338 3861 465 3928 lx.
506 3857 689 3926 Noni
735 3857 988 3948 generis
1030 3869 1128 3923 est
1161 3854 1415 3922 Pseudo
1440 3854 1836 3948 ·phalaecius
1885 3849 2369 3944 δεκασύλλαὸος,

220 3969 347 4060 qui
394 3964 470 4034 fit
509 3988 596 4033 ex
632 3960 892 4030 duobus
930 3960 1252 4053 spondaeis
1274 4014 1293 4046 ‚
1330 3985 1405 4029 ac
1435 3962 1641 4030 tribus
1680 3962 1932 4030 choreis
1959 4016 1976 4047 ,
2020 3979 2125 4032 ut:
