2986 4935
836 484 1275 554 CARMEN
1336 487 1616 553 LXIV.

263 623 742 711 AEternumque
780 643 1010 686 manus
1047 607 1407 711 carpebant
1438 621 1563 686 rite
1603 618 1916 685 laborem.

266 731 465 794 Laeva
505 723 722 792 colum
757 723 936 792 molli
972 725 1130 791 lana‘
1160 725 1484 792 retinebat
1518 726 1871 805 ainictum;

265 835 556 900 Dextera
599 847 738 898 tum
784 830 1015 899 leviter
1057 829 1386 898 deducens
1427 829 1535 897 fila
1581 833 1830 923 supinis

266 939 625 1006 Formabat
666 938 926 1031 digitis;
967 952 1105 1004 tum
1144 962 1354 1029 prono
1390 939 1456 1003 in
1497 936 1731 1029 pollice
1770 950 2083 1029 torquens

267 1045 615 1113 Libratum
659 1045 847 1110 tereti
886 1044 1191 1110 versabat
1227 1043 1488 1110 turbine
1528 1043 1786 1128 fusu1n3
2220 1071 2296 1107 ic.

177 1203 181 1208 .
267 1154 485 1243 Atque
518 1152 603 1218 ita
636 1150 998 1242 decerpens
1027 1148 1330 1242 aequabat
1362 1174 1623 1242 semper
1655 1173 1822 1242 opus
1857 1150 2018 1217 dens
2041 1202 2059 1232 ,
2190 1135 2206 1142 ’

272 1259 627 1349 Laneaque
658 1254 926 1324 aridulis
959 1256 1300 1323 haerebant
1339 1280 1554 1323 morsa
1593 1253 1872 1340 labellis,

2142 509 2284 578 277

270 1367 441 1451 Quae
476 1364 655 1456 prius
688 1364 753 1429 in
790 1362 916 1429 levi
942 1355 1217 1429 'fuerant
1246 1365 1569 1430 exstantia
1600 1357 1733 1428 filo.

271 1474 445 1537 Ante
488 1468 688 1562 pedes
730 1484 947 1538 autem
995 1467 1333 1537 candentis
1371 1467 1591 1538 mollia
1634 1466 1798 1535 lanae

166 1693 347 1748 gnatos
373 1679 591 1732 videbis.
625 1712 700 1721 —-
724 1681 841 1731 Jam
872 1699 998 1732 vero
1028 1681 1066 1730 si
1096 1701 1186 1731 co-

172 1760 450 1827 gitaveris,
488 1760 543 1811 in
588 1760 705 1811 loco
755 1773 934 1811 nostro
964 1764 1187 1810 verticem

165 1839 451 1892 Parcarum
479 1845 659 1891 niveum
685 1839 737 1890 h.
768 1858 814 1890 e.
846 1857 1035 1890 canum
1058 1880 1071 1900 ,
1109 1841 1187 1890 ni·

166 1937 253 1969 ves
270 1920 482 1991 capitiS,
508 1918 641 1970 κατὰ
662 1920 840 1988 κράτος
860 1922 1188 1988 πεπαλαγμέ-

165 2017 249 2057 va:
284 2002 474 2070 ἄλφιτα
509 1997 690 2061 λευκὰ,
730 2011 787 2049 ut
824 1996 1190 2049 describuntur

165 2078 346 2131 Parca
376 2079 435 2130 in
466 2076 680 2130 laudato
712 2078 832 2129 loco
860 2077 1110 2140 Homeri,
1140 2092 1189 2128 et

165 2177 328 2209 roseas
365 2161 525 2208 vittas
566 2156 634 2209 de
664 2156 891 2226 pulchro
923 2155 1100 2207 colore
1141 2170 1190 2207 et

161 2238 460 2307 splendore
476 2278 491 2301 ‚
510 2237 678 2308 qualis
705 2234 925 2288 decebat
959 2237 1189 2286 Dearum

160 2331 360 2387 eaput,
410 2316 707 2386 acceperis,
749 2333 817 2366 ex
855 2316 952 2366 hac
990 2316 1191 2367 ratione

156 2395 387 2450 defendi
420 2398 602 2448 saltem
632 2396 719 2447 hic
755 2395 902 2446 locus
936 2413 1083 2463 posse
1117 2396 1193 2444 vi-

159 2476 342 2531 detur.

245 2560 277 2610 3
294 2577 390 2624 1⁴1.
428 2558 779 2629 AEternumque
807 2576 972 2607 manus
1003 2569 1101 2607 etc.
1129 2576 1192 2606 en

153 2658 325 2708 quam
378 2651 566 2689 ornate
612 2657 714 2708 pro
758 2637 957 2705 vulgari
1005 2636 1192 2685 nebant.

153 2719 378 2781 Parcae,
415 2717 510 2768 fati
542 2717 823 2779 ministrat,
851 2728 1097 2766 aeternam
1121 2716 1197 2765 fa·

151 2811 344 2851 torum
368 2796 564 2849 seriem
591 2794 770 2848 nendo
792 2793 1111 2847 deducentes
1131 2811 1199 2844 ae-

153 2890 385 2930 ternum
422 2875 661 2927 laborem
699 2876 782 2927 vel
814 2894 949 2944 opus
977 2885 1199 2925 tractare

149 2956 449 3011 dicuntur.
476 2962 483 2967 “

238 3039 272 3090 3
289 3057 315 3091 1
334 3057 394 3091 2.
426 3036 672 3087 Amictam
697 3035 904 3107 Gryph.
934 3034 989 3085 M
997 3046 1128 3085 uret.

239 3120 275 3170 3
292 3136 316 3169 1
332 3123 393 3179 4.
421 3116 589 3167 Prono
620 3119 669 3166 in
694 3119 872 3166 vertice
892 3115 947 3165 in
967 3113 1197 3164 nonnul·

143 3199 217 3252 lis
248 3197 429 3250 libris
461 3194 719 3265 antiquis,
751 3207 875 3246 teste
894 3193 1113 3253 Vossi0‚
1144 3204 1200 3242 ut

146 3294 349 3333 vertex
381 3274 532 3327 idem
551 3276 624 3327 sic
644 3273 788 3344 quod
811 3274 1092 3324 ‘verticulum
1113 3285 1203 3322 aut

139 3357 493 3416 verticillunu
516 3350 796 3425 σφόνδυλος.
818 3384 897 3394 —-
914 3351 1106 3420 Supim's
1124 3350 1201 3400 di-

140 3442 307 3507 gitis,
354 3453 578 3489 sursum
611 3434 776 3486 flexis.
809 3435 972 3484 Prono
992 3431 1166 3500 pollice
1186 3472 1199 3491 ,

142 3516 433 3572 deorsum
462 3532 657 3585 presso,
679 3545 758 3557 --
780 3512 883 3563 Vix
917 3511 1090 3582 pictor
1115 3509 1206 3560 ali·

139 3597 290 3669 quid
323 3593 544 3649 addere
569 3607 759 3663 potest.

232 3680 267 3731 3
282 3697 307 3730 1
326 3675 684 3730 5-V1bramm
704 3672 868 3743 magis
885 3671 1057 3742 placet
1071 3670 1207 3719 Vul-

136 3760 262 3831 pio.
292 3788 395 3799 —-
443 3754 601 3805 Ten-et.
640 3773 768 3804 vers.
813 3752 996 3803 turbine
1019 3752 1202 3815 ficsecm.

135 3839 280 3891 Non
322 3835 545 3898 turbo,
570 3832 661 3886 sed
697 3834 843 3885 fusus
880 3830 1095 3902 proprie
1135 3842 1209 3879 est

135 3935 294 3972 teres.
341 3913 725 3968 Adumbravit
762 3912 1019 3964 Nostrum
1048 3907 1217 3960 Ovid„

134 4002 283 4052 flet.
309 3996 562 4059 v1‚22
598 4011 611 4043 :
654 4020 675 4039 ι
699 3991 820 4045 Sive
853 3990 956 4042 levi
991 4000 1210 4041 teretem

134 4080 427 4133 versabat
459 4072 648 4145 pollice
673 4074 914 4125 susum.
942 4069 1098 4124 Cous.
1118 4068 1213 4118 'li-

132 4158 640 4219 buu.11‚1‚64.
660 4166 710 4205 et
730 4152 799 4205 ibi
829 4151 1060 4220 Magnum
1080 4148 1215 4203 He>-

1279 1686 1428 1733 m'um.
1451 1711 1530 1720 --
1560 1681 1750 1742 Turbo,
1775 1681 1872 1731 susi
1906 1681 2113 1750 agitatio
2142 1694 2192 1732 et
2218 1701 2303 1732 ro-

1282 1761 1404 1821 tatio
1426 1799 1440 1823 ,
1472 1762 1618 1811 fusus
1650 1761 1703 1811 in
1738 1760 2004 1811 turbinem
2032 1773 2192 1812 actuS.

1361 1841 1497 1892 316.
1559 1841 1636 1891 Ita
1667 1877 1682 1899 ‚
1739 1839 1877 1889 inter
1935 1839 2082 1890 lumc
2139 1840 2300 1891 nendi

1281 1932 1472 1970 actum.
1489 1949 1569 1958 -—
1591 1922 1795 1987 Decet-p.
1833 1919 2019 1988 aequab.
2045 1939 2187 1987 semp,
2223 1942 2299 1988 op.

1280 1998 1410 2058 dens,
1441 1998 1682 2050 inutilem
1707 1998 1837 2048 lanae
1850 2011 2056 2066 partem
2078 1999 2302 2050 subinde

1281 2076 1623 2146 decerpentes
1685 2074 1932 2127 dentibus
1992 2077 2298 2147 aequabant,

1283 2157 1580 2208 formabant
1599 2170 1648 2208 et
1670 2155 1979 2224 laevigabant
2003 2156 2170 2206 filum.

1365 2236 1496 2305 317.
1553 2238 1716 2287 Lanea
1765 2254 1919 2286 morsa
1939 2275 1952 2295 ,
2016 2236 2145 2286 lanae
2189 2236 2301 2287 villi

1284 2315 1525 2367 dentium
1559 2335 1737 2367 morsu
1765 2313 2019 2384 decerpti.

1368 2397 1396 2446 3
1413 2415 1432 2447 1
1449 2399 1500 2448 8.
1532 2397 1652 2446 Lem'
1675 2397 1729 2445 in
1752 2394 2014 2465 plerisque
2038 2393 2189 2447 editt.
2213 2396 2303 2447 siff-d

1285 2478 1456 2546 aptius
1492 2488 1568 2526 est
1602 2478 1723 2537 levi,
1770 2473 1917 2545 quod
1955 2477 2196 2527 revocavi
2240 2499 2302 2529 ex

1286 2554 1413 2608 edit.
1437 2556 1733 2618 Parthenii,
1759 2554 1967 2625 Gryph.
1993 2555 2185 2607 Muret.
2213 2577 2305 2609 sae-

1286 2636 1500 2705 pissime
1522 2636 1663 2686 enim
1692 2635 1787 2686 has
1809 2653 1962 2686 voces
1988 2637 2218 2689 turbavit
2241 2639 2304 2689 li-

1286 2715 1589 2767 brariorum
1638 2715 1948 2784 negligentia
1972 2754 1985 2776 ,
2030 2714 2138 2766 vid.
2173 2718 2303 2769 Bw·-

1290 2814 1449 2846 mamz.
1487 2791 1556 2847 ad
1588 2793 1747 2845 Ovid.
1778 2793 1996 2846 Heroid.
2023 2795 2173 2858 XIV,
2200 2798 2268 2865 39
2290 2836 2304 2860 ,

1290 2889 1341 2926 et
1370 2874 1641 2923 Drackenb.
1679 2871 1745 2924 ad
1773 2874 1887 2923 Liv.
1921 2875 1972 2922 Il
1991 2913 2004 2935 ,
2031 2876 2126 2935 65,
2146 2876 2303 2929 Toni.

1290 2957 1350 3018 I,
1391 2972 1444 3022 p.
1492 2955 1623 3004 225.
1667 2985 1747 2992 ——
1788 2953 1904 3001 Levi
1929 2951 2055 3020 filo,
2105 2969 2306 3023 aequato

1297 3052 1438 3085 nunc
1467 3045 1518 3082 et
1545 3032 1780 3101 laevigato
1800 3049 1812 3081 :
1825 3032 2028 3095 sueram
2044 3039 2304 3095 exstantia,

1291 3113 1592 3165 exstiterant
1632 3110 1935 3180 superflua;
1976 3113 2041 3162 cf.
2082 3111 2147 3163 ad
2176 3132 2306 3167 vers.

1300 3192 1426 3245 308.

1375 3273 1405 3325 3
1423 3291 1440 3323 1
1462 3290 1483 3321 1
1505 3303 1583 3312 -—
1602 3273 1630 3325 3
1649 3291 1667 3324 1
1683 3275 1734 3326 8.
1769 3273 2039 3342 Nusquam
2076 3275 2198 3328 alias
2228 3297 2310 3328 so-

1293 3353 1474 3404 lertius
1521 3370 1812 3422 expressam
1860 3352 2073 3405 lanificii
2131 3358 2314 3426 imagi·

1294 3450 1414 3483 nem
1450 3432 1700 3500 reperias.
1734 3430 1840 3483 Sed
1875 3450 2004 3502 pace
2036 3434 2230 3487 Catulli
2267 3452 2314 3487 et

1297 3529 1481 3562 eorum
1508 3513 1601 3580 qui
1632 3512 1775 3562 hunc
1809 3513 1985 3563 locum
2018 3515 2278 3567 mirantur
2298 3558 2310 3578 ‚

1298 3589 1475 3642 dicere
1506 3591 1662 3643 liceat
1682 3630 1696 3653 ,
1721 3609 1901 3643 nonne
1923 3592 2134 3661 ingenio
2161 3595 2319 3645 nimis

1297 3668 1574 3722 indulsisse
1598 3670 1686 3722 ille
1709 3669 1954 3732 videtur,
1982 3670 2112 3723 dum
2140 3675 2316 3724 minu-

1301 3750 1503 3801 tissima
1537 3768 1758 3820 quaeque
1794 3750 1970 3821 operis
2000 3750 2192 3808 sadulo
2225 3752 2318 3805 de-

1297 3829 1469 3899 pingit
1490 3829 1513 3880 ?
1537 3830 1730 3881 Nonne
1754 3829 1827 3880 ibi
1858 3831 1990 3881 Deas
2018 3832 2220 3900 nuptiis
2241 3832 2321 3884 di-

1300 3909 1438 3959 vinis
1457 3909 1704 3961 interesse
1727 3910 1978 3961 nascituri
2003 3909 2178 3962 herois
2196 3931 2323 3981 prae-

1303 3988 1514 4039 nuntias
1556 3990 1752 4041 oblitus
1790 4002 1898 4051 est,
1946 4001 2005 4039 ut
2055 3994 2323 4061 operarias

1304 4065 1642 4120 ostenderet?
1687 4069 2064 4139 perfectissima
2104 4071 2320 4141 quidem

1307 4146 1644 4209 versificatio,
1689 4145 1776 4198 sed
1821 4166 1927 4198 non
1968 4168 2115 4219 aeque
2151 4171 2327 4206 serva·-

1891 4241 2013 4325 *18³
