2986 4935
847 509 1303 579 CARMEN
1361 513 1530 578 XX.

2177 515 2272 586 85

761 734 1330 826 CARMEN
1395 739 1613 825 XX.

811 971 1279 1018 HORTORUM
1339 974 1567 1019 DEUs.

330 1160 484 1228 Euo
528 1157 708 1242 haec,
744 1181 874 1252 ego
915 1173 1060 1226 arte
1095 1158 1417 1228 fabricata
1458 1164 1699 1230 rustica
1724 1217 1741 1244 ‚

330 1265 472 1359 Ego
515 1263 733 1347 arida,
778 1290 822 1332 o
864 1266 1113 1349 viator,
1151 1290 1307 1335 ecce
1350 1266 1637 1360 populus

327 1368 699 1464 Agellulum
738 1370 953 1454 hunc,
998 1373 1292 1457 sinistra,
1331 1386 1473 1440 tute
1512 1399 1708 1467 quem
1744 1378 1926 1446 vides
1952 1432 1968 1462 ‚

330 1479 620 1571 Herique
662 1476 993 1564 villulam,
1032 1478 1507 1573 hortulumque
1550 1486 1859 1575 pauperis

326 1583 538 1666 Tuor,
576 1582 913 1678 malasque
953 1584 1115 1654 furis
1161 1610 1355 1654 arceo
1399 1610 1652 1655 manus.
2237 1625 2258 1662 ε»

329 1690 500 1758 Mihi
538 1690 788 1760 corolla
827 1693 1005 1785 picta
1041 1717 1195 1761 vere
1234 1695 1534 1785 ponitur3

329 1797 497 1865 Mihi
535 1796 780 1867 rubens
817 1800 1015 1867 arista
1053 1799 1190 1867 sole
1230 1798 1526 1881 fervid03

185 2010 334 2061 Ano.
358 2010 746 2080 Argumentum
775 2010 934 2079 hujus
956 2011 1142 2062 carmi·

105 2106 187 2139 ms
223 2107 256 2140 a
303 2089 580 2160 superiore
609 2109 719 2140 non
757 2090 856 2141 nisi
896 2090 1141 2142 carminis

100 2186 299 2236 genere
350 2168 580 2222 iambico
624 2167 806 2222 differt
834 2207 850 2233 ‚
897 2168 1030 2221 adeo
1082 2183 1137 2221 ut

102 2247 378 2317 Catullus,
413 2249 456 2300 si
494 2261 680 2301 auctor
716 2248 912 2301 horum
948 2250 1137 2302 carmi-

100 2346 231 2379 num
270 2330 369 2394 ait,
397 2329 666 2398 ingenium
701 2347 854 2380 suum
886 2329 940 2380 in
982 2330 1136 2380 simili

99 2425 157 2458 re
188 2405 404 2460 diverso
442 2406 607 2461 modo
647 2408 935 2461 exercuisse
967 2408 1138 2460 videa-

101 2499 200 2539 tur.
257 2488 612 2542 Purissimum
663 2490 1135 2559 castigatissimum-

99 2585 202 2637 que
219 2572 345 2639 jure
367 2570 474 2622 hoc
490 2587 701 2621 carmen
727 2582 878 2621 vocat
898 2570 1136 2622 Brouck-

98 2647 282 2701 husius
293 2642 820 2721 apud'Burmannum
833 2648 1133 2702 Secundum

99 2728 153 2778 in
184 2729 410 2782 Anthol.
456 2741 492 2782 t.
527 2730 616 2792 H,
645 2749 699 2799 p.
735 2734 837 2799 67;
870 2748 967 2783 nec
995 2729 1135 2782 indi-

99 2826 263 2877 gnum
285 2807 429 2861 illud
451 2808 638 2861 habuit
655 2809 801 2880 quod
836 2810 1001 2861 multo
1027 2823 1134 2863 stu-

99 2886 220 2953 dio,
241 2890 406 2962 quale
431 2903 543 2942 tum
571 2890 804 2941 fervebat
831 2889 967 2942 inter
992 2890 1135 2942 viros

101 2965 285 3020 doctos
299 3008 318 3035 ‚
340 2967 567 3022 totidem
590 2969 779 3021 iambis
799 2971 945 3040 puris
962 2989 1127 3040 graece

100 3045 349 3101 redderet
367 3049 635 3120 Iosephus
661 3050 912 3119 Scaliger,
936 3050 1004 3102 ad
1028 3050 1132 3101 hoc

98 3146 259 3180 «ιιι-ιιι.
291 3129 350 3180 in
381 3129 548 3181 Catal.
576 3131 697 3183 Vct.
728 3131 873 3181 Poet.

185 3226 234 3262 1.
264 3210 387 3279 Ego
409 3213 787 3281 ecceconjectat
812 3209 1059 3260 Heinsius
1077 3210 1131 3261 in

100 3301 207 3342 not.
232 3288 307 3341 nd
336 3289 534 3343 Catuli.
1119 3338 1133 3349 ,

179 3369 228 3422 3.
270 3370 518 3432 Sinistra,
556 3388 587 3421 e
625 3370 838 3440 regione
876 3370 1026 3440 agelli
1062 3369 1130 3422 ad

98 3447 361 3503 <inis-tram
418 3451 515 3503 nita
539 3488 555 3514 ‚
610 3449 825 3521 exponit
871 3450 1128 3503 Muretus.

98 3528 262 3591 Quod
296 3549 463 3601 quam
503 3527 701 3582 durum
733 3529 831 3594 sit,
861 3549 1026 3601 quum
1059 3531 1129 3582 ob

97 3608 321 3663 alterum
348 3610 626 3682 epitheton
652 3610 794 3661 arida
810 3651 824 3673 ,
853 3609 999 3681 quod
1019 3613 1127 3682 jam

98 3692 398 3760 appositum
433 3702 511 3744 est
544 3697 618 3759 τῷ
635 3690 840 3759 populus
858 3730 874 3752 ,
909 3702 1021 3741 tum
1058 3691 1128 3741 ob

101 3786 220 3823 vere
250 3771 520 3824 sinistram
554 3769 714 3841 hujus
744 3768 958 3840 epitheti
989 3770 1128 3823 loca·

101 3849 294 3907 tionem
320 3849 754 3922 post,Agellulum
787 3851 910 3902 lame
928 3888 942 3910 ,
971 3851 1129 3919 quili-

103 3929 201 3995 bet,
221 3932 439 4005 opinor,
462 3929 672 3984 sentiet.
686 3930 761 3981 Ut
784 3948 926 3982 nunc
940 3929 1129 3999 legitur

104 4007 269 4079 locun,
308 4015 516 4066 aiseium
557 4009 633 4062 ob
674 4011 829 4063 metri
859 4008 1126 4077 'rationem

107 4092 240 4145 nullo
259 4092 427 4147 modo
440 4102 625 4165 potest
642 4108 750 4142 esse
772 4107 917 4143 casus
937 4103 1125 4141 sextus.

106 4167 196 4224 Sed
217 4175 322 4227 sive
341 4191 473 4228 culn
501 4171 722 4224 mureto
744 4173 933 4221 siezistm
957 4167 1024 4221 ad
1047 4190 1133 4238 μο-

1222 2011 1366 2078 pulus
1409 2012 1643 2075 referas,
1693 2014 1801 2064 sive
1850 2033 1975 2066 cum
2012 2016 2254 2070 Livineio

1226 2091 1580 2142 accusativum
1603 2092 1859 2161 pluralem
1874 2113 1973 2164 pro
2000 2094 2250 2149 adverbio

1226 2169 1455 2239 positum
1475 2189 1583 2221 esse
1600 2171 2094 2232 statuaS,durissima
2118 2195 2251 2227 sem-

1225 2268 1322 2317 per
1351 2262 1526 2301 manet
1557 2249 1669 2303 haec
1694 2251 1851 2304 lectio
1880 2272 1893 2306 :
1924 2252 2157 2325 Scaliger
2184 2257 2251 2308 ad

1226 2332 1366 2400 Atyn
1410 2328 1607 2380 Catulli
1649 2329 1746 2394 13,
1776 2352 1877 2402 pro
1917 2338 2111 2386 sim-stra
2151 2350 2250 2388 tute

1223 2409 1431 2460 volebat
1451 2412 1674 2461 sinister-a
1703 2425 1829 2463 ante.
1851 2415 2006 2466 Certe
2026 2416 2112 2466 vix
2141 2417 2245 2471 ulla

1223 2490 1402 2560 paullo
1441 2490 1631 2544 leniori
1657 2493 1860 2546 ratione
1898 2497 2066 2547 sanari
2099 2517 2251 2568 posse

1224 2568 1432 2621 videtur
1463 2570 1552 2622 hic
1592 2572 1905 2640 versiculus,
1932 2594 2091 2647 quem
2135 2592 2246 2629 tan·

1222 2668 1380 2720 quam
1414 2650 1467 2700 in
1507 2670 1563 2702 re
1597 2649 1867 2721 desperata
1897 2654 2142 2708 audacter
2175 2660 2243 2710 ita

1220 2728 1499 2799 diffingere
1539 2745 1587 2782 et
1623 2731 1679 2782 in
1725 2731 1965 2787 ordinem
2007 2736 2245 2807 redigere

1220 2810 1481 2861 tentabam
1501 2849 1515 2873 ‚
1548 2811 1827 2879 Agellulum
1842 2854 1856 2876 ,
1897 2816 1968 2865 ud
2003 2822 2242 2868 sinistram

1220 2890 1393 2940 abinde
1424 2910 1556 2959 quem
1586 2892 1738 2943 vides.
1769 2926 1845 2933 -
1874 2895 2021 2946 Hanc
2063 2897 2243 2949 lectio-

1219 2987 1340 3020 nem
1361 2990 1421 3020 ex
1438 2970 1648 3039 ingenio
1668 2972 1825 3022 nimis
1845 2973 2092 3026 audacter
2110 2979 2243 3029 Doe-

1219 3049 1421 3119 ringius
1455 3052 1730 3121 proponit,
1765 3071 1935 3121 neque
1971 3068 2111 3105 recte
2149 3056 2240 3107 de-

1220 3142 1482 3198 speratum
1514 3130 1692 3182 locum
1722 3135 2058 3201 pronuntiat,
2080 3155 2240 3204 quem

1219 3207 1360 3260 haud
1394 3208 1568 3277 inepte
1593 3210 1831 3262 Muretus
1857 3213 2127 3283 explicuit.
2154 3217 2221 3267 N.

1305 3288 1356 3340 5.
1385 3290 1434 3339 T
1431 3309 1521 3339 um·
1535 3309 1629 3358 pro
1648 3302 1796 3352 tueor,
1815 3293 2034 3344 verbum
2052 3295 2245 3346 Lucre·

1219 3370 1437 3420 tianum.
1472 3371 1648 3431 theor,
1680 3370 1843 3422 Aldus
1872 3387 1921 3424 et
1953 3373 2241 3428 Victorius.

1218 3449 1472 3518 Malasque
1500 3468 1667 3500 munus
1688 3449 1742 3501 h.
1774 3472 1820 3502 e.
1854 3454 2090 3519 nocivas,
2122 3476 2241 3526 per·

1219 3528 1455 3579 niciosas.
1490 3529 1573 3580 Cf.
1605 3530 1808 3582 Tibull.
1840 3533 1943 3593 111,
1975 3534 2033 3595 5,
2065 3555 2163 3600 ao,
2191 3552 2239 3588 et

1219 3609 1367 3677 Virg.
1398 3608 1576 3677 Eclog.
1605 3610 1712 3674 111,
1746 3630 1765 3661 1
1785 3629 1826 3673 μ.
1857 3613 1978 3680 Ipse
2005 3614 2092 3665 fur
2114 3618 2237 3667 siin·

1216 3688 1421 3759 pliciter
1444 3687 1636 3739 dicitur
1665 3692 1815 3740 malus
1842 3691 1983 3762 apud
2012 3693 2238 3747 Martial.

1218 3770 1326 3831 VI,
1357 3773 1458 3835 49,
1488 3788 1543 3837 7·

1298 3853 1330 3901 6
1342 3886 1354 3897 .
1371 3847 1543 3915 Hujus
1556 3867 1734 3899 versus
1749 3851 2011 3922 triumque
2027 3871 2245 3923 sequen-

1217 3927 1380 3992 tium,
1406 3928 1500 3998 qui
1526 3930 1790 3981 sententiae
1820 3943 2053 3982 tenorem
2088 3932 2243 3985 inter·

1216 4021 1503 4079 rumpunt,
1519 4007 1974 4078 interpolationem
1992 4010 2137 4063 haud
2151 4014 2248 4064 im-

1218 4088 1408 4140 merito
1430 4086 1668 4139 Handius
1693 4090 2003 4159 suspicatur.
2030 4092 2101 4142 N.

1304 4187 1353 4237 7.
1385 4168 1573 4220 Rubem
1593 4171 1742 4219 arista
1767 4189 1785 4220 .·
1813 4170 2019 4239 elegans
2045 4174 2248 4244 epithe-

1795 4264 1885 4345 6,
