<?xml version="1.0" encoding="UTF-8"?>
<!DOCTYPE html PUBLIC "-//W3C//DTD XHTML 1.0 Transitional//EN"
    "http://www.w3.org/TR/xhtml1/DTD/xhtml1-transitional.dtd">
<html xmlns="http://www.w3.org/1999/xhtml" xml:lang="en" lang="en">
 <head>
  <title>
</title>
<meta http-equiv="Content-Type" content="text/html;charset=utf-8" />
  <meta name='ocr-system' content='tesseract 3.04.00' />
  <meta name='ocr-capabilities' content='ocr_page ocr_carea ocr_par ocr_line ocrx_word'/>
</head>
<body>
  <div class='ocr_page' id='page_1' title='image "./cvaleriuscatull00naudgoog_0453.png"; bbox 0 0 2986 4935; ppageno 0'>
   <div class='ocr_carea' id='block_1_1' title="bbox 902 454 2393 539">
    <p class='ocr_par' dir='ltr' id='par_1_1' title="bbox 902 454 2393 539">
     <span class='ocr_line' id='line_1_1' title="bbox 902 454 2393 539; baseline 0 -18"><span class='ocrx_word' id='word_1_1' title='bbox 902 455 1162 522; x_wconf 81' lang='lat' dir='ltr'>AETAs</span> <span class='ocrx_word' id='word_1_2' title='bbox 1219 456 1270 520; x_wconf 91' lang='lat'>1.</span> <span class='ocrx_word' id='word_1_3' title='bbox 1330 454 1770 520; x_wconf 82' lang='lat' dir='ltr'>NATALIS.</span> <span class='ocrx_word' id='word_1_4' title='bbox 2257 457 2393 539; x_wconf 72' lang='lat'>44·</span> 
     </span>
    </p>
   </div>
   <div class='ocr_carea' id='block_1_2' title="bbox 244 568 2412 808">
    <p class='ocr_par' dir='ltr' id='par_1_2' title="bbox 244 568 2412 808">
     <span class='ocr_line' id='line_1_2' title="bbox 244 568 2407 673; baseline -0.002 -14"><span class='ocrx_word' id='word_1_5' title='bbox 244 605 388 659; x_wconf 87' lang='lat' dir='ltr'>ant.</span> <span class='ocrx_word' id='word_1_6' title='bbox 419 588 713 658; x_wconf 84' lang='lat' dir='ltr'>Venetiis</span> <span class='ocrx_word' id='word_1_7' title='bbox 738 640 758 671; x_wconf 82' lang='lat'>‚</span> <span class='ocrx_word' id='word_1_8' title='bbox 796 585 915 655; x_wconf 86' lang='lat' dir='ltr'>fol.</span> <span class='ocrx_word' id='word_1_9' title='bbox 955 622 1059 630; x_wconf 95' lang='lat'>—</span> <span class='ocrx_word' id='word_1_10' title='bbox 1095 568 1514 654; x_wconf 87' lang='lat' dir='ltr'>Memoratur</span> <span class='ocrx_word' id='word_1_11' title='bbox 1552 610 1589 653; x_wconf 87' lang='lat' dir='ltr'>a</span> <span class='ocrx_word' id='word_1_12' title='bbox 1631 583 1969 655; x_wconf 87' lang='lat' dir='ltr'>Maittario</span> <span class='ocrx_word' id='word_1_13' title='bbox 2003 588 2077 653; x_wconf 91' lang='lat' dir='ltr'>T.</span> <span class='ocrx_word' id='word_1_14' title='bbox 2126 590 2195 673; x_wconf 85' lang='grc' dir='ltr'>Ι,</span> <span class='ocrx_word' id='word_1_15' title='bbox 2224 590 2292 655; x_wconf 92' lang='lat' dir='ltr'>P.</span> <span class='ocrx_word' id='word_1_16' title='bbox 2335 589 2407 661; x_wconf 81' lang='grc' dir='ltr'>Ι,</span> 
     </span>
     <span class='ocr_line' id='line_1_3' title="bbox 248 690 2412 808; baseline -0.001 -44"><span class='ocrx_word' id='word_1_17' title='bbox 248 723 322 791; x_wconf 88' lang='lat' dir='ltr'>p.</span> <span class='ocrx_word' id='word_1_18' title='bbox 378 695 531 789; x_wconf 85' lang='grc'>469</span> <span class='ocrx_word' id='word_1_19' title='bbox 563 749 581 779; x_wconf 85' lang='grc'>,</span> <span class='ocrx_word' id='word_1_20' title='bbox 624 692 737 763; x_wconf 85' lang='lat' dir='ltr'>sed</span> <span class='ocrx_word' id='word_1_21' title='bbox 774 716 1121 808; x_wconf 84' lang='lat' dir='ltr'>perperam</span> <span class='ocrx_word' id='word_1_22' title='bbox 1152 746 1170 776; x_wconf 88' lang='lat'>‚</span> <span class='ocrx_word' id='word_1_23' title='bbox 1203 717 1407 787; x_wconf 90' lang='lat' dir='ltr'>quum</span> <span class='ocrx_word' id='word_1_24' title='bbox 1452 693 1535 761; x_wconf 92' lang='lat' dir='ltr'>de</span> <span class='ocrx_word' id='word_1_25' title='bbox 1577 693 1866 761; x_wconf 86' lang='lat' dir='ltr'>editione</span> <span class='ocrx_word' id='word_1_26' title='bbox 1920 690 2112 788; x_wconf 78' lang='grc'>1475</span> <span class='ocrx_word' id='word_1_27' title='bbox 2174 718 2412 762; x_wconf 87' lang='lat' dir='ltr'>excusa</span> 
     </span>
    </p>
   </div>
   <div class='ocr_carea' id='block_1_3' title="bbox 233 800 2420 4187">
    <p class='ocr_par' dir='ltr' id='par_1_3' title="bbox 248 800 715 898">
     <span class='ocr_line' id='line_1_4' title="bbox 248 800 715 898; baseline -0.006 -28"><span class='ocrx_word' id='word_1_28' title='bbox 248 828 454 898; x_wconf 80' lang='lat' dir='ltr'>agere</span> <span class='ocrx_word' id='word_1_29' title='bbox 499 800 715 869; x_wconf 79' lang='lat' dir='ltr'>vellet.</span> 
     </span>
    </p>

    <p class='ocr_par' dir='ltr' id='par_1_4' title="bbox 251 903 2411 1213">
     <span class='ocr_line' id='line_1_5' title="bbox 378 903 2411 1000; baseline -0.001 -24"><span class='ocrx_word' id='word_1_30' title='bbox 378 905 756 993; x_wconf 77' lang='lat' dir='ltr'>1485.Val.</span> <span class='ocrx_word' id='word_1_31' title='bbox 789 904 1031 974; x_wconf 84' lang='lat' dir='ltr'>Catulli</span> <span class='ocrx_word' id='word_1_32' title='bbox 1063 919 1368 1000; x_wconf 81' lang='lat' dir='ltr'>poemata</span> <span class='ocrx_word' id='word_1_33' title='bbox 1395 930 1547 973; x_wconf 86' lang='lat' dir='ltr'>cum</span> <span class='ocrx_word' id='word_1_34' title='bbox 1575 903 1842 973; x_wconf 82' lang='lat' dir='ltr'><strong>scholiis</strong></span> <span class='ocrx_word' id='word_1_35' title='bbox 1867 909 2018 973; x_wconf 88' lang='lat' dir='ltr'><strong>Ant.</strong></span> <span class='ocrx_word' id='word_1_36' title='bbox 2051 907 2411 975; x_wconf 70' lang='lat' dir='ltr'>Parthenii</span> 
     </span>
     <span class='ocr_line' id='line_1_6' title="bbox 251 1011 2403 1106; baseline -0.002 -21"><span class='ocrx_word' id='word_1_37' title='bbox 251 1016 532 1099; x_wconf 70' lang='lat' dir='ltr'>Lacisii5</span> <span class='ocrx_word' id='word_1_38' title='bbox 568 1014 836 1097; x_wconf 79' lang='lat' dir='ltr'>Brixiae,</span> <span class='ocrx_word' id='word_1_39' title='bbox 871 1011 978 1081; x_wconf 92' lang='lat' dir='ltr'>fol.</span> <span class='ocrx_word' id='word_1_40' title='bbox 1014 1053 1119 1062; x_wconf 91' lang='lat'><strong>—</strong></span> <span class='ocrx_word' id='word_1_41' title='bbox 1148 1014 1317 1101; x_wconf 84' lang='lat' dir='ltr'>Quae</span> <span class='ocrx_word' id='word_1_42' title='bbox 1355 1012 1556 1080; x_wconf 88' lang='lat' dir='ltr'>editio</span> <span class='ocrx_word' id='word_1_43' title='bbox 1587 1036 1762 1080; x_wconf 89' lang='lat' dir='ltr'>anno</span> <span class='ocrx_word' id='word_1_44' title='bbox 1793 1037 1922 1106; x_wconf 89' lang='lat' dir='ltr'>seq.</span> <span class='ocrx_word' id='word_1_45' title='bbox 1958 1012 2192 1104; x_wconf 88' lang='lat' dir='ltr'>juncta</span> <span class='ocrx_word' id='word_1_46' title='bbox 2223 1013 2403 1081; x_wconf 81' lang='lat' dir='ltr'>vide-</span> 
     </span>
     <span class='ocr_line' id='line_1_7' title="bbox 251 1119 1177 1213; baseline -0.004 -23"><span class='ocrx_word' id='word_1_47' title='bbox 251 1137 373 1190; x_wconf 87' lang='lat' dir='ltr'>tur</span> <span class='ocrx_word' id='word_1_48' title='bbox 399 1119 662 1189; x_wconf 87' lang='lat' dir='ltr'>Tibullo</span> <span class='ocrx_word' id='word_1_49' title='bbox 706 1133 774 1187; x_wconf 86' lang='lat' dir='ltr'>et</span> <span class='ocrx_word' id='word_1_50' title='bbox 812 1120 1177 1213; x_wconf 80' lang='lat' dir='ltr'>Propertio,</span> 
     </span>
    </p>

    <p class='ocr_par' dir='ltr' id='par_1_5' title="bbox 254 1220 2410 2492">
     <span class='ocr_line' id='line_1_8' title="bbox 383 1220 2404 1314; baseline -0.003 -17"><span class='ocrx_word' id='word_1_51' title='bbox 383 1225 604 1312; x_wconf 76' lang='grc'>1486.</span> <span class='ocrx_word' id='word_1_52' title='bbox 638 1224 938 1294; x_wconf 84' lang='lat' dir='ltr'>Catullus</span> <span class='ocrx_word' id='word_1_53' title='bbox 983 1251 1134 1294; x_wconf 90' lang='lat' dir='ltr'>cum</span> <span class='ocrx_word' id='word_1_54' title='bbox 1185 1226 1678 1293; x_wconf 83' lang='lat' dir='ltr'>commentariis</span> <span class='ocrx_word' id='word_1_55' title='bbox 1715 1223 2049 1292; x_wconf 87' lang='lat' dir='ltr'>Parthenii</span> <span class='ocrx_word' id='word_1_56' title='bbox 2087 1220 2226 1314; x_wconf 90' lang='lat' dir='ltr'>(XI</span> <span class='ocrx_word' id='word_1_57' title='bbox 2255 1223 2404 1292; x_wconf 86' lang='lat' dir='ltr'>Kal.</span> 
     </span>
     <span class='ocr_line' id='line_1_9' title="bbox 254 1324 2408 1421; baseline -0.002 -18"><span class='ocrx_word' id='word_1_58' title='bbox 254 1328 465 1421; x_wconf 81' lang='lat' dir='ltr'>Maii)</span> <span class='ocrx_word' id='word_1_59' title='bbox 511 1331 809 1400; x_wconf 86' lang='lat' dir='ltr'>Tibullus</span> <span class='ocrx_word' id='word_1_60' title='bbox 863 1358 1014 1401; x_wconf 90' lang='lat' dir='ltr'>cum</span> <span class='ocrx_word' id='word_1_61' title='bbox 1073 1333 1564 1400; x_wconf 83' lang='lat' dir='ltr'>commentariis</span> <span class='ocrx_word' id='word_1_62' title='bbox 1618 1324 1914 1419; x_wconf 88' lang='lat' dir='ltr'>(XVIII.</span> <span class='ocrx_word' id='word_1_63' title='bbox 1970 1330 2117 1400; x_wconf 90' lang='lat' dir='ltr'>Kal.</span> <span class='ocrx_word' id='word_1_64' title='bbox 2176 1325 2408 1419; x_wconf 84' lang='lat' dir='ltr'>Febr.)</span> 
     </span>
     <span class='ocr_line' id='line_1_10' title="bbox 254 1431 2400 1535; baseline -0.004 -24"><span class='ocrx_word' id='word_1_65' title='bbox 254 1441 646 1535; x_wconf 85' lang='lat' dir='ltr'>Propertius</span> <span class='ocrx_word' id='word_1_66' title='bbox 712 1463 862 1507; x_wconf 88' lang='lat' dir='ltr'>cum</span> <span class='ocrx_word' id='word_1_67' title='bbox 925 1438 1239 1506; x_wconf 85' lang='lat' dir='ltr'>brevibus</span> <span class='ocrx_word' id='word_1_68' title='bbox 1281 1436 1887 1506; x_wconf 86' lang='lat' dir='ltr'>elucubrationibus</span> <span class='ocrx_word' id='word_1_69' title='bbox 1936 1431 2195 1519; x_wconf 83' lang='lat' dir='ltr'>(XVII.</span> <span class='ocrx_word' id='word_1_70' title='bbox 2248 1438 2400 1507; x_wconf 81' lang='lat' dir='ltr'>Kal.</span> 
     </span>
     <span class='ocr_line' id='line_1_11' title="bbox 256 1541 2408 1642; baseline -0.002 -26"><span class='ocrx_word' id='word_1_71' title='bbox 256 1541 502 1642; x_wconf 86' lang='lat' dir='ltr'>April.)</span> <span class='ocrx_word' id='word_1_72' title='bbox 540 1546 773 1613; x_wconf 86' lang='lat' dir='ltr'>Brixiae</span> <span class='ocrx_word' id='word_1_73' title='bbox 815 1570 935 1640; x_wconf 88' lang='lat' dir='ltr'>per</span> <span class='ocrx_word' id='word_1_74' title='bbox 963 1550 1299 1613; x_wconf 79' lang='lat' dir='ltr'>Bonz‘num</span> <span class='ocrx_word' id='word_1_75' title='bbox 1336 1544 1423 1613; x_wconf 81' lang='lat' dir='ltr'>de</span> <span class='ocrx_word' id='word_1_76' title='bbox 1460 1548 1748 1613; x_wconf 81' lang='lat' dir='ltr'>Bom&#39;m&#39;s</span> <span class='ocrx_word' id='word_1_77' title='bbox 1781 1546 1868 1613; x_wconf 78' lang='lat' dir='ltr'>de</span> <span class='ocrx_word' id='word_1_78' title='bbox 1897 1548 2250 1638; x_wconf 75' lang='lat' dir='ltr'>Rugusz&#39;a,</span> <span class='ocrx_word' id='word_1_79' title='bbox 2299 1544 2408 1613; x_wconf 88' lang='lat' dir='ltr'>fol.</span> 
     </span>
     <span class='ocr_line' id='line_1_12' title="bbox 257 1649 2410 1747; baseline 0 -27"><span class='ocrx_word' id='word_1_80' title='bbox 257 1695 371 1706; x_wconf 87' lang='lat'>--</span> <span class='ocrx_word' id='word_1_81' title='bbox 408 1653 746 1721; x_wconf 88' lang='lat' dir='ltr'>Laudatur</span> <span class='ocrx_word' id='word_1_82' title='bbox 789 1649 1026 1747; x_wconf 86' lang='lat' dir='ltr'>vulgo:</span> <span class='ocrx_word' id='word_1_83' title='bbox 1058 1655 1202 1720; x_wconf 88' lang='lat' dir='ltr'>Cat.</span> <span class='ocrx_word' id='word_1_84' title='bbox 1228 1651 1371 1719; x_wconf 91' lang='lat' dir='ltr'>Tib.</span> <span class='ocrx_word' id='word_1_85' title='bbox 1415 1655 1616 1746; x_wconf 88' lang='lat' dir='ltr'>Prop.</span> <span class='ocrx_word' id='word_1_86' title='bbox 1657 1676 1810 1720; x_wconf 89' lang='lat' dir='ltr'>cum</span> <span class='ocrx_word' id='word_1_87' title='bbox 1842 1651 2233 1720; x_wconf 86' lang='lat' dir='ltr'>elucubratt.</span> <span class='ocrx_word' id='word_1_88' title='bbox 2274 1655 2410 1720; x_wconf 89' lang='lat' dir='ltr'>Do·</span> 
     </span>
     <span class='ocr_line' id='line_1_13' title="bbox 254 1754 2405 1855; baseline -0.002 -27"><span class='ocrx_word' id='word_1_89' title='bbox 254 1765 439 1829; x_wconf 78' lang='lat' dir='ltr'>mitu‘</span> <span class='ocrx_word' id='word_1_90' title='bbox 482 1759 832 1831; x_wconf 78' lang='lat' dir='ltr'>Calden’ni</span> <span class='ocrx_word' id='word_1_91' title='bbox 867 1774 932 1828; x_wconf 86' lang='lat' dir='ltr'>et</span> <span class='ocrx_word' id='word_1_92' title='bbox 969 1758 1248 1826; x_wconf 89' lang='lat' dir='ltr'>aliorum</span> <span class='ocrx_word' id='word_1_93' title='bbox 1284 1754 1373 1846; x_wconf 85' lang='lat' dir='ltr'>(V.</span> <span class='ocrx_word' id='word_1_94' title='bbox 1414 1756 1581 1825; x_wconf 93' lang='lat' dir='ltr'>Bibl.</span> <span class='ocrx_word' id='word_1_95' title='bbox 1622 1760 1785 1851; x_wconf 84' lang='lat' dir='ltr'>Reg.</span> <span class='ocrx_word' id='word_1_96' title='bbox 1817 1761 2020 1826; x_wconf 89' lang='lat' dir='ltr'>Paris.</span> <span class='ocrx_word' id='word_1_97' title='bbox 2063 1784 2124 1852; x_wconf 90' lang='lat' dir='ltr'>p.</span> <span class='ocrx_word' id='word_1_98' title='bbox 2161 1758 2305 1855; x_wconf 82' lang='lat'>287</span> <span class='ocrx_word' id='word_1_99' title='bbox 2342 1785 2405 1826; x_wconf 92' lang='lat' dir='ltr'>n.</span> 
     </span>
     <span class='ocr_line' id='line_1_14' title="bbox 263 1859 2404 1962; baseline -0.001 -29"><span class='ocrx_word' id='word_1_100' title='bbox 263 1859 478 1962; x_wconf 87' lang='lat'>779).</span> <span class='ocrx_word' id='word_1_101' title='bbox 522 1865 651 1934; x_wconf 88' lang='lat' dir='ltr'>Sed</span> <span class='ocrx_word' id='word_1_102' title='bbox 696 1867 973 1933; x_wconf 91' lang='lat' dir='ltr'>Domitii</span> <span class='ocrx_word' id='word_1_103' title='bbox 1015 1863 1347 1933; x_wconf 86' lang='lat' dir='ltr'>Calderini</span> <span class='ocrx_word' id='word_1_104' title='bbox 1393 1879 1567 1932; x_wconf 87' lang='lat' dir='ltr'>notae</span> <span class='ocrx_word' id='word_1_105' title='bbox 1610 1878 1867 1931; x_wconf 87' lang='lat' dir='ltr'>tantum</span> <span class='ocrx_word' id='word_1_106' title='bbox 1910 1879 2063 1932; x_wconf 86' lang='lat' dir='ltr'>sunt</span> <span class='ocrx_word' id='word_1_107' title='bbox 2101 1867 2166 1933; x_wconf 88' lang='lat' dir='ltr'>in</span> <span class='ocrx_word' id='word_1_108' title='bbox 2208 1868 2404 1958; x_wconf 87' lang='lat' dir='ltr'>Prop.</span> 
     </span>
     <span class='ocr_line' id='line_1_15' title="bbox 259 1970 2406 2066; baseline -0.001 -26"><span class='ocrx_word' id='word_1_109' title='bbox 259 2007 373 2019; x_wconf 91' lang='grc'>·-·</span> <span class='ocrx_word' id='word_1_110' title='bbox 398 1973 583 2040; x_wconf 89' lang='lat' dir='ltr'>Vidit</span> <span class='ocrx_word' id='word_1_111' title='bbox 613 1970 1014 2066; x_wconf 86' lang='lat' dir='ltr'>exemplaria</span> <span class='ocrx_word' id='word_1_112' title='bbox 1055 1970 1154 2039; x_wconf 92' lang='lat' dir='ltr'>Cl.</span> <span class='ocrx_word' id='word_1_113' title='bbox 1198 1975 1470 2062; x_wconf 78' lang='lat' dir='ltr'>Heytze‚</span> <span class='ocrx_word' id='word_1_114' title='bbox 1509 1973 1577 2038; x_wconf 87' lang='lat' dir='ltr'>in</span> <span class='ocrx_word' id='word_1_115' title='bbox 1613 1970 1850 2063; x_wconf 88' lang='lat' dir='ltr'>quibus</span> <span class='ocrx_word' id='word_1_116' title='bbox 1881 1971 2141 2038; x_wconf 86' lang='lat' dir='ltr'>diverso</span> <span class='ocrx_word' id='word_1_117' title='bbox 2175 1972 2406 2040; x_wconf 89' lang='lat' dir='ltr'>ordine</span> 
     </span>
     <span class='ocr_line' id='line_1_16' title="bbox 260 2073 2410 2173; baseline -0.001 -25"><span class='ocrx_word' id='word_1_118' title='bbox 260 2105 338 2148; x_wconf 87' lang='lat' dir='ltr'>se</span> <span class='ocrx_word' id='word_1_119' title='bbox 375 2081 752 2173; x_wconf 84' lang='lat' dir='ltr'>exciperent</span> <span class='ocrx_word' id='word_1_120' title='bbox 788 2077 1155 2172; x_wconf 81' lang='lat' dir='ltr'>particulae3</span> <span class='ocrx_word' id='word_1_121' title='bbox 1200 2079 1265 2144; x_wconf 91' lang='lat' dir='ltr'>in</span> <span class='ocrx_word' id='word_1_122' title='bbox 1310 2073 1482 2159; x_wconf 77' lang='lat' dir='ltr'>aliis,</span> <span class='ocrx_word' id='word_1_123' title='bbox 1521 2076 1698 2169; x_wconf 93' lang='lat' dir='ltr'>quod</span> <span class='ocrx_word' id='word_1_124' title='bbox 1743 2091 1807 2143; x_wconf 92' lang='lat' dir='ltr'>et</span> <span class='ocrx_word' id='word_1_125' title='bbox 1852 2079 1916 2142; x_wconf 88' lang='lat' dir='ltr'>in</span> <span class='ocrx_word' id='word_1_126' title='bbox 1958 2080 2208 2146; x_wconf 85' lang='lat' dir='ltr'>caeteris</span> <span class='ocrx_word' id='word_1_127' title='bbox 2249 2081 2410 2146; x_wconf 85' lang='lat' dir='ltr'>anti·</span> 
     </span>
     <span class='ocr_line' id='line_1_17' title="bbox 261 2183 2404 2279; baseline 0 -27"><span class='ocrx_word' id='word_1_128' title='bbox 261 2188 413 2279; x_wconf 91' lang='lat' dir='ltr'>quis</span> <span class='ocrx_word' id='word_1_129' title='bbox 441 2185 585 2253; x_wconf 85' lang='lat' dir='ltr'>edd.</span> <span class='ocrx_word' id='word_1_130' title='bbox 618 2210 790 2278; x_wconf 81' lang='lat' dir='ltr'>saepe</span> <span class='ocrx_word' id='word_1_131' title='bbox 821 2185 1070 2253; x_wconf 90' lang='lat' dir='ltr'>factum</span> <span class='ocrx_word' id='word_1_132' title='bbox 1094 2235 1111 2265; x_wconf 88' lang='lat'><strong>‚</strong></span> <span class='ocrx_word' id='word_1_133' title='bbox 1162 2185 1542 2277; x_wconf 86' lang='lat' dir='ltr'>Propertius</span> <span class='ocrx_word' id='word_1_134' title='bbox 1573 2183 1815 2251; x_wconf 83' lang='lat' dir='ltr'>decrat.</span> <span class='ocrx_word' id='word_1_135' title='bbox 1848 2187 2006 2251; x_wconf 84' lang='lat' dir='ltr'>Haec</span> <span class='ocrx_word' id='word_1_136' title='bbox 2042 2184 2244 2252; x_wconf 90' lang='lat' dir='ltr'>editio</span> <span class='ocrx_word' id='word_1_137' title='bbox 2268 2186 2404 2277; x_wconf 86' lang='lat' dir='ltr'>jam</span> 
     </span>
     <span class='ocr_line' id='line_1_18' title="bbox 262 2288 2405 2381; baseline -0.001 -21"><span class='ocrx_word' id='word_1_138' title='bbox 262 2316 539 2360; x_wconf 84' lang='lat' dir='ltr'>excussa</span> <span class='ocrx_word' id='word_1_139' title='bbox 576 2292 700 2358; x_wconf 89' lang='lat' dir='ltr'>fuit</span> <span class='ocrx_word' id='word_1_140' title='bbox 726 2315 766 2357; x_wconf 87' lang='lat' dir='ltr'>a</span> <span class='ocrx_word' id='word_1_141' title='bbox 796 2290 1268 2359; x_wconf 87' lang='lat' dir='ltr'>Brouckhusio.</span> <span class='ocrx_word' id='word_1_142' title='bbox 1312 2292 1643 2357; x_wconf 91' lang='lat' dir='ltr'>Convenit</span> <span class='ocrx_word' id='word_1_143' title='bbox 1680 2290 1819 2381; x_wconf 87' lang='lat' dir='ltr'>ejus</span> <span class='ocrx_word' id='word_1_144' title='bbox 1856 2288 2050 2359; x_wconf 85' lang='lat' dir='ltr'>lectio</span> <span class='ocrx_word' id='word_1_145' title='bbox 2085 2291 2218 2359; x_wconf 87' lang='lat' dir='ltr'>fere</span> <span class='ocrx_word' id='word_1_146' title='bbox 2251 2317 2405 2360; x_wconf 88' lang='lat' dir='ltr'>cum</span> 
     </span>
     <span class='ocr_line' id='line_1_19' title="bbox 263 2396 2297 2492; baseline 0 -26"><span class='ocrx_word' id='word_1_147' title='bbox 263 2400 609 2484; x_wconf 85' lang='lat' dir='ltr'>Romana,</span> <span class='ocrx_word' id='word_1_148' title='bbox 648 2413 722 2465; x_wconf 86' lang='lat' dir='ltr'>ut</span> <span class='ocrx_word' id='word_1_149' title='bbox 758 2412 1014 2465; x_wconf 85' lang='lat' dir='ltr'>tantum</span> <span class='ocrx_word' id='word_1_150' title='bbox 1055 2422 1188 2465; x_wconf 89' lang='lat' dir='ltr'>non</span> <span class='ocrx_word' id='word_1_151' title='bbox 1230 2423 1309 2464; x_wconf 84' lang='lat' dir='ltr'>ex</span> <span class='ocrx_word' id='word_1_152' title='bbox 1346 2422 1424 2464; x_wconf 87' lang='lat' dir='ltr'>ea</span> <span class='ocrx_word' id='word_1_153' title='bbox 1464 2397 1792 2492; x_wconf 84' lang='lat' dir='ltr'>descripta</span> <span class='ocrx_word' id='word_1_154' title='bbox 1834 2396 2038 2465; x_wconf 88' lang='lat' dir='ltr'>videri</span> <span class='ocrx_word' id='word_1_155' title='bbox 2071 2400 2297 2492; x_wconf 88' lang='lat' dir='ltr'>possit.</span> 
     </span>
    </p>

    <p class='ocr_par' dir='ltr' id='par_1_6' title="bbox 264 2504 2408 3133">
     <span class='ocr_line' id='line_1_20' title="bbox 392 2504 2403 2600; baseline -0 -26"><span class='ocrx_word' id='word_1_156' title='bbox 392 2505 955 2600; x_wconf 69' lang='lat' dir='ltr'>1487.Tibullus‚</span> <span class='ocrx_word' id='word_1_157' title='bbox 996 2504 1336 2589; x_wconf 77' lang='lat' dir='ltr'>Catullu5‚</span> <span class='ocrx_word' id='word_1_158' title='bbox 1389 2506 1789 2599; x_wconf 85' lang='lat' dir='ltr'>Propertius.</span> <span class='ocrx_word' id='word_1_159' title='bbox 1835 2508 2147 2600; x_wconf 85' lang='lat' dir='ltr'>Impressi</span> <span class='ocrx_word' id='word_1_160' title='bbox 2191 2509 2403 2575; x_wconf 60' lang='lat' dir='ltr'>Veness</span> 
     </span>
     <span class='ocr_line' id='line_1_21' title="bbox 265 2611 2397 2707; baseline -0.001 -26"><span class='ocrx_word' id='word_1_161' title='bbox 265 2614 406 2698; x_wconf 82' lang='lat' dir='ltr'>tiis,</span> <span class='ocrx_word' id='word_1_162' title='bbox 447 2638 564 2707; x_wconf 91' lang='lat' dir='ltr'>per</span> <span class='ocrx_word' id='word_1_163' title='bbox 601 2612 930 2680; x_wconf 87' lang='lat' dir='ltr'>Andream</span> <span class='ocrx_word' id='word_1_164' title='bbox 964 2611 1051 2679; x_wconf 85' lang='lat' dir='ltr'>de</span> <span class='ocrx_word' id='word_1_165' title='bbox 1085 2611 1624 2680; x_wconf 74' lang='lat' dir='ltr'>Palthaschichis</span> <span class='ocrx_word' id='word_1_166' title='bbox 1661 2614 2097 2680; x_wconf 87' lang='lat' dir='ltr'>Catanensem</span> <span class='ocrx_word' id='word_1_167' title='bbox 2120 2665 2139 2697; x_wconf 88' lang='lat'>‚</span> <span class='ocrx_word' id='word_1_168' title='bbox 2173 2612 2282 2681; x_wconf 91' lang='lat' dir='ltr'>fol.</span> <span class='ocrx_word' id='word_1_169' title='bbox 2315 2648 2397 2656; x_wconf 94' lang='lat'>—-</span> 
     </span>
     <span class='ocr_line' id='line_1_22' title="bbox 264 2718 2405 2811; baseline -0 -23"><span class='ocrx_word' id='word_1_170' title='bbox 264 2722 377 2788; x_wconf 87' lang='lat' dir='ltr'>De</span> <span class='ocrx_word' id='word_1_171' title='bbox 410 2719 532 2787; x_wconf 88' lang='lat' dir='ltr'>hac</span> <span class='ocrx_word' id='word_1_172' title='bbox 579 2718 892 2801; x_wconf 79' lang='lat' dir='ltr'>editione,</span> <span class='ocrx_word' id='word_1_173' title='bbox 935 2743 1082 2811; x_wconf 89' lang='lat' dir='ltr'>quae</span> <span class='ocrx_word' id='word_1_174' title='bbox 1115 2744 1194 2785; x_wconf 83' lang='lat' dir='ltr'>ex</span> <span class='ocrx_word' id='word_1_175' title='bbox 1237 2718 1556 2811; x_wconf 88' lang='lat' dir='ltr'>superiori</span> <span class='ocrx_word' id='word_1_176' title='bbox 1596 2719 1914 2785; x_wconf 83' lang='lat' dir='ltr'>Brixiensi</span> <span class='ocrx_word' id='word_1_177' title='bbox 1959 2721 2234 2811; x_wconf 87' lang='lat' dir='ltr'>repetita</span> <span class='ocrx_word' id='word_1_178' title='bbox 2266 2734 2405 2800; x_wconf 81' lang='lat' dir='ltr'>est,</span> 
     </span>
     <span class='ocr_line' id='line_1_23' title="bbox 264 2824 2401 2920; baseline -0.002 -26"><span class='ocrx_word' id='word_1_179' title='bbox 264 2827 563 2920; x_wconf 86' lang='lat' dir='ltr'>repetitis</span> <span class='ocrx_word' id='word_1_180' title='bbox 622 2850 885 2919; x_wconf 87' lang='lat' dir='ltr'>quoque</span> <span class='ocrx_word' id='word_1_181' title='bbox 931 2824 1160 2892; x_wconf 89' lang='lat' dir='ltr'>iisdem</span> <span class='ocrx_word' id='word_1_182' title='bbox 1219 2824 1744 2907; x_wconf 83' lang='lat' dir='ltr'>commentariis,</span> <span class='ocrx_word' id='word_1_183' title='bbox 1803 2824 2037 2892; x_wconf 88' lang='lat' dir='ltr'>Editor</span> <span class='ocrx_word' id='word_1_184' title='bbox 2088 2827 2401 2894; x_wconf 81' lang='lat' dir='ltr'>Cantabr.</span> 
     </span>
     <span class='ocr_line' id='line_1_24' title="bbox 278 2931 2397 3025; baseline -0.001 -24"><span class='ocrx_word' id='word_1_185' title='bbox 278 2932 621 3016; x_wconf 76' lang='lat' dir='ltr'>Tibullus,</span> <span class='ocrx_word' id='word_1_186' title='bbox 675 2933 916 3024; x_wconf 88' lang='lat' dir='ltr'>inquit,</span> <span class='ocrx_word' id='word_1_187' title='bbox 958 2955 1144 2999; x_wconf 74' lang='lat' dir='ltr'>armo</span> <span class='ocrx_word' id='word_1_188' title='bbox 1197 2931 1421 3025; x_wconf 74' lang='grc'>1487,</span> <span class='ocrx_word' id='word_1_189' title='bbox 1465 2936 1535 2996; x_wconf 77' lang='lat' dir='ltr'>c&#39;tz</span> <span class='ocrx_word' id='word_1_190' title='bbox 1581 2954 1717 3022; x_wconf 84' lang='lat' dir='ltr'>quo</span> <span class='ocrx_word' id='word_1_191' title='bbox 1757 2946 1987 2997; x_wconf 79' lang='lat' dir='ltr'>autem</span> <span class='ocrx_word' id='word_1_192' title='bbox 2035 2955 2220 2998; x_wconf 76' lang='lat' dir='ltr'>anuo</span> <span class='ocrx_word' id='word_1_193' title='bbox 2272 2936 2397 3003; x_wconf 78' lang='lat' dir='ltr'>Ca-</span> 
     </span>
     <span class='ocr_line' id='line_1_25' title="bbox 266 3036 2408 3133; baseline -0.002 -26"><span class='ocrx_word' id='word_1_194' title='bbox 266 3041 478 3107; x_wconf 76' lang='lat' dir='ltr'>tullus</span> <span class='ocrx_word' id='word_1_195' title='bbox 510 3045 602 3107; x_wconf 81' lang='lat' dir='ltr'>sit</span> <span class='ocrx_word' id='word_1_196' title='bbox 642 3043 1045 3133; x_wconf 79' lang='lat' dir='ltr'>impressus,</span> <span class='ocrx_word' id='word_1_197' title='bbox 1089 3038 1281 3104; x_wconf 82' lang='lat' dir='ltr'>nulla</span> <span class='ocrx_word' id='word_1_198' title='bbox 1292 3037 1407 3126; x_wconf 74' lang='lat' dir='ltr'>fit</span> <span class='ocrx_word' id='word_1_199' title='bbox 1447 3042 1716 3103; x_wconf 69' lang='lat' dir='ltr'>mentio.</span> <span class='ocrx_word' id='word_1_200' title='bbox 1756 3036 1884 3104; x_wconf 87' lang='lat' dir='ltr'>Sed</span> <span class='ocrx_word' id='word_1_201' title='bbox 1926 3039 2298 3105; x_wconf 87' lang='lat' dir='ltr'>Maittarius</span> <span class='ocrx_word' id='word_1_202' title='bbox 2343 3039 2408 3104; x_wconf 89' lang='lat' dir='ltr'>id</span> 
     </span>
    </p>

    <p class='ocr_par' dir='ltr' id='par_1_7' title="bbox 233 3142 2420 4187">
     <span class='ocr_line' id='line_1_26' title="bbox 234 3142 2414 3239; baseline 0 -27"><span class='ocrx_word' id='word_1_203' title='bbox 234 3235 238 3239; x_wconf 19' lang='grc' dir='ltr'>ι</span> <span class='ocrx_word' id='word_1_204' title='bbox 267 3144 569 3214; x_wconf 80' lang='lat' dir='ltr'>definivit</span> <span class='ocrx_word' id='word_1_205' title='bbox 600 3144 638 3212; x_wconf 94' lang='lat' dir='ltr'>l.</span> <span class='ocrx_word' id='word_1_206' title='bbox 667 3171 720 3212; x_wconf 88' lang='lat' dir='ltr'>c.</span> <span class='ocrx_word' id='word_1_207' title='bbox 753 3171 816 3238; x_wconf 90' lang='lat' dir='ltr'>p.</span> <span class='ocrx_word' id='word_1_208' title='bbox 845 3144 993 3228; x_wconf 90' lang='grc'>484</span> <span class='ocrx_word' id='word_1_209' title='bbox 1019 3197 1035 3228; x_wconf 90' lang='grc'><em>,</em></span> <span class='ocrx_word' id='word_1_210' title='bbox 1069 3158 1136 3210; x_wconf 90' lang='lat' dir='ltr'>et</span> <span class='ocrx_word' id='word_1_211' title='bbox 1164 3145 1302 3236; x_wconf 89' lang='lat' dir='ltr'>ipsa</span> <span class='ocrx_word' id='word_1_212' title='bbox 1334 3169 1435 3210; x_wconf 90' lang='lat' dir='ltr'>res</span> <span class='ocrx_word' id='word_1_213' title='bbox 1459 3142 1698 3210; x_wconf 89' lang='lat' dir='ltr'>docere</span> <span class='ocrx_word' id='word_1_214' title='bbox 1726 3156 2019 3236; x_wconf 85' lang='lat' dir='ltr'>poterat:</span> <span class='ocrx_word' id='word_1_215' title='bbox 2041 3147 2164 3211; x_wconf 68' lang='lat' dir='ltr'>Ex</span> <span class='ocrx_word' id='word_1_216' title='bbox 2185 3151 2414 3238; x_wconf 71' lang='lat' dir='ltr'>sigua:</span> 
     </span>
     <span class='ocr_line' id='line_1_27' title="bbox 269 3245 2409 3345; baseline 0 -25"><span class='ocrx_word' id='word_1_217' title='bbox 269 3257 444 3320; x_wconf 81' lang='lat' dir='ltr'>turis</span> <span class='ocrx_word' id='word_1_218' title='bbox 485 3251 584 3343; x_wconf 73' lang='lat' dir='ltr'>(s</span> <span class='ocrx_word' id='word_1_219' title='bbox 618 3245 722 3344; x_wconf 81' lang='lat' dir='ltr'>g.)</span> <span class='ocrx_word' id='word_1_220' title='bbox 757 3275 1048 3345; x_wconf 81' lang='lat' dir='ltr'>quarum</span> <span class='ocrx_word' id='word_1_221' title='bbox 1088 3250 1237 3318; x_wconf 81' lang='lat' dir='ltr'>lzoec</span> <span class='ocrx_word' id='word_1_222' title='bbox 1276 3251 1467 3318; x_wconf 78' lang='lat' dir='ltr'>illam</span> <span class='ocrx_word' id='word_1_223' title='bbox 1509 3254 1813 3342; x_wconf 79' lang='lat' dir='ltr'>seqzu&#39;cut·</span> <span class='ocrx_word' id='word_1_224' title='bbox 1834 3304 1852 3334; x_wconf 86' lang='lat'><strong>‚</strong></span> <span class='ocrx_word' id='word_1_225' title='bbox 1897 3266 2204 3335; x_wconf 79' lang='lat' dir='ltr'>constat,</span> <span class='ocrx_word' id='word_1_226' title='bbox 2271 3253 2409 3320; x_wconf 79' lang='lat' dir='ltr'>Ca-</span> 
     </span>
     <span class='ocr_line' id='line_1_28' title="bbox 265 3357 2412 3452; baseline -0.001 -25"><span class='ocrx_word' id='word_1_227' title='bbox 265 3359 512 3428; x_wconf 78' lang='lat' dir='ltr'>tullum</span> <span class='ocrx_word' id='word_1_228' title='bbox 540 3357 633 3426; x_wconf 83' lang='lat' dir='ltr'>ab</span> <span class='ocrx_word' id='word_1_229' title='bbox 662 3358 896 3426; x_wconf 83' lang='lat' dir='ltr'>eodem</span> <span class='ocrx_word' id='word_1_230' title='bbox 937 3358 1366 3452; x_wconf 67' lang='lat' dir='ltr'>{ypograplzo</span> <span class='ocrx_word' id='word_1_231' title='bbox 1409 3372 1481 3424; x_wconf 80' lang='lat' dir='ltr'>et</span> <span class='ocrx_word' id='word_1_232' title='bbox 1518 3380 1706 3424; x_wconf 80' lang='lat' dir='ltr'>anno</span> <span class='ocrx_word' id='word_1_233' title='bbox 1741 3357 1974 3425; x_wconf 81' lang='lat' dir='ltr'>eodem</span> <span class='ocrx_word' id='word_1_234' title='bbox 2019 3382 2412 3451; x_wconf 75' lang='lat' dir='ltr'>expressum</span> 
     </span>
     <span class='ocr_line' id='line_1_29' title="bbox 233 3463 2420 3559; baseline 0 -26"><span class='ocrx_word' id='word_1_235' title='bbox 233 3466 490 3559; x_wconf 75' lang='lat' dir='ltr'>fuisse</span> <span class='ocrx_word' id='word_1_236' title='bbox 503 3492 529 3550; x_wconf 88' lang='lat'><em>;</em></span> <span class='ocrx_word' id='word_1_237' title='bbox 565 3471 871 3558; x_wconf 79' lang='lat' dir='ltr'>quamvis</span> <span class='ocrx_word' id='word_1_238' title='bbox 907 3464 1322 3558; x_wconf 64' lang='lat' dir='ltr'>{ypograplzi</span> <span class='ocrx_word' id='word_1_239' title='bbox 1347 3480 1418 3532; x_wconf 83' lang='lat' dir='ltr'>et</span> <span class='ocrx_word' id='word_1_240' title='bbox 1454 3469 1630 3531; x_wconf 75' lang='lat' dir='ltr'>anni</span> <span class='ocrx_word' id='word_1_241' title='bbox 1656 3463 1974 3532; x_wconf 60' lang='lat' dir='ltr'>mdia-mm</span> <span class='ocrx_word' id='word_1_242' title='bbox 2023 3465 2127 3532; x_wconf 80' lang='lat' dir='ltr'>ad</span> <span class='ocrx_word' id='word_1_243' title='bbox 2171 3464 2420 3533; x_wconf 75' lang='lat' dir='ltr'>Tibulli</span> 
     </span>
     <span class='ocr_line' id='line_1_30' title="bbox 265 3569 2410 3665; baseline -0.001 -24"><span class='ocrx_word' id='word_1_244' title='bbox 265 3574 485 3641; x_wconf 80' lang='lat' dir='ltr'>solius</span> <span class='ocrx_word' id='word_1_245' title='bbox 531 3573 788 3640; x_wconf 83' lang='lat' dir='ltr'>calcem</span> <span class='ocrx_word' id='word_1_246' title='bbox 829 3570 1247 3664; x_wconf 78' lang='lat' dir='ltr'>adponalur.</span> <span class='ocrx_word' id='word_1_247' title='bbox 1294 3574 1369 3638; x_wconf 90' lang='lat' dir='ltr'>In</span> <span class='ocrx_word' id='word_1_248' title='bbox 1416 3569 1557 3638; x_wconf 88' lang='lat' dir='ltr'>aliis</span> <span class='ocrx_word' id='word_1_249' title='bbox 1604 3570 2085 3665; x_wconf 81' lang='lat' dir='ltr'>exemplaribus</span> <span class='ocrx_word' id='word_1_250' title='bbox 2133 3574 2410 3663; x_wconf 84' lang='lat' dir='ltr'>Proper-</span> 
     </span>
     <span class='ocr_line' id='line_1_31' title="bbox 269 3678 2408 3770; baseline 0 -25"><span class='ocrx_word' id='word_1_251' title='bbox 269 3680 442 3746; x_wconf 89' lang='lat' dir='ltr'>tium</span> <span class='ocrx_word' id='word_1_252' title='bbox 476 3679 731 3765; x_wconf 85' lang='lat' dir='ltr'>deesse,</span> <span class='ocrx_word' id='word_1_253' title='bbox 773 3702 850 3745; x_wconf 86' lang='lat' dir='ltr'>ex</span> <span class='ocrx_word' id='word_1_254' title='bbox 898 3678 1131 3746; x_wconf 89' lang='lat' dir='ltr'>eodem</span> <span class='ocrx_word' id='word_1_255' title='bbox 1179 3679 1515 3745; x_wconf 85' lang='lat' dir='ltr'>Maittario</span> <span class='ocrx_word' id='word_1_256' title='bbox 1553 3692 1770 3770; x_wconf 83' lang='lat' dir='ltr'>patet,</span> <span class='ocrx_word' id='word_1_257' title='bbox 1813 3678 1922 3744; x_wconf 89' lang='lat' dir='ltr'>ubi</span> <span class='ocrx_word' id='word_1_258' title='bbox 1966 3680 2207 3744; x_wconf 87' lang='lat' dir='ltr'>omisso</span> <span class='ocrx_word' id='word_1_259' title='bbox 2249 3681 2408 3745; x_wconf 88' lang='lat' dir='ltr'>Pro-</span> 
     </span>
     <span class='ocr_line' id='line_1_32' title="bbox 268 3782 2412 3878; baseline 0 -27"><span class='ocrx_word' id='word_1_260' title='bbox 268 3787 524 3878; x_wconf 85' lang='lat' dir='ltr'>pertio,</span> <span class='ocrx_word' id='word_1_261' title='bbox 570 3799 822 3851; x_wconf 87' lang='lat' dir='ltr'>tantum</span> <span class='ocrx_word' id='word_1_262' title='bbox 867 3783 1200 3851; x_wconf 89' lang='lat' dir='ltr'>Tibullum</span> <span class='ocrx_word' id='word_1_263' title='bbox 1252 3798 1316 3851; x_wconf 84' lang='lat' dir='ltr'>et</span> <span class='ocrx_word' id='word_1_264' title='bbox 1371 3783 1703 3852; x_wconf 87' lang='lat' dir='ltr'>Catullum</span> <span class='ocrx_word' id='word_1_265' title='bbox 1754 3798 2075 3851; x_wconf 88' lang='lat' dir='ltr'>memorat</span> <span class='ocrx_word' id='word_1_266' title='bbox 2117 3782 2295 3851; x_wconf 85' lang='lat' dir='ltr'>hunc</span> <span class='ocrx_word' id='word_1_267' title='bbox 2350 3788 2412 3851; x_wconf 89' lang='lat' dir='ltr'>in</span> 
     </span>
     <span class='ocr_line' id='line_1_33' title="bbox 271 3890 2413 3982; baseline -0 -23"><span class='ocrx_word' id='word_1_268' title='bbox 271 3890 549 3959; x_wconf 89' lang='lat' dir='ltr'>modum</span> <span class='ocrx_word' id='word_1_269' title='bbox 583 3918 598 3956; x_wconf 90' lang='lat'>:</span> <span class='ocrx_word' id='word_1_270' title='bbox 638 3890 939 3959; x_wconf 70' lang='lat' dir='ltr'>Tibullus</span> <span class='ocrx_word' id='word_1_271' title='bbox 974 3915 1124 3958; x_wconf 86' lang='lat' dir='ltr'>cum</span> <span class='ocrx_word' id='word_1_272' title='bbox 1159 3895 1658 3958; x_wconf 75' lang='lat' dir='ltr'>commentariis</span> <span class='ocrx_word' id='word_1_273' title='bbox 1688 3915 1828 3982; x_wconf 75' lang='lat' dir='ltr'>pet·</span> <span class='ocrx_word' id='word_1_274' title='bbox 1873 3890 2095 3956; x_wconf 75' lang='lat' dir='ltr'>Andr.</span> <span class='ocrx_word' id='word_1_275' title='bbox 2141 3891 2228 3958; x_wconf 75' lang='lat' dir='ltr'>(le</span> <span class='ocrx_word' id='word_1_276' title='bbox 2275 3896 2413 3958; x_wconf 76' lang='lat' dir='ltr'>Pa-</span> 
     </span>
     <span class='ocr_line' id='line_1_34' title="bbox 272 3992 2412 4089; baseline 0.001 -26"><span class='ocrx_word' id='word_1_277' title='bbox 272 3997 639 4066; x_wconf 73' lang='lat' dir='ltr'>raschiscis</span> <span class='ocrx_word' id='word_1_278' title='bbox 676 3992 807 4082; x_wconf 84' lang='lat' dir='ltr'>(ita</span> <span class='ocrx_word' id='word_1_279' title='bbox 844 3999 1076 4064; x_wconf 84' lang='lat' dir='ltr'>vitiose</span> <span class='ocrx_word' id='word_1_280' title='bbox 1125 3996 1450 4089; x_wconf 84' lang='lat' dir='ltr'>appellat,</span> <span class='ocrx_word' id='word_1_281' title='bbox 1492 3998 1558 4062; x_wconf 89' lang='lat' dir='ltr'>in</span> <span class='ocrx_word' id='word_1_282' title='bbox 1601 3996 1816 4062; x_wconf 83' lang='lat' dir='ltr'>indice</span> <span class='ocrx_word' id='word_1_283' title='bbox 1857 4021 2013 4062; x_wconf 75' lang='lat' dir='ltr'>vcro</span> <span class='ocrx_word' id='word_1_284' title='bbox 2044 3997 2130 4063; x_wconf 71' lang='lat' dir='ltr'>cle</span> <span class='ocrx_word' id='word_1_285' title='bbox 2167 4000 2412 4065; x_wconf 76' lang='lat' dir='ltr'>Palla-</span> 
     </span>
     <span class='ocr_line' id='line_1_35' title="bbox 274 4098 2414 4187; baseline -0.001 -16"><span class='ocrx_word' id='word_1_286' title='bbox 274 4098 584 4187; x_wconf 64' lang='lat' dir='ltr'>schiscclr)</span> <span class='ocrx_word' id='word_1_287' title='bbox 612 4107 883 4172; x_wconf 88' lang='lat' dir='ltr'><em>XVIII.</em></span> <span class='ocrx_word' id='word_1_288' title='bbox 927 4106 1085 4170; x_wconf 81' lang='lat' dir='ltr'>Kal.</span> <span class='ocrx_word' id='word_1_289' title='bbox 1119 4107 1273 4171; x_wconf 78' lang='lat' dir='ltr'>Jan.</span> <span class='ocrx_word' id='word_1_290' title='bbox 1309 4107 1404 4169; x_wconf 74' lang='lat' dir='ltr'>Et</span> <span class='ocrx_word' id='word_1_291' title='bbox 1443 4103 1752 4172; x_wconf 79' lang='lat' dir='ltr'>Catullus</span> <span class='ocrx_word' id='word_1_292' title='bbox 1788 4127 1935 4170; x_wconf 82' lang='lat' dir='ltr'>cum</span> <span class='ocrx_word' id='word_1_293' title='bbox 1977 4128 2211 4172; x_wconf 74' lang='lat' dir='ltr'>comm.</span> <span class='ocrx_word' id='word_1_294' title='bbox 2247 4108 2414 4173; x_wconf 66' lang='lat' dir='ltr'>Aac.</span> 
     </span>
    </p>
   </div>
  </div>
 </body>
</html>
