<?xml version="1.0" encoding="UTF-8"?>
<!DOCTYPE html PUBLIC "-//W3C//DTD XHTML 1.0 Transitional//EN"
    "http://www.w3.org/TR/xhtml1/DTD/xhtml1-transitional.dtd">
<html xmlns="http://www.w3.org/1999/xhtml" xml:lang="en" lang="en">
 <head>
  <title>
</title>
<meta http-equiv="Content-Type" content="text/html;charset=utf-8" />
  <meta name='ocr-system' content='tesseract 3.04.00' />
  <meta name='ocr-capabilities' content='ocr_page ocr_carea ocr_par ocr_line ocrx_word'/>
</head>
<body>
  <div class='ocr_page' id='page_1' title='image "./cvaleriuscatull00naudgoog_0370.png"; bbox 0 0 2986 4935; ppageno 0'>
   <div class='ocr_carea' id='block_1_1' title="bbox 698 430 845 515">
    <p class='ocr_par' dir='ltr' id='par_1_1' title="bbox 698 430 845 515">
     <span class='ocr_line' id='line_1_1' title="bbox 698 430 845 515; baseline 0.014 -15"><span class='ocrx_word' id='word_1_1' title='bbox 698 430 845 515; x_wconf 71' lang='lat'>354</span> 
     </span>
    </p>
   </div>
   <div class='ocr_carea' id='block_1_2' title="bbox 1231 425 2310 493">
    <p class='ocr_par' dir='ltr' id='par_1_2' title="bbox 1231 425 2310 493">
     <span class='ocr_line' id='line_1_2' title="bbox 1231 425 2310 493; baseline 0 0"><span class='ocrx_word' id='word_1_2' title='bbox 1231 428 1306 493; x_wconf 89' lang='lat' dir='ltr'>C.</span> <span class='ocrx_word' id='word_1_3' title='bbox 1347 425 1782 492; x_wconf 79' lang='lat' dir='ltr'><strong>VALERII</strong></span> <span class='ocrx_word' id='word_1_4' title='bbox 1832 425 2310 493; x_wconf 85' lang='lat' dir='ltr'><strong>CATULLI</strong></span> 
     </span>
    </p>
   </div>
   <div class='ocr_carea' id='block_1_3' title="bbox 683 557 2838 1509">
    <p class='ocr_par' dir='ltr' id='par_1_3' title="bbox 683 557 2838 1509">
     <span class='ocr_line' id='line_1_3' title="bbox 692 557 2518 644; baseline -0.001 -11"><span class='ocrx_word' id='word_1_5' title='bbox 692 567 835 633; x_wconf 87' lang='lat' dir='ltr'>Nec</span> <span class='ocrx_word' id='word_1_6' title='bbox 880 576 1173 631; x_wconf 83' lang='lat' dir='ltr'>sanctam</span> <span class='ocrx_word' id='word_1_7' title='bbox 1218 559 1496 630; x_wconf 86' lang='lat' dir='ltr'>violasse</span> <span class='ocrx_word' id='word_1_8' title='bbox 1536 557 1773 644; x_wconf 86' lang='lat' dir='ltr'>fidem,</span> <span class='ocrx_word' id='word_1_9' title='bbox 1820 582 1941 627; x_wconf 88' lang='lat' dir='ltr'>nec</span> <span class='ocrx_word' id='word_1_10' title='bbox 1986 558 2235 628; x_wconf 82' lang='lat' dir='ltr'>foedere</span> <span class='ocrx_word' id='word_1_11' title='bbox 2276 562 2342 628; x_wconf 93' lang='lat' dir='ltr'>in</span> <span class='ocrx_word' id='word_1_12' title='bbox 2382 562 2518 632; x_wconf 92' lang='lat' dir='ltr'>ullo</span> 
     </span>
     <span class='ocr_line' id='line_1_4' title="bbox 799 665 2566 759; baseline 0.001 -21"><span class='ocrx_word' id='word_1_13' title='bbox 799 673 1050 739; x_wconf 88' lang='lat' dir='ltr'>Divum</span> <span class='ocrx_word' id='word_1_14' title='bbox 1091 667 1174 735; x_wconf 85' lang='lat' dir='ltr'>ad</span> <span class='ocrx_word' id='word_1_15' title='bbox 1217 665 1538 734; x_wconf 89' lang='lat' dir='ltr'>fallendos</span> <span class='ocrx_word' id='word_1_16' title='bbox 1582 666 1852 733; x_wconf 86' lang='lat' dir='ltr'>numine</span> <span class='ocrx_word' id='word_1_17' title='bbox 1891 666 2174 734; x_wconf 82' lang='lat' dir='ltr'>abusum</span> <span class='ocrx_word' id='word_1_18' title='bbox 2219 668 2566 759; x_wconf 87' lang='lat' dir='ltr'>homines;</span> 
     </span>
     <span class='ocr_line' id='line_1_5' title="bbox 688 770 2417 870; baseline -0.002 -23"><span class='ocrx_word' id='word_1_19' title='bbox 688 778 902 848; x_wconf 88' lang='lat' dir='ltr'>Multa</span> <span class='ocrx_word' id='word_1_20' title='bbox 941 791 1170 870; x_wconf 87' lang='lat' dir='ltr'>parata</span> <span class='ocrx_word' id='word_1_21' title='bbox 1207 788 1475 840; x_wconf 87' lang='lat' dir='ltr'>manent</span> <span class='ocrx_word' id='word_1_22' title='bbox 1512 775 1577 840; x_wconf 89' lang='lat' dir='ltr'>in</span> <span class='ocrx_word' id='word_1_23' title='bbox 1616 770 1814 865; x_wconf 87' lang='lat' dir='ltr'>longa</span> <span class='ocrx_word' id='word_1_24' title='bbox 1851 787 2078 857; x_wconf 84' lang='lat' dir='ltr'>aetate,</span> <span class='ocrx_word' id='word_1_25' title='bbox 2115 774 2417 863; x_wconf 79' lang='lat' dir='ltr'>Catulle,</span> 
     </span>
     <span class='ocr_line' id='line_1_6' title="bbox 794 880 2346 974; baseline -0.005 -21"><span class='ocrx_word' id='word_1_26' title='bbox 794 889 895 953; x_wconf 80' lang='lat' dir='ltr'>Ex</span> <span class='ocrx_word' id='word_1_27' title='bbox 940 885 1069 951; x_wconf 87' lang='lat' dir='ltr'>hoc</span> <span class='ocrx_word' id='word_1_28' title='bbox 1116 884 1375 974; x_wconf 83' lang='lat' dir='ltr'>ingrato</span> <span class='ocrx_word' id='word_1_29' title='bbox 1418 880 1657 973; x_wconf 82' lang='lat' dir='ltr'>gaudia</span> <span class='ocrx_word' id='word_1_30' title='bbox 1695 903 1922 947; x_wconf 87' lang='lat' dir='ltr'>amore</span> <span class='ocrx_word' id='word_1_31' title='bbox 1959 880 2096 948; x_wconf 82' lang='lat' dir='ltr'>tibi.</span> <span class='ocrx_word' id='word_1_32' title='bbox 2336 952 2346 959; x_wconf 58' lang='grc'><em>,</em></span> 
     </span>
     <span class='ocr_line' id='line_1_7' title="bbox 688 987 2838 1088; baseline 0.001 -27"><span class='ocrx_word' id='word_1_33' title='bbox 688 995 854 1061; x_wconf 88' lang='lat' dir='ltr'>Nam</span> <span class='ocrx_word' id='word_1_34' title='bbox 870 1014 1282 1085; x_wconf 85' lang='lat' dir='ltr'>quaecunque</span> <span class='ocrx_word' id='word_1_35' title='bbox 1296 988 1599 1055; x_wconf 88' lang='lat' dir='ltr'>homines</span> <span class='ocrx_word' id='word_1_36' title='bbox 1612 987 1780 1053; x_wconf 90' lang='lat' dir='ltr'>bene</span> <span class='ocrx_word' id='word_1_37' title='bbox 1795 989 2154 1080; x_wconf 86' lang='lat' dir='ltr'>quoiquam</span> <span class='ocrx_word' id='word_1_38' title='bbox 2172 1003 2286 1056; x_wconf 90' lang='lat' dir='ltr'>aut</span> <span class='ocrx_word' id='word_1_39' title='bbox 2299 989 2521 1059; x_wconf 83' lang='lat' dir='ltr'>dicere</span> <span class='ocrx_word' id='word_1_40' title='bbox 2539 1011 2838 1088; x_wconf 86' lang='lat' dir='ltr'>possunt,</span> 
     </span>
     <span class='ocr_line' id='line_1_8' title="bbox 800 1093 2510 1187; baseline -0.001 -20"><span class='ocrx_word' id='word_1_41' title='bbox 800 1106 926 1167; x_wconf 83' lang='lat' dir='ltr'>Aut</span> <span class='ocrx_word' id='word_1_42' title='bbox 970 1098 1228 1182; x_wconf 84' lang='lat' dir='ltr'>facere,</span> <span class='ocrx_word' id='word_1_43' title='bbox 1261 1095 1404 1162; x_wconf 81' lang='lat' dir='ltr'>haec</span> <span class='ocrx_word' id='word_1_44' title='bbox 1438 1118 1475 1160; x_wconf 84' lang='lat' dir='ltr'>a</span> <span class='ocrx_word' id='word_1_45' title='bbox 1516 1108 1579 1162; x_wconf 90' lang='lat' dir='ltr'>te</span> <span class='ocrx_word' id='word_1_46' title='bbox 1616 1093 1924 1186; x_wconf 89' lang='lat' dir='ltr'>dictaque</span> <span class='ocrx_word' id='word_1_47' title='bbox 1969 1094 2276 1187; x_wconf 87' lang='lat' dir='ltr'>factaque</span> <span class='ocrx_word' id='word_1_48' title='bbox 2316 1112 2510 1184; x_wconf 89' lang='lat' dir='ltr'>sunt;</span> 
     </span>
     <span class='ocr_line' id='line_1_9' title="bbox 685 1200 2369 1298; baseline -0.003 -23"><span class='ocrx_word' id='word_1_49' title='bbox 685 1209 931 1276; x_wconf 84' lang='lat' dir='ltr'>Omnia</span> <span class='ocrx_word' id='word_1_50' title='bbox 970 1229 1117 1298; x_wconf 83' lang='lat' dir='ltr'>quae</span> <span class='ocrx_word' id='word_1_51' title='bbox 1157 1205 1431 1294; x_wconf 60' lang='lat' dir='ltr'>ingratae</span> <span class='ocrx_word' id='word_1_52' title='bbox 1475 1203 1819 1294; x_wconf 78' lang='lat' dir='ltr'>perierunt</span> <span class='ocrx_word' id='word_1_53' title='bbox 1854 1200 2104 1268; x_wconf 85' lang='lat' dir='ltr'>credita</span> <span class='ocrx_word' id='word_1_54' title='bbox 2143 1205 2369 1270; x_wconf 89' lang='lat' dir='ltr'>menti.</span> 
     </span>
     <span class='ocr_line' id='line_1_10' title="bbox 789 1305 2181 1402; baseline -0.004 -23"><span class='ocrx_word' id='word_1_55' title='bbox 789 1315 1016 1400; x_wconf 84' lang='lat' dir='ltr'>Quare</span> <span class='ocrx_word' id='word_1_56' title='bbox 1047 1312 1185 1402; x_wconf 82' lang='lat' dir='ltr'>jam</span> <span class='ocrx_word' id='word_1_57' title='bbox 1223 1325 1288 1376; x_wconf 87' lang='lat' dir='ltr'>te</span> <span class='ocrx_word' id='word_1_58' title='bbox 1326 1334 1446 1377; x_wconf 88' lang='lat' dir='ltr'>cur</span> <span class='ocrx_word' id='word_1_59' title='bbox 1484 1307 1768 1401; x_wconf 86' lang='lat' dir='ltr'>amplius</span> <span class='ocrx_word' id='word_1_60' title='bbox 1806 1305 2181 1375; x_wconf 80' lang='lat' dir='ltr'><strong>excrucies?</strong></span> 
     </span>
     <span class='ocr_line' id='line_1_11' title="bbox 683 1414 2681 1509; baseline 0.001 -22"><span class='ocrx_word' id='word_1_61' title='bbox 683 1422 865 1508; x_wconf 89' lang='lat' dir='ltr'>Quin</span> <span class='ocrx_word' id='word_1_62' title='bbox 905 1434 969 1485; x_wconf 87' lang='lat' dir='ltr'>te</span> <span class='ocrx_word' id='word_1_63' title='bbox 1011 1418 1235 1483; x_wconf 88' lang='lat' dir='ltr'>animo</span> <span class='ocrx_word' id='word_1_64' title='bbox 1279 1414 1631 1500; x_wconf 79' lang='lat' dir='ltr'>obfirmas,</span> <span class='ocrx_word' id='word_1_65' title='bbox 1672 1429 1866 1508; x_wconf 86' lang='lat' dir='ltr'>teque</span> <span class='ocrx_word' id='word_1_66' title='bbox 1903 1414 2096 1483; x_wconf 89' lang='lat' dir='ltr'>istinc</span> <span class='ocrx_word' id='word_1_67' title='bbox 2136 1440 2346 1509; x_wconf 90' lang='lat' dir='ltr'>usque</span> <span class='ocrx_word' id='word_1_68' title='bbox 2379 1417 2681 1507; x_wconf 80' lang='lat' dir='ltr'>reduciS,</span> 
     </span>
    </p>
   </div>
   <div class='ocr_carea' id='block_1_4' title="bbox 687 1625 1719 3138">
    <p class='ocr_par' dir='ltr' id='par_1_4' title="bbox 687 1625 1719 2900">
     <span class='ocr_line' id='line_1_12' title="bbox 692 1625 1712 1696; baseline -0.009 -11"><span class='ocrx_word' id='word_1_69' title='bbox 692 1636 847 1685; x_wconf 79' lang='lat' dir='ltr'>Poeta</span> <span class='ocrx_word' id='word_1_70' title='bbox 868 1670 882 1696; x_wconf 93' lang='lat'>,</span> <span class='ocrx_word' id='word_1_71' title='bbox 912 1628 1171 1682; x_wconf 85' lang='lat' dir='ltr'>sententia</span> <span class='ocrx_word' id='word_1_72' title='bbox 1198 1641 1271 1680; x_wconf 81' lang='lat' dir='ltr'>est</span> <span class='ocrx_word' id='word_1_73' title='bbox 1301 1627 1407 1675; x_wconf 84' lang='lat' dir='ltr'>fere</span> <span class='ocrx_word' id='word_1_74' title='bbox 1436 1625 1549 1677; x_wconf 83' lang='lat' dir='ltr'>haec</span> <span class='ocrx_word' id='word_1_75' title='bbox 1573 1644 1585 1674; x_wconf 69' lang='grc' dir='ltr'><em>ε</em></span> <span class='ocrx_word' id='word_1_76' title='bbox 1617 1652 1637 1670; x_wconf 74' lang='grc' dir='ltr'>ι</span> <span class='ocrx_word' id='word_1_77' title='bbox 1660 1625 1712 1676; x_wconf 89' lang='lat' dir='ltr'>Si</span> 
     </span>
     <span class='ocr_line' id='line_1_13' title="bbox 687 1705 1717 1775; baseline -0.009 -10"><span class='ocrx_word' id='word_1_78' title='bbox 687 1731 872 1765; x_wconf 77' lang='lat' dir='ltr'>verum</span> <span class='ocrx_word' id='word_1_79' title='bbox 901 1724 1005 1772; x_wconf 84' lang='lat' dir='ltr'>est,</span> <span class='ocrx_word' id='word_1_80' title='bbox 1037 1709 1278 1759; x_wconf 87' lang='lat' dir='ltr'>homines</span> <span class='ocrx_word' id='word_1_81' title='bbox 1306 1706 1451 1775; x_wconf 84' lang='lat' dir='ltr'>pios,</span> <span class='ocrx_word' id='word_1_82' title='bbox 1478 1705 1717 1775; x_wconf 84' lang='lat' dir='ltr'>integros</span> 
     </span>
     <span class='ocr_line' id='line_1_14' title="bbox 688 1785 1716 1855; baseline -0.01 -10"><span class='ocrx_word' id='word_1_83' title='bbox 688 1809 737 1845; x_wconf 80' lang='lat' dir='ltr'>et</span> <span class='ocrx_word' id='word_1_84' title='bbox 770 1795 906 1845; x_wconf 88' lang='lat' dir='ltr'>bene</span> <span class='ocrx_word' id='word_1_85' title='bbox 938 1789 1005 1842; x_wconf 85' lang='lat' dir='ltr'>de</span> <span class='ocrx_word' id='word_1_86' title='bbox 1039 1789 1152 1838; x_wconf 87' lang='lat' dir='ltr'>aliis</span> <span class='ocrx_word' id='word_1_87' title='bbox 1179 1785 1428 1848; x_wconf 62' lang='lat' dir='ltr'>mei-itm,</span> <span class='ocrx_word' id='word_1_88' title='bbox 1470 1804 1716 1855; x_wconf 85' lang='lat' dir='ltr'>magnam</span> 
     </span>
     <span class='ocr_line' id='line_1_15' title="bbox 690 1864 1717 1937; baseline -0.01 -11"><span class='ocrx_word' id='word_1_89' title='bbox 690 1874 803 1925; x_wconf 82' lang='lat' dir='ltr'>vitae</span> <span class='ocrx_word' id='word_1_90' title='bbox 833 1880 1081 1922; x_wconf 65' lang='lat' dir='ltr'>anteactae</span> <span class='ocrx_word' id='word_1_91' title='bbox 1121 1864 1488 1918; x_wconf 79' lang='lat' dir='ltr'>recordatione</span> <span class='ocrx_word' id='word_1_92' title='bbox 1530 1885 1717 1937; x_wconf 86' lang='lat' dir='ltr'>capere</span> 
     </span>
     <span class='ocr_line' id='line_1_16' title="bbox 690 1944 1719 2022; baseline -0.008 -18"><span class='ocrx_word' id='word_1_93' title='bbox 690 1955 1011 2022; x_wconf 85' lang='lat' dir='ltr'>voluptatem</span> <span class='ocrx_word' id='word_1_94' title='bbox 1038 1987 1051 2007; x_wconf 87' lang='lat'><em>,</em></span> <span class='ocrx_word' id='word_1_95' title='bbox 1103 1944 1353 2016; x_wconf 85' lang='lat' dir='ltr'>equidem</span> <span class='ocrx_word' id='word_1_96' title='bbox 1387 1965 1544 1997; x_wconf 85' lang='lat' dir='ltr'>senex</span> <span class='ocrx_word' id='word_1_97' title='bbox 1588 1946 1719 1997; x_wconf 85' lang='lat' dir='ltr'>olim</span> 
     </span>
     <span class='ocr_line' id='line_1_17' title="bbox 687 2027 1718 2103; baseline -0.006 -19"><span class='ocrx_word' id='word_1_98' title='bbox 687 2045 936 2103; x_wconf 86' lang='lat' dir='ltr'>capturus</span> <span class='ocrx_word' id='word_1_99' title='bbox 952 2048 1068 2083; x_wconf 89' lang='lat' dir='ltr'>sum</span> <span class='ocrx_word' id='word_1_100' title='bbox 1084 2028 1361 2078; x_wconf 80' lang='lat' dir='ltr'>maximam</span> <span class='ocrx_word' id='word_1_101' title='bbox 1378 2066 1390 2085; x_wconf 89' lang='lat'><strong>,</strong></span> <span class='ocrx_word' id='word_1_102' title='bbox 1413 2029 1483 2090; x_wconf 85' lang='lat' dir='ltr'>si,</span> <span class='ocrx_word' id='word_1_103' title='bbox 1507 2027 1718 2096; x_wconf 87' lang='lat' dir='ltr'>qualem</span> 
     </span>
     <span class='ocr_line' id='line_1_18' title="bbox 688 2107 1719 2181; baseline -0.008 -17"><span class='ocrx_word' id='word_1_104' title='bbox 688 2132 772 2164; x_wconf 90' lang='lat' dir='ltr'>me</span> <span class='ocrx_word' id='word_1_105' title='bbox 803 2132 925 2181; x_wconf 85' lang='lat' dir='ltr'>erga</span> <span class='ocrx_word' id='word_1_106' title='bbox 948 2107 1204 2180; x_wconf 84' lang='lat' dir='ltr'>perfidam</span> <span class='ocrx_word' id='word_1_107' title='bbox 1229 2120 1281 2158; x_wconf 88' lang='lat' dir='ltr'>et</span> <span class='ocrx_word' id='word_1_108' title='bbox 1303 2107 1558 2176; x_wconf 80' lang='lat' dir='ltr'>ingratam</span> <span class='ocrx_word' id='word_1_109' title='bbox 1574 2120 1719 2177; x_wconf 69' lang='lat' dir='ltr'>’prae-</span> 
     </span>
     <span class='ocr_line' id='line_1_19' title="bbox 687 2183 1718 2255; baseline -0.009 -9"><span class='ocrx_word' id='word_1_110' title='bbox 687 2193 893 2246; x_wconf 87' lang='lat' dir='ltr'>buerim</span> <span class='ocrx_word' id='word_1_111' title='bbox 914 2230 927 2255; x_wconf 95' lang='lat'>,</span> <span class='ocrx_word' id='word_1_112' title='bbox 958 2188 1265 2242; x_wconf 83' lang='lat' dir='ltr'>recordatus</span> <span class='ocrx_word' id='word_1_113' title='bbox 1295 2187 1465 2237; x_wconf 88' lang='lat' dir='ltr'>fuero.</span> <span class='ocrx_word' id='word_1_114' title='bbox 1489 2213 1510 2232; x_wconf 68' lang='lat' dir='ltr'>a</span> <span class='ocrx_word' id='word_1_115' title='bbox 1535 2219 1616 2227; x_wconf 78' lang='grc'>--</span> <span class='ocrx_word' id='word_1_116' title='bbox 1636 2183 1718 2237; x_wconf 85' lang='lat' dir='ltr'>Ad</span> 
     </span>
     <span class='ocr_line' id='line_1_20' title="bbox 690 2265 1719 2326; baseline -0.008 0"><span class='ocrx_word' id='word_1_117' title='bbox 690 2294 822 2326; x_wconf 77' lang='lat' dir='ltr'>vers.</span> <span class='ocrx_word' id='word_1_118' title='bbox 848 2273 876 2324; x_wconf 85' lang='lat'>5</span> <span class='ocrx_word' id='word_1_119' title='bbox 903 2268 1184 2323; x_wconf 87' lang='lat' dir='ltr'>commode</span> <span class='ocrx_word' id='word_1_120' title='bbox 1210 2265 1457 2318; x_wconf 86' lang='lat' dir='ltr'>laudatur</span> <span class='ocrx_word' id='word_1_121' title='bbox 1489 2286 1518 2316; x_wconf 87' lang='lat' dir='ltr'>a</span> <span class='ocrx_word' id='word_1_122' title='bbox 1552 2267 1719 2318; x_wconf 84' lang='lat' dir='ltr'>Statio</span> 
     </span>
     <span class='ocr_line' id='line_1_21' title="bbox 692 2345 1718 2415; baseline -0.008 -10"><span class='ocrx_word' id='word_1_123' title='bbox 692 2352 823 2405; x_wconf 90' lang='lat' dir='ltr'>illud</span> <span class='ocrx_word' id='word_1_124' title='bbox 853 2349 1197 2403; x_wconf 86' lang='lat' dir='ltr'>Pindaricum</span> <span class='ocrx_word' id='word_1_125' title='bbox 1235 2345 1378 2415; x_wconf 86' lang='lat' dir='ltr'>apud</span> <span class='ocrx_word' id='word_1_126' title='bbox 1410 2347 1617 2398; x_wconf 87' lang='lat' dir='ltr'>Platon.</span> <span class='ocrx_word' id='word_1_127' title='bbox 1651 2345 1718 2398; x_wconf 87' lang='lat' dir='ltr'>de</span> 
     </span>
     <span class='ocr_line' id='line_1_22' title="bbox 690 2418 1718 2504; baseline -0.007 -18"><span class='ocrx_word' id='word_1_128' title='bbox 690 2431 920 2504; x_wconf 76' lang='lat' dir='ltr'>Republ.</span> <span class='ocrx_word' id='word_1_129' title='bbox 953 2433 1008 2492; x_wconf 88' lang='grc' dir='ltr'>Ι,</span> <span class='ocrx_word' id='word_1_130' title='bbox 1042 2448 1098 2498; x_wconf 86' lang='lat' dir='ltr'>p.</span> <span class='ocrx_word' id='word_1_131' title='bbox 1135 2430 1245 2496; x_wconf 70' lang='lat'>574</span> <span class='ocrx_word' id='word_1_132' title='bbox 1270 2418 1419 2492; x_wconf 60' lang='lat' dir='ltr'>(vdit.</span> <span class='ocrx_word' id='word_1_133' title='bbox 1448 2419 1718 2493; x_wconf 85' lang='lat' dir='ltr'>Francof.)</span> 
     </span>
     <span class='ocr_line' id='line_1_23' title="bbox 699 2503 1716 2573; baseline 0 -14"><span class='ocrx_word' id='word_1_134' title='bbox 699 2542 717 2559; x_wconf 73' lang='grc'>.-</span> <span class='ocrx_word' id='word_1_135' title='bbox 742 2503 809 2573; x_wconf 61' lang='lat' dir='ltr'>&amp;g</span> <span class='ocrx_word' id='word_1_136' title='bbox 846 2512 902 2562; x_wconf 78' lang='grc' dir='ltr'>ἂν</span> <span class='ocrx_word' id='word_1_137' title='bbox 949 2506 1155 2568; x_wconf 64' lang='grc' dir='ltr'>δικαίως</span> <span class='ocrx_word' id='word_1_138' title='bbox 1198 2507 1279 2557; x_wconf 76' lang='grc' dir='ltr'>καὶ</span> <span class='ocrx_word' id='word_1_139' title='bbox 1319 2509 1459 2566; x_wconf 71' lang='grc' dir='ltr'>ὁσίως</span> <span class='ocrx_word' id='word_1_140' title='bbox 1498 2510 1577 2559; x_wconf 73' lang='grc' dir='ltr'>τὸν</span> <span class='ocrx_word' id='word_1_141' title='bbox 1616 2510 1716 2572; x_wconf 81' lang='grc' dir='ltr'>βίον</span> 
     </span>
     <span class='ocr_line' id='line_1_24' title="bbox 689 2582 1719 2663; baseline -0.008 -18"><span class='ocrx_word' id='word_1_142' title='bbox 689 2591 938 2663; x_wconf 68' lang='grc' dir='ltr'>διαγάγῃ,</span> <span class='ocrx_word' id='word_1_143' title='bbox 966 2588 1167 2662; x_wconf 70' lang='grc' dir='ltr'>γλυκεῖαί</span> <span class='ocrx_word' id='word_1_144' title='bbox 1197 2589 1236 2638; x_wconf 79' lang='grc' dir='ltr'>οἱ</span> <span class='ocrx_word' id='word_1_145' title='bbox 1271 2582 1479 2654; x_wconf 66' lang='grc' dir='ltr'>καρδίαν</span> <span class='ocrx_word' id='word_1_146' title='bbox 1511 2589 1719 2640; x_wconf 75' lang='grc' dir='ltr'>ἀτιτάλ-</span> 
     </span>
     <span class='ocr_line' id='line_1_25' title="bbox 687 2667 1719 2739; baseline -0.006 -14"><span class='ocrx_word' id='word_1_147' title='bbox 687 2683 840 2725; x_wconf 69' lang='grc' dir='ltr'>λουσα</span> <span class='ocrx_word' id='word_1_148' title='bbox 882 2671 1171 2739; x_wconf 66' lang='grc' dir='ltr'>γηροτρόφος</span> <span class='ocrx_word' id='word_1_149' title='bbox 1211 2668 1423 2735; x_wconf 74' lang='grc' dir='ltr'>ξυναορεῖ</span> <span class='ocrx_word' id='word_1_150' title='bbox 1465 2667 1595 2727; x_wconf 74' lang='grc' dir='ltr'>ἐλπὶς</span> <span class='ocrx_word' id='word_1_151' title='bbox 1620 2706 1636 2730; x_wconf 90' lang='grc'>,</span> <span class='ocrx_word' id='word_1_152' title='bbox 1687 2669 1719 2719; x_wconf 79' lang='grc' dir='ltr'><strong><em>ἂ</em></strong></span> 
     </span>
     <span class='ocr_line' id='line_1_26' title="bbox 693 2748 1717 2824; baseline -0.007 -20"><span class='ocrx_word' id='word_1_153' title='bbox 693 2755 914 2824; x_wconf 69' lang='grc' dir='ltr'>μάλισται</span> <span class='ocrx_word' id='word_1_154' title='bbox 936 2756 1122 2801; x_wconf 77' lang='grc' dir='ltr'><strong>θνατῶν</strong></span> <span class='ocrx_word' id='word_1_155' title='bbox 1156 2749 1480 2815; x_wconf 56' lang='lat' dir='ltr'>mmm-pacm</span> <span class='ocrx_word' id='word_1_156' title='bbox 1515 2748 1717 2816; x_wconf 78' lang='grc' dir='ltr'>γνώμαν</span> 
     </span>
     <span class='ocr_line' id='line_1_27' title="bbox 692 2832 963 2900; baseline -0.026 -14"><span class='ocrx_word' id='word_1_157' title='bbox 692 2832 916 2900; x_wconf 64' lang='grc' dir='ltr'>κυὲερνᾴ.</span> <span class='ocrx_word' id='word_1_158' title='bbox 943 2856 963 2876; x_wconf 75' lang='grc' dir='ltr'>ιι</span> 
     </span>
    </p>

    <p class='ocr_par' dir='ltr' id='par_1_5' title="bbox 693 2908 1718 3138">
     <span class='ocr_line' id='line_1_28' title="bbox 777 2908 1716 2979; baseline -0.005 -15"><span class='ocrx_word' id='word_1_159' title='bbox 777 2918 827 2964; x_wconf 88' lang='grc'>6.</span> <span class='ocrx_word' id='word_1_160' title='bbox 847 2913 1084 2979; x_wconf 55' lang='lat' dir='ltr'>[tegmem</span> <span class='ocrx_word' id='word_1_161' title='bbox 1109 2908 1194 2959; x_wconf 91' lang='lat' dir='ltr'>cui</span> <span class='ocrx_word' id='word_1_162' title='bbox 1216 2927 1322 2959; x_wconf 88' lang='lat' dir='ltr'>non</span> <span class='ocrx_word' id='word_1_163' title='bbox 1350 2926 1444 2976; x_wconf 87' lang='lat' dir='ltr'>par</span> <span class='ocrx_word' id='word_1_164' title='bbox 1472 2908 1716 2959; x_wconf 80' lang='lat' dir='ltr'>refertur.</span> 
     </span>
     <span class='ocr_line' id='line_1_29' title="bbox 694 2988 1718 3056; baseline -0.007 -10"><span class='ocrx_word' id='word_1_165' title='bbox 694 2994 996 3046; x_wconf 76' lang='lat' dir='ltr'>Cs.Tereut.</span> <span class='ocrx_word' id='word_1_166' title='bbox 1018 2989 1287 3047; x_wconf 80' lang='lat' dir='ltr'>Heaut.V,</span> <span class='ocrx_word' id='word_1_167' title='bbox 1323 3007 1343 3038; x_wconf 92' lang='lat'>1</span> <span class='ocrx_word' id='word_1_168' title='bbox 1368 3026 1381 3049; x_wconf 86' lang='lat'>‚</span> <span class='ocrx_word' id='word_1_169' title='bbox 1415 2994 1484 3038; x_wconf 86' lang='lat'>60</span> <span class='ocrx_word' id='word_1_170' title='bbox 1504 3006 1516 3039; x_wconf 90' lang='lat'><strong>:</strong></span> <span class='ocrx_word' id='word_1_171' title='bbox 1536 2988 1718 3056; x_wconf 79' lang='lat' dir='ltr'>¹‹igno-</span> 
     </span>
     <span class='ocr_line' id='line_1_30' title="bbox 693 3066 1709 3138; baseline -0.01 -11"><span class='ocrx_word' id='word_1_172' title='bbox 693 3094 802 3127; x_wconf 76' lang='lat' dir='ltr'>sces</span> <span class='ocrx_word' id='word_1_173' title='bbox 825 3086 994 3123; x_wconf 78' lang='lat' dir='ltr'>tamen</span> <span class='ocrx_word' id='word_1_174' title='bbox 1012 3081 1147 3138; x_wconf 85' lang='lat' dir='ltr'>post,</span> <span class='ocrx_word' id='word_1_175' title='bbox 1164 3080 1214 3118; x_wconf 73' lang='lat' dir='ltr'>et</span> <span class='ocrx_word' id='word_1_176' title='bbox 1228 3066 1283 3118; x_wconf 87' lang='lat' dir='ltr'>id</span> <span class='ocrx_word' id='word_1_177' title='bbox 1297 3068 1560 3135; x_wconf 79' lang='lat' dir='ltr'>ingratum</span> <span class='ocrx_word' id='word_1_178' title='bbox 1579 3067 1709 3118; x_wconf 71' lang='lat' dir='ltr'>erit»</span> 
     </span>
    </p>
   </div>
   <div class='ocr_carea' id='block_1_5' title="bbox 694 3145 1721 3220">
    <p class='ocr_par' dir='ltr' id='par_1_6' title="bbox 694 3145 1721 3220">
     <span class='ocr_line' id='line_1_31' title="bbox 694 3145 1721 3220; baseline -0.018 -13"><span class='ocrx_word' id='word_1_179' title='bbox 694 3155 804 3206; x_wconf 76' lang='lat' dir='ltr'>scil.</span> <span class='ocrx_word' id='word_1_180' title='bbox 824 3170 932 3201; x_wconf 88' lang='lat' dir='ltr'>non</span> <span class='ocrx_word' id='word_1_181' title='bbox 944 3149 1107 3220; x_wconf 80' lang='lat' dir='ltr'>gratia</span> <span class='ocrx_word' id='word_1_182' title='bbox 1120 3146 1376 3199; x_wconf 81' lang='lat' dir='ltr'>reddetur</span> <span class='ocrx_word' id='word_1_183' title='bbox 1387 3185 1403 3210; x_wconf 89' lang='lat'>,</span> <span class='ocrx_word' id='word_1_184' title='bbox 1414 3145 1560 3217; x_wconf 90' lang='lat' dir='ltr'>quod</span> <span class='ocrx_word' id='word_1_185' title='bbox 1576 3147 1721 3217; x_wconf 83' lang='lat' dir='ltr'>igno.</span> 
     </span>
    </p>
   </div>
   <div class='ocr_carea' id='block_1_6' title="bbox 691 3232 1719 4179">
    <p class='ocr_par' dir='ltr' id='par_1_7' title="bbox 696 3232 947 3286">
     <span class='ocr_line' id='line_1_32' title="bbox 696 3232 947 3286; baseline -0.004 0"><span class='ocrx_word' id='word_1_186' title='bbox 696 3235 848 3286; x_wconf 71' lang='lat' dir='ltr'>veris.</span> <span class='ocrx_word' id='word_1_187' title='bbox 879 3232 947 3281; x_wconf 88' lang='grc' dir='ltr'>Ν.</span> 
     </span>
    </p>

    <p class='ocr_par' dir='ltr' id='par_1_8' title="bbox 694 3306 1719 3702">
     <span class='ocr_line' id='line_1_33' title="bbox 777 3306 1719 3380; baseline -0.005 -17"><span class='ocrx_word' id='word_1_188' title='bbox 777 3333 830 3380; x_wconf 87' lang='lat'>9.</span> <span class='ocrx_word' id='word_1_189' title='bbox 862 3311 1115 3360; x_wconf 77' lang='lat' dir='ltr'>Perierunt</span> <span class='ocrx_word' id='word_1_190' title='bbox 1132 3348 1145 3369; x_wconf 90' lang='lat'><em>‚</em></span> <span class='ocrx_word' id='word_1_191' title='bbox 1172 3307 1355 3357; x_wconf 76' lang='lat' dir='ltr'>credita</span> <span class='ocrx_word' id='word_1_192' title='bbox 1391 3326 1489 3376; x_wconf 84' lang='lat' dir='ltr'>pro</span> <span class='ocrx_word' id='word_1_193' title='bbox 1510 3306 1719 3376; x_wconf 83' lang='lat' dir='ltr'>vulgari</span> 
     </span>
     <span class='ocr_line' id='line_1_34' title="bbox 702 3385 1711 3443; baseline -0.005 0"><span class='ocrx_word' id='word_1_194' title='bbox 702 3394 927 3443; x_wconf 79' lang='lat' dir='ltr'>-frustra</span> <span class='ocrx_word' id='word_1_195' title='bbox 952 3385 1149 3438; x_wconf 86' lang='lat' dir='ltr'>credita</span> <span class='ocrx_word' id='word_1_196' title='bbox 1178 3387 1286 3438; x_wconf 76' lang='lat' dir='ltr'>sive</span> <span class='ocrx_word' id='word_1_197' title='bbox 1315 3386 1510 3438; x_wconf 87' lang='lat' dir='ltr'>tributa</span> <span class='ocrx_word' id='word_1_198' title='bbox 1538 3399 1711 3438; x_wconf 78' lang='lat' dir='ltr'>sunt.-</span> 
     </span>
     <span class='ocr_line' id='line_1_35' title="bbox 695 3466 1719 3536; baseline -0.004 -14"><span class='ocrx_word' id='word_1_199' title='bbox 695 3506 771 3512; x_wconf 49' lang='grc' dir='ltr'>η-</span> <span class='ocrx_word' id='word_1_200' title='bbox 797 3468 1005 3522; x_wconf 86' lang='lat' dir='ltr'>Etenim</span> <span class='ocrx_word' id='word_1_201' title='bbox 1034 3486 1149 3536; x_wconf 79' lang='lat' dir='ltr'>quae</span> <span class='ocrx_word' id='word_1_202' title='bbox 1185 3466 1301 3519; x_wconf 88' lang='lat' dir='ltr'>aliis</span> <span class='ocrx_word' id='word_1_203' title='bbox 1326 3466 1719 3531; x_wconf 84' lang='lat' dir='ltr'>benefacimus,</span> 
     </span>
     <span class='ocr_line' id='line_1_36' title="bbox 695 3545 1719 3623; baseline -0.003 -21"><span class='ocrx_word' id='word_1_204' title='bbox 695 3551 842 3623; x_wconf 86' lang='lat' dir='ltr'>quasi</span> <span class='ocrx_word' id='word_1_205' title='bbox 889 3546 1153 3602; x_wconf 81' lang='lat' dir='ltr'>creditum</span> <span class='ocrx_word' id='word_1_206' title='bbox 1201 3545 1401 3614; x_wconf 87' lang='lat' dir='ltr'>aliquid</span> <span class='ocrx_word' id='word_1_207' title='bbox 1452 3547 1685 3599; x_wconf 78' lang='lat' dir='ltr'>locamus</span> <span class='ocrx_word' id='word_1_208' title='bbox 1703 3587 1719 3613; x_wconf 87' lang='lat'>‚</span> 
     </span>
     <span class='ocr_line' id='line_1_37' title="bbox 694 3623 1635 3702; baseline -0.004 -19"><span class='ocrx_word' id='word_1_209' title='bbox 694 3630 838 3702; x_wconf 88' lang='lat' dir='ltr'>quod</span> <span class='ocrx_word' id='word_1_210' title='bbox 868 3629 968 3681; x_wconf 88' lang='lat' dir='ltr'>nisi</span> <span class='ocrx_word' id='word_1_211' title='bbox 1001 3623 1344 3697; x_wconf 85' lang='lat' dir='ltr'>rependitur,</span> <span class='ocrx_word' id='word_1_212' title='bbox 1380 3627 1533 3695; x_wconf 87' lang='lat' dir='ltr'>perit.</span> <span class='ocrx_word' id='word_1_213' title='bbox 1568 3628 1635 3679; x_wconf 92' lang='lat' dir='ltr'>N.</span> 
     </span>
    </p>

    <p class='ocr_par' dir='ltr' id='par_1_9' title="bbox 691 3706 1719 4179">
     <span class='ocr_line' id='line_1_38' title="bbox 782 3706 1719 3776; baseline 0 -16"><span class='ocrx_word' id='word_1_214' title='bbox 782 3732 800 3764; x_wconf 89' lang='lat'>1</span> <span class='ocrx_word' id='word_1_215' title='bbox 822 3732 867 3764; x_wconf 91' lang='lat'>1.</span> <span class='ocrx_word' id='word_1_216' title='bbox 917 3710 1117 3759; x_wconf 87' lang='lat' dir='ltr'>Mirum</span> <span class='ocrx_word' id='word_1_217' title='bbox 1138 3747 1152 3770; x_wconf 89' lang='lat'>‚</span> <span class='ocrx_word' id='word_1_218' title='bbox 1200 3718 1461 3776; x_wconf 86' lang='lat' dir='ltr'>quantum</span> <span class='ocrx_word' id='word_1_219' title='bbox 1515 3706 1570 3758; x_wconf 89' lang='lat' dir='ltr'>in</span> <span class='ocrx_word' id='word_1_220' title='bbox 1614 3708 1719 3761; x_wconf 91' lang='lat' dir='ltr'>hoc</span> 
     </span>
     <span class='ocr_line' id='line_1_39' title="bbox 692 3784 1713 3858; baseline -0.004 -15"><span class='ocrx_word' id='word_1_221' title='bbox 692 3811 845 3845; x_wconf 85' lang='lat' dir='ltr'>versu</span> <span class='ocrx_word' id='word_1_222' title='bbox 869 3790 996 3842; x_wconf 81' lang='lat' dir='ltr'>libri</span> <span class='ocrx_word' id='word_1_223' title='bbox 1017 3799 1220 3838; x_wconf 78' lang='lat' dir='ltr'>veteres</span> <span class='ocrx_word' id='word_1_224' title='bbox 1249 3784 1569 3858; x_wconf 86' lang='lat' dir='ltr'>discrepent.</span> <span class='ocrx_word' id='word_1_225' title='bbox 1598 3788 1713 3840; x_wconf 85' lang='lat' dir='ltr'>Sta-</span> 
     </span>
     <span class='ocr_line' id='line_1_40' title="bbox 691 3867 1714 3937; baseline -0.007 -12"><span class='ocrx_word' id='word_1_226' title='bbox 691 3874 796 3925; x_wconf 82' lang='lat' dir='ltr'>tius</span> <span class='ocrx_word' id='word_1_227' title='bbox 819 3892 880 3923; x_wconf 88' lang='lat' dir='ltr'>ex</span> <span class='ocrx_word' id='word_1_228' title='bbox 909 3868 1058 3922; x_wconf 88' lang='lat' dir='ltr'><strong>MSS.</strong></span> <span class='ocrx_word' id='word_1_229' title='bbox 1088 3867 1321 3937; x_wconf 83' lang='lat' dir='ltr'>profert,</span> <span class='ocrx_word' id='word_1_230' title='bbox 1360 3867 1464 3934; x_wconf 79' lang='lat' dir='ltr'>Qui</span> <span class='ocrx_word' id='word_1_231' title='bbox 1482 3880 1533 3918; x_wconf 82' lang='lat' dir='ltr'>tu</span> <span class='ocrx_word' id='word_1_232' title='bbox 1553 3872 1714 3919; x_wconf 79' lang='lat' dir='ltr'>animo</span> 
     </span>
     <span class='ocr_line' id='line_1_41' title="bbox 692 3948 1711 4021; baseline -0.002 -20"><span class='ocrx_word' id='word_1_233' title='bbox 692 3953 903 4021; x_wconf 77' lang='lat' dir='ltr'>qsfirmas</span> <span class='ocrx_word' id='word_1_234' title='bbox 926 3992 940 4013; x_wconf 90' lang='lat'>,</span> <span class='ocrx_word' id='word_1_235' title='bbox 971 3961 1113 4019; x_wconf 81' lang='lat' dir='ltr'>atque</span> <span class='ocrx_word' id='word_1_236' title='bbox 1151 3950 1460 4019; x_wconf 80' lang='lat' dir='ltr'>instinctoque</span> <span class='ocrx_word' id='word_1_237' title='bbox 1491 3948 1674 3999; x_wconf 75' lang='lat' dir='ltr'>reducis</span> <span class='ocrx_word' id='word_1_238' title='bbox 1694 3968 1711 3999; x_wconf 89' lang='lat'><em>:</em></span> 
     </span>
     <span class='ocr_line' id='line_1_42' title="bbox 692 4025 1713 4098; baseline -0.006 -14"><span class='ocrx_word' id='word_1_239' title='bbox 692 4031 833 4084; x_wconf 84' lang='lat' dir='ltr'>unde</span> <span class='ocrx_word' id='word_1_240' title='bbox 852 4032 939 4082; x_wconf 89' lang='lat' dir='ltr'>ille</span> <span class='ocrx_word' id='word_1_241' title='bbox 958 4025 1356 4082; x_wconf 79' lang='lat' dir='ltr'>rescribendum</span> <span class='ocrx_word' id='word_1_242' title='bbox 1372 4041 1523 4098; x_wconf 89' lang='lat' dir='ltr'>putat</span> <span class='ocrx_word' id='word_1_243' title='bbox 1538 4068 1553 4093; x_wconf 90' lang='lat'>‚</span> <span class='ocrx_word' id='word_1_244' title='bbox 1579 4029 1713 4096; x_wconf 78' lang='lat' dir='ltr'>Quin</span> 
     </span>
     <span class='ocr_line' id='line_1_43' title="bbox 693 4108 1713 4179; baseline -0.002 -17"><span class='ocrx_word' id='word_1_245' title='bbox 693 4127 744 4163; x_wconf 80' lang='lat' dir='ltr'>m</span> <span class='ocrx_word' id='word_1_246' title='bbox 766 4115 972 4164; x_wconf 76' lang='lat' dir='ltr'>animum</span> <span class='ocrx_word' id='word_1_247' title='bbox 990 4108 1226 4177; x_wconf 68' lang='lat' dir='ltr'>offirmas,</span> <span class='ocrx_word' id='word_1_248' title='bbox 1251 4121 1394 4179; x_wconf 81' lang='lat' dir='ltr'>atque</span> <span class='ocrx_word' id='word_1_249' title='bbox 1410 4112 1548 4161; x_wconf 75' lang='lat' dir='ltr'>istinc</span> <span class='ocrx_word' id='word_1_250' title='bbox 1569 4128 1713 4179; x_wconf 78' lang='lat' dir='ltr'>usque</span> 
     </span>
    </p>
   </div>
   <div class='ocr_carea' id='block_1_7' title="bbox 1790 1625 2837 4170">
    <p class='ocr_par' dir='ltr' id='par_1_10' title="bbox 1790 1625 2837 4170">
     <span class='ocr_line' id='line_1_44' title="bbox 1804 1625 2837 1699; baseline 0.009 -23"><span class='ocrx_word' id='word_1_251' title='bbox 1804 1626 2008 1677; x_wconf 79' lang='lat' dir='ltr'>reducis.</span> <span class='ocrx_word' id='word_1_252' title='bbox 2038 1660 2116 1667; x_wconf 90' lang='lat'>—</span> <span class='ocrx_word' id='word_1_253' title='bbox 2147 1625 2381 1699; x_wconf 87' lang='lat' dir='ltr'>Scaliger</span> <span class='ocrx_word' id='word_1_254' title='bbox 2429 1644 2664 1685; x_wconf 76' lang='lat' dir='ltr'>veterem</span> <span class='ocrx_word' id='word_1_255' title='bbox 2716 1637 2837 1687; x_wconf 82' lang='lat' dir='ltr'>scri-</span> 
     </span>
     <span class='ocr_line' id='line_1_45' title="bbox 1805 1708 2835 1781; baseline 0.008 -24"><span class='ocrx_word' id='word_1_256' title='bbox 1805 1719 2019 1775; x_wconf 85' lang='lat' dir='ltr'>pturam</span> <span class='ocrx_word' id='word_1_257' title='bbox 2049 1726 2159 1759; x_wconf 82' lang='lat' dir='ltr'>esse</span> <span class='ocrx_word' id='word_1_258' title='bbox 2190 1708 2293 1773; x_wconf 83' lang='lat' dir='ltr'>ait,</span> <span class='ocrx_word' id='word_1_259' title='bbox 2329 1709 2466 1779; x_wconf 80' lang='lat' dir='ltr'>Quin</span> <span class='ocrx_word' id='word_1_260' title='bbox 2493 1724 2548 1763; x_wconf 80' lang='lat' dir='ltr'>tu</span> <span class='ocrx_word' id='word_1_261' title='bbox 2574 1718 2740 1767; x_wconf 77' lang='lat' dir='ltr'>animo</span> <span class='ocrx_word' id='word_1_262' title='bbox 2761 1718 2835 1781; x_wconf 78' lang='lat' dir='ltr'>as·</span> 
     </span>
     <span class='ocr_line' id='line_1_46' title="bbox 1790 1786 2835 1863; baseline 0.01 -27"><span class='ocrx_word' id='word_1_263' title='bbox 1790 1786 1966 1854; x_wconf 81' lang='lat' dir='ltr'>firmas</span> <span class='ocrx_word' id='word_1_264' title='bbox 1987 1823 2003 1846; x_wconf 88' lang='lat'><em>,</em></span> <span class='ocrx_word' id='word_1_265' title='bbox 2051 1799 2194 1858; x_wconf 80' lang='lat' dir='ltr'>atque</span> <span class='ocrx_word' id='word_1_266' title='bbox 2244 1791 2569 1863; x_wconf 75' lang='lat' dir='ltr'>instructoque</span> <span class='ocrx_word' id='word_1_267' title='bbox 2616 1796 2801 1847; x_wconf 75' lang='lat' dir='ltr'>reducis</span> <span class='ocrx_word' id='word_1_268' title='bbox 2820 1819 2835 1846; x_wconf 89' lang='lat'>.·</span> 
     </span>
     <span class='ocr_line' id='line_1_47' title="bbox 1804 1865 2837 1942; baseline 0.009 -25"><span class='ocrx_word' id='word_1_269' title='bbox 1804 1865 1948 1918; x_wconf 89' lang='lat' dir='ltr'>unde</span> <span class='ocrx_word' id='word_1_270' title='bbox 1989 1865 2273 1936; x_wconf 85' lang='lat' dir='ltr'>legendum</span> <span class='ocrx_word' id='word_1_271' title='bbox 2320 1870 2625 1940; x_wconf 82' lang='lat' dir='ltr'>suspicatur</span> <span class='ocrx_word' id='word_1_272' title='bbox 2651 1914 2668 1940; x_wconf 86' lang='lat'>‚</span> <span class='ocrx_word' id='word_1_273' title='bbox 2710 1877 2837 1942; x_wconf 76' lang='lat' dir='ltr'>Quin</span> 
     </span>
     <span class='ocr_line' id='line_1_48' title="bbox 1807 1938 2837 2024; baseline 0.008 -29"><span class='ocrx_word' id='word_1_274' title='bbox 1807 1959 1856 1998; x_wconf 78' lang='lat' dir='ltr'>tu</span> <span class='ocrx_word' id='word_1_275' title='bbox 1876 1947 2059 1997; x_wconf 79' lang='lat' dir='ltr'>animu&#39;</span> <span class='ocrx_word' id='word_1_276' title='bbox 2081 1938 2319 2018; x_wconf 85' lang='lat' dir='ltr'>(antique</span> <span class='ocrx_word' id='word_1_277' title='bbox 2339 1968 2441 2020; x_wconf 89' lang='lat' dir='ltr'>pro</span> <span class='ocrx_word' id='word_1_278' title='bbox 2458 1952 2693 2017; x_wconf 57' lang='lat' dir='ltr'>annuum)</span> <span class='ocrx_word' id='word_1_279' title='bbox 2707 1955 2837 2024; x_wconf 79' lang='lat' dir='ltr'>offir-</span> 
     </span>
     <span class='ocr_line' id='line_1_49' title="bbox 1805 2029 2836 2101; baseline 0.012 -25"><span class='ocrx_word' id='word_1_280' title='bbox 1805 2047 1904 2077; x_wconf 86' lang='lat' dir='ltr'>mas</span> <span class='ocrx_word' id='word_1_281' title='bbox 1934 2030 2121 2096; x_wconf 80' lang='lat' dir='ltr'>itaque,</span> <span class='ocrx_word' id='word_1_282' title='bbox 2165 2029 2486 2101; x_wconf 69' lang='lat' dir='ltr'>Instructoque</span> <span class='ocrx_word' id='word_1_283' title='bbox 2527 2034 2732 2087; x_wconf 77' lang='lat' dir='ltr'>reducis.</span> <span class='ocrx_word' id='word_1_284' title='bbox 2759 2066 2836 2075; x_wconf 91' lang='lat'><strong>—</strong></span> 
     </span>
     <span class='ocr_line' id='line_1_50' title="bbox 1804 2105 2837 2183; baseline 0.008 -25"><span class='ocrx_word' id='word_1_285' title='bbox 1804 2105 2101 2159; x_wconf 88' lang='lat' dir='ltr'>Theodoro</span> <span class='ocrx_word' id='word_1_286' title='bbox 2133 2108 2379 2161; x_wconf 87' lang='lat' dir='ltr'>Marcilio</span> <span class='ocrx_word' id='word_1_287' title='bbox 2416 2112 2665 2182; x_wconf 84' lang='lat' dir='ltr'>placebat</span> <span class='ocrx_word' id='word_1_288' title='bbox 2710 2116 2837 2183; x_wconf 72' lang='lat' dir='ltr'>Quin</span> 
     </span>
     <span class='ocr_line' id='line_1_51' title="bbox 1807 2188 2837 2265; baseline 0.009 -27"><span class='ocrx_word' id='word_1_289' title='bbox 1807 2200 1858 2238; x_wconf 82' lang='lat' dir='ltr'>tu</span> <span class='ocrx_word' id='word_1_290' title='bbox 1882 2190 2091 2237; x_wconf 79' lang='lat' dir='ltr'>animum</span> <span class='ocrx_word' id='word_1_291' title='bbox 2110 2188 2334 2259; x_wconf 80' lang='lat' dir='ltr'>obfirmas</span> <span class='ocrx_word' id='word_1_292' title='bbox 2355 2192 2518 2262; x_wconf 78' lang='lat' dir='ltr'>itaque</span> <span class='ocrx_word' id='word_1_293' title='bbox 2534 2234 2549 2255; x_wconf 87' lang='lat'><em>,</em></span> <span class='ocrx_word' id='word_1_294' title='bbox 2579 2197 2632 2243; x_wconf 77' lang='lat' dir='ltr'>in</span> <span class='ocrx_word' id='word_1_295' title='bbox 2645 2214 2837 2265; x_wconf 60' lang='lat' dir='ltr'>gym-</span> 
     </span>
     <span class='ocr_line' id='line_1_52' title="bbox 1806 2267 2834 2346; baseline 0.009 -27"><span class='ocrx_word' id='word_1_296' title='bbox 1806 2289 1895 2338; x_wconf 81' lang='lat' dir='ltr'>que</span> <span class='ocrx_word' id='word_1_297' title='bbox 1948 2267 2171 2318; x_wconf 67' lang='lat' dir='ltr'>reducis?</span> <span class='ocrx_word' id='word_1_298' title='bbox 2216 2302 2296 2310; x_wconf 90' lang='lat'>-—</span> <span class='ocrx_word' id='word_1_299' title='bbox 2335 2269 2368 2321; x_wconf 86' lang='lat' dir='ltr'>J</span> <span class='ocrx_word' id='word_1_300' title='bbox 2372 2290 2473 2323; x_wconf 85' lang='lat' dir='ltr'>ano</span> <span class='ocrx_word' id='word_1_301' title='bbox 2532 2272 2803 2346; x_wconf 77' lang='lat' dir='ltr'>Meleagro</span> <span class='ocrx_word' id='word_1_302' title='bbox 2821 2318 2834 2337; x_wconf 85' lang='lat'>‚</span> 
     </span>
     <span class='ocr_line' id='line_1_53' title="bbox 1811 2348 2834 2419; baseline 0.007 -21"><span class='ocrx_word' id='word_1_303' title='bbox 1811 2350 1944 2416; x_wconf 75' lang='lat' dir='ltr'>Quin</span> <span class='ocrx_word' id='word_1_304' title='bbox 1965 2360 2015 2398; x_wconf 82' lang='lat' dir='ltr'>lu</span> <span class='ocrx_word' id='word_1_305' title='bbox 2044 2353 2250 2400; x_wconf 80' lang='lat' dir='ltr'>animum</span> <span class='ocrx_word' id='word_1_306' title='bbox 2275 2348 2535 2419; x_wconf 78' lang='lat' dir='ltr'>obfirmans</span> <span class='ocrx_word' id='word_1_307' title='bbox 2559 2358 2834 2407; x_wconf 57' lang='lat' dir='ltr'>instructum</span> 
     </span>
     <span class='ocr_line' id='line_1_54' title="bbox 1806 2429 2835 2500; baseline 0.007 -21"><span class='ocrx_word' id='word_1_308' title='bbox 1806 2440 1949 2500; x_wconf 78' lang='lat' dir='ltr'>atque</span> <span class='ocrx_word' id='word_1_309' title='bbox 1971 2440 2114 2498; x_wconf 74' lang='lat' dir='ltr'>atque</span> <span class='ocrx_word' id='word_1_310' title='bbox 2140 2429 2328 2482; x_wconf 82' lang='lat' dir='ltr'>reducis</span> <span class='ocrx_word' id='word_1_311' title='bbox 2344 2437 2374 2481; x_wconf 68' lang='grc' dir='ltr'><strong><em>Ρ</em></strong></span> <span class='ocrx_word' id='word_1_312' title='bbox 2402 2432 2461 2485; x_wconf 87' lang='lat' dir='ltr'>h.</span> <span class='ocrx_word' id='word_1_313' title='bbox 2485 2452 2534 2486; x_wconf 86' lang='lat' dir='ltr'>e.</span> <span class='ocrx_word' id='word_1_314' title='bbox 2560 2435 2835 2488; x_wconf 75' lang='lat' dir='ltr'>celerrime</span> 
     </span>
     <span class='ocr_line' id='line_1_55' title="bbox 1807 2510 2831 2582; baseline 0.009 -23"><span class='ocrx_word' id='word_1_315' title='bbox 1807 2510 2046 2561; x_wconf 87' lang='lat' dir='ltr'>retrahis.</span> <span class='ocrx_word' id='word_1_316' title='bbox 2067 2511 2341 2562; x_wconf 88' lang='lat' dir='ltr'>—Vossio</span> <span class='ocrx_word' id='word_1_317' title='bbox 2355 2551 2370 2572; x_wconf 88' lang='lat'>‚</span> <span class='ocrx_word' id='word_1_318' title='bbox 2403 2514 2537 2582; x_wconf 79' lang='lat' dir='ltr'>Quin</span> <span class='ocrx_word' id='word_1_319' title='bbox 2555 2526 2605 2565; x_wconf 77' lang='lat' dir='ltr'>tu</span> <span class='ocrx_word' id='word_1_320' title='bbox 2627 2520 2831 2567; x_wconf 72' lang='lat' dir='ltr'>animum</span> 
     </span>
     <span class='ocr_line' id='line_1_56' title="bbox 1807 2587 2832 2662; baseline 0.009 -23"><span class='ocrx_word' id='word_1_321' title='bbox 1807 2587 2021 2657; x_wconf 78' lang='lat' dir='ltr'>offirmas</span> <span class='ocrx_word' id='word_1_322' title='bbox 2040 2631 2054 2652; x_wconf 90' lang='lat'><em>,</em></span> <span class='ocrx_word' id='word_1_323' title='bbox 2101 2603 2243 2662; x_wconf 81' lang='lat' dir='ltr'>aeque</span> <span class='ocrx_word' id='word_1_324' title='bbox 2270 2594 2411 2643; x_wconf 79' lang='lat' dir='ltr'>iste‘nc</span> <span class='ocrx_word' id='word_1_325' title='bbox 2443 2605 2487 2643; x_wconf 80' lang='lat' dir='ltr'>te</span> <span class='ocrx_word' id='word_1_326' title='bbox 2516 2596 2743 2647; x_wconf 73' lang='lat' dir='ltr'>reducis?</span> <span class='ocrx_word' id='word_1_327' title='bbox 2759 2630 2832 2639; x_wconf 92' lang='lat'><em>-</em></span> 
     </span>
     <span class='ocr_line' id='line_1_57' title="bbox 1807 2667 2829 2744; baseline 0.009 -24"><span class='ocrx_word' id='word_1_328' title='bbox 1807 2667 1974 2721; x_wconf 79' lang='lat' dir='ltr'>Editt.</span> <span class='ocrx_word' id='word_1_329' title='bbox 2007 2670 2230 2723; x_wconf 86' lang='lat' dir='ltr'>Guarin.</span> <span class='ocrx_word' id='word_1_330' title='bbox 2256 2684 2309 2723; x_wconf 88' lang='lat' dir='ltr'>et</span> <span class='ocrx_word' id='word_1_331' title='bbox 2327 2672 2543 2744; x_wconf 71' lang='lat' dir='ltr'>Gryph.</span> <span class='ocrx_word' id='word_1_332' title='bbox 2569 2676 2829 2737; x_wconf 77' lang='lat' dir='ltr'>offerimt,</span> 
     </span>
     <span class='ocr_line' id='line_1_58' title="bbox 1812 2750 2829 2826; baseline 0.01 -29"><span class='ocrx_word' id='word_1_333' title='bbox 1812 2751 1943 2818; x_wconf 78' lang='lat' dir='ltr'>Quin</span> <span class='ocrx_word' id='word_1_334' title='bbox 1971 2761 2014 2799; x_wconf 84' lang='lat' dir='ltr'>te</span> <span class='ocrx_word' id='word_1_335' title='bbox 2040 2754 2200 2802; x_wconf 81' lang='lat' dir='ltr'>animo</span> <span class='ocrx_word' id='word_1_336' title='bbox 2220 2750 2439 2821; x_wconf 77' lang='lat' dir='ltr'>affimas</span> <span class='ocrx_word' id='word_1_337' title='bbox 2457 2793 2470 2815; x_wconf 88' lang='lat'><em>,</em></span> <span class='ocrx_word' id='word_1_338' title='bbox 2500 2767 2638 2826; x_wconf 78' lang='lat' dir='ltr'>teque</span> <span class='ocrx_word' id='word_1_339' title='bbox 2664 2760 2829 2807; x_wconf 61' lang='grc' dir='ltr'>ἐπιτίκ-</span> 
     </span>
     <span class='ocr_line' id='line_1_59' title="bbox 1806 2830 2830 2906; baseline 0.007 -28"><span class='ocrx_word' id='word_1_340' title='bbox 1806 2841 1974 2901; x_wconf 81' lang='lat' dir='ltr'>ctuquc</span> <span class='ocrx_word' id='word_1_341' title='bbox 2021 2830 2204 2882; x_wconf 78' lang='lat' dir='ltr'>reducis</span> <span class='ocrx_word' id='word_1_342' title='bbox 2218 2838 2248 2881; x_wconf 68' lang='grc' dir='ltr'><em>Ρ</em></span> <span class='ocrx_word' id='word_1_343' title='bbox 2271 2864 2353 2874; x_wconf 89' lang='grc'>--</span> <span class='ocrx_word' id='word_1_344' title='bbox 2374 2832 2621 2888; x_wconf 81' lang='lat' dir='ltr'>Muretus</span> <span class='ocrx_word' id='word_1_345' title='bbox 2637 2874 2653 2898; x_wconf 83' lang='lat'>,</span> <span class='ocrx_word' id='word_1_346' title='bbox 2704 2839 2830 2906; x_wconf 74' lang='lat' dir='ltr'>Quin</span> 
     </span>
     <span class='ocr_line' id='line_1_60' title="bbox 1807 2909 2830 2988; baseline 0.01 -31"><span class='ocrx_word' id='word_1_347' title='bbox 1807 2920 1853 2958; x_wconf 80' lang='lat' dir='ltr'>te</span> <span class='ocrx_word' id='word_1_348' title='bbox 1874 2914 2031 2960; x_wconf 82' lang='lat' dir='ltr'>animo</span> <span class='ocrx_word' id='word_1_349' title='bbox 2054 2909 2271 2979; x_wconf 81' lang='lat' dir='ltr'>affirmas</span> <span class='ocrx_word' id='word_1_350' title='bbox 2289 2951 2303 2972; x_wconf 88' lang='lat'><em>,</em></span> <span class='ocrx_word' id='word_1_351' title='bbox 2350 2925 2483 2983; x_wconf 80' lang='lat' dir='ltr'>teque</span> <span class='ocrx_word' id='word_1_352' title='bbox 2516 2920 2830 2988; x_wconf 68' lang='lat' dir='ltr'>aser-iugisque</span> 
     </span>
     <span class='ocr_line' id='line_1_61' title="bbox 1807 2989 2831 3061; baseline 0.011 -23"><span class='ocrx_word' id='word_1_353' title='bbox 1807 2989 2100 3060; x_wconf 79' lang='lat' dir='ltr'>reducisque.</span> <span class='ocrx_word' id='word_1_354' title='bbox 2122 3022 2201 3032; x_wconf 92' lang='lat'>—-</span> <span class='ocrx_word' id='word_1_355' title='bbox 2220 2989 2326 3043; x_wconf 86' lang='lat' dir='ltr'>Sed</span> <span class='ocrx_word' id='word_1_356' title='bbox 2350 2995 2459 3061; x_wconf 83' lang='lat' dir='ltr'>jam</span> <span class='ocrx_word' id='word_1_357' title='bbox 2485 2993 2602 3046; x_wconf 77' lang='lat' dir='ltr'>haec</span> <span class='ocrx_word' id='word_1_358' title='bbox 2628 2996 2697 3048; x_wconf 86' lang='lat' dir='ltr'>ad</span> <span class='ocrx_word' id='word_1_359' title='bbox 2711 3015 2831 3048; x_wconf 80' lang='lat' dir='ltr'>nau-</span> 
     </span>
     <span class='ocr_line' id='line_1_62' title="bbox 1805 3072 2827 3141; baseline 0.01 -22"><span class='ocrx_word' id='word_1_360' title='bbox 1805 3087 1943 3120; x_wconf 86' lang='lat' dir='ltr'>seam</span> <span class='ocrx_word' id='word_1_361' title='bbox 1978 3089 2144 3141; x_wconf 88' lang='lat' dir='ltr'>usque</span> <span class='ocrx_word' id='word_1_362' title='bbox 2187 3072 2326 3122; x_wconf 83' lang='lat' dir='ltr'>satis.</span> <span class='ocrx_word' id='word_1_363' title='bbox 2370 3073 2623 3127; x_wconf 79' lang='lat' dir='ltr'>Nostram</span> <span class='ocrx_word' id='word_1_364' title='bbox 2649 3076 2827 3128; x_wconf 77' lang='lat' dir='ltr'>lectio-</span> 
     </span>
     <span class='ocr_line' id='line_1_63' title="bbox 1806 3149 2830 3218; baseline 0.01 -19"><span class='ocrx_word' id='word_1_365' title='bbox 1806 3168 1926 3199; x_wconf 87' lang='lat' dir='ltr'>nem</span> <span class='ocrx_word' id='word_1_366' title='bbox 1953 3187 1969 3208; x_wconf 86' lang='lat'><em>,</em></span> <span class='ocrx_word' id='word_1_367' title='bbox 2016 3149 2160 3202; x_wconf 84' lang='lat' dir='ltr'>haud</span> <span class='ocrx_word' id='word_1_368' title='bbox 2208 3163 2350 3202; x_wconf 86' lang='lat' dir='ltr'>certe</span> <span class='ocrx_word' id='word_1_369' title='bbox 2398 3151 2796 3208; x_wconf 84' lang='lat' dir='ltr'>incommodam</span> <span class='ocrx_word' id='word_1_370' title='bbox 2817 3197 2830 3218; x_wconf 80' lang='lat'><strong>‚</strong></span> 
     </span>
     <span class='ocr_line' id='line_1_64' title="bbox 1805 3229 2828 3305; baseline 0.009 -27"><span class='ocrx_word' id='word_1_371' title='bbox 1805 3229 2058 3280; x_wconf 82' lang='lat' dir='ltr'>exhibent</span> <span class='ocrx_word' id='word_1_372' title='bbox 2101 3229 2250 3282; x_wconf 81' lang='lat' dir='ltr'>editt.</span> <span class='ocrx_word' id='word_1_373' title='bbox 2283 3231 2617 3305; x_wconf 81' lang='lat' dir='ltr'>Rapheleng.</span> <span class='ocrx_word' id='word_1_374' title='bbox 2656 3236 2828 3289; x_wconf 66' lang='lat' dir='ltr'>Graev.</span> 
     </span>
     <span class='ocr_line' id='line_1_65' title="bbox 1806 3306 2828 3387; baseline 0.009 -28"><span class='ocrx_word' id='word_1_375' title='bbox 1806 3306 2053 3361; x_wconf 75' lang='lat' dir='ltr'>Cantabr.</span> <span class='ocrx_word' id='word_1_376' title='bbox 2070 3310 2314 3380; x_wconf 86' lang='lat' dir='ltr'>Gotting.</span> <span class='ocrx_word' id='word_1_377' title='bbox 2329 3311 2548 3382; x_wconf 84' lang='lat' dir='ltr'>Bipont.</span> <span class='ocrx_word' id='word_1_378' title='bbox 2563 3315 2670 3367; x_wconf 68' lang='lat' dir='ltr'>nisi</span> <span class='ocrx_word' id='word_1_379' title='bbox 2682 3315 2828 3387; x_wconf 83' lang='lat' dir='ltr'>quod</span> 
     </span>
     <span class='ocr_line' id='line_1_66' title="bbox 1805 3379 2832 3463; baseline 0.012 -26"><span class='ocrx_word' id='word_1_380' title='bbox 1805 3387 2020 3458; x_wconf 80' lang='lat' dir='ltr'>offirmas</span> <span class='ocrx_word' id='word_1_381' title='bbox 2047 3379 2123 3455; x_wconf 73' lang='lat' dir='ltr'>(v.</span> <span class='ocrx_word' id='word_1_382' title='bbox 2148 3385 2287 3456; x_wconf 85' lang='lat' dir='ltr'>not.)</span> <span class='ocrx_word' id='word_1_383' title='bbox 2315 3410 2417 3462; x_wconf 78' lang='lat' dir='ltr'>pm</span> <span class='ocrx_word' id='word_1_384' title='bbox 2440 3392 2832 3463; x_wconf 75' lang='lat' dir='ltr'>affimas&#39;dedi·</span> 
     </span>
     <span class='ocr_line' id='line_1_67' title="bbox 1806 3470 2827 3541; baseline 0.011 -22"><span class='ocrx_word' id='word_1_385' title='bbox 1806 3488 1951 3534; x_wconf 82' lang='lat' dir='ltr'>mus;</span> <span class='ocrx_word' id='word_1_386' title='bbox 1985 3483 2034 3520; x_wconf 88' lang='lat' dir='ltr'>et</span> <span class='ocrx_word' id='word_1_387' title='bbox 2064 3471 2214 3523; x_wconf 87' lang='lat' dir='ltr'>sicin</span> <span class='ocrx_word' id='word_1_388' title='bbox 2240 3470 2334 3523; x_wconf 89' lang='lat' dir='ltr'>Sil.</span> <span class='ocrx_word' id='word_1_389' title='bbox 2371 3472 2487 3526; x_wconf 78' lang='lat' dir='ltr'>Ital.</span> <span class='ocrx_word' id='word_1_390' title='bbox 2514 3474 2656 3541; x_wconf 82' lang='lat' dir='ltr'>XII,</span> <span class='ocrx_word' id='word_1_391' title='bbox 2681 3480 2827 3539; x_wconf 83' lang='lat'><strong>668,</strong></span> 
     </span>
     <span class='ocr_line' id='line_1_68' title="bbox 1805 3547 2832 3628; baseline 0.008 -28"><span class='ocrx_word' id='word_1_392' title='bbox 1805 3568 1903 3619; x_wconf 88' lang='lat' dir='ltr'>pro</span> <span class='ocrx_word' id='word_1_393' title='bbox 1923 3547 2173 3617; x_wconf 80' lang='lat' dir='ltr'>affirmans</span> <span class='ocrx_word' id='word_1_394' title='bbox 2192 3569 2313 3603; x_wconf 89' lang='lat' dir='ltr'>cum</span> <span class='ocrx_word' id='word_1_395' title='bbox 2327 3551 2394 3603; x_wconf 91' lang='lat' dir='ltr'>N.</span> <span class='ocrx_word' id='word_1_396' title='bbox 2415 3552 2642 3608; x_wconf 77' lang='lat' dir='ltr'>Heinsio</span> <span class='ocrx_word' id='word_1_397' title='bbox 2659 3557 2832 3628; x_wconf 78' lang='lat' dir='ltr'>legen·</span> 
     </span>
     <span class='ocr_line' id='line_1_69' title="bbox 1804 3628 2830 3706; baseline 0.008 -27"><span class='ocrx_word' id='word_1_398' title='bbox 1804 3629 1934 3680; x_wconf 90' lang='lat' dir='ltr'>dum</span> <span class='ocrx_word' id='word_1_399' title='bbox 1969 3628 2179 3682; x_wconf 78' lang='lat' dir='ltr'>videtur</span> <span class='ocrx_word' id='word_1_400' title='bbox 2218 3629 2483 3701; x_wconf 79' lang='lat' dir='ltr'>offimans.</span> <span class='ocrx_word' id='word_1_401' title='bbox 2508 3666 2592 3676; x_wconf 92' lang='lat'>—-</span> <span class='ocrx_word' id='word_1_402' title='bbox 2615 3637 2756 3706; x_wconf 71' lang='lat' dir='ltr'>Quin</span> <span class='ocrx_word' id='word_1_403' title='bbox 2789 3651 2830 3686; x_wconf 67' lang='lat' dir='ltr'>a*</span> 
     </span>
     <span class='ocr_line' id='line_1_70' title="bbox 1804 3708 2830 3781; baseline 0.009 -22"><span class='ocrx_word' id='word_1_404' title='bbox 1804 3714 1964 3760; x_wconf 79' lang='lat' dir='ltr'>animo</span> <span class='ocrx_word' id='word_1_405' title='bbox 2010 3708 2234 3779; x_wconf 81' lang='lat' dir='ltr'>obfirmas</span> <span class='ocrx_word' id='word_1_406' title='bbox 2264 3731 2277 3763; x_wconf 74' lang='lat' dir='ltr'><strong><em>z</em></strong></span> <span class='ocrx_word' id='word_1_407' title='bbox 2304 3711 2561 3781; x_wconf 68' lang='lat' dir='ltr'>obsit-mam</span> <span class='ocrx_word' id='word_1_408' title='bbox 2603 3737 2690 3778; x_wconf 79' lang='lat' dir='ltr'>se,</span> <span class='ocrx_word' id='word_1_409' title='bbox 2750 3718 2830 3768; x_wconf 70' lang='lat' dir='ltr'>vel</span> 
     </span>
     <span class='ocr_line' id='line_1_71' title="bbox 1801 3789 2829 3860; baseline 0.01 -21"><span class='ocrx_word' id='word_1_410' title='bbox 1801 3789 2010 3859; x_wconf 84' lang='lat' dir='ltr'>plenius</span> <span class='ocrx_word' id='word_1_411' title='bbox 2034 3790 2287 3860; x_wconf 77' lang='lat' dir='ltr'>obfirmare</span> <span class='ocrx_word' id='word_1_412' title='bbox 2315 3812 2365 3843; x_wconf 82' lang='lat' dir='ltr'>se</span> <span class='ocrx_word' id='word_1_413' title='bbox 2394 3798 2586 3856; x_wconf 75' lang='grc' dir='ltr'><strong><em>αηὶιηο,</em></strong></span> <span class='ocrx_word' id='word_1_414' title='bbox 2619 3809 2704 3848; x_wconf 82' lang='lat' dir='ltr'>est</span> <span class='ocrx_word' id='word_1_415' title='bbox 2732 3823 2754 3842; x_wconf 81' lang='grc' dir='ltr'>ι</span> <span class='ocrx_word' id='word_1_416' title='bbox 2776 3797 2829 3848; x_wconf 82' lang='lat' dir='ltr'>in</span> 
     </span>
     <span class='ocr_line' id='line_1_72' title="bbox 1800 3872 2832 3942; baseline 0.01 -22"><span class='ocrx_word' id='word_1_417' title='bbox 1800 3882 1958 3940; x_wconf 85' lang='lat' dir='ltr'>capto</span> <span class='ocrx_word' id='word_1_418' title='bbox 1997 3873 2215 3924; x_wconf 80' lang='lat' dir='ltr'>consilio</span> <span class='ocrx_word' id='word_1_419' title='bbox 2259 3872 2334 3925; x_wconf 75' lang='lat' dir='ltr'>ita</span> <span class='ocrx_word' id='word_1_420' title='bbox 2373 3891 2431 3925; x_wconf 76' lang='lat' dir='ltr'>se</span> <span class='ocrx_word' id='word_1_421' title='bbox 2472 3876 2832 3942; x_wconf 67' lang='lat' dir='ltr'>confirmare,</span> 
     </span>
     <span class='ocr_line' id='line_1_73' title="bbox 1802 3950 2832 4024; baseline 0.006 -23"><span class='ocrx_word' id='word_1_422' title='bbox 1802 3963 1860 4002; x_wconf 88' lang='lat' dir='ltr'>ut</span> <span class='ocrx_word' id='word_1_423' title='bbox 1891 3950 1957 4001; x_wconf 85' lang='lat' dir='ltr'>ab</span> <span class='ocrx_word' id='word_1_424' title='bbox 1991 3970 2055 4003; x_wconf 88' lang='lat' dir='ltr'>eo</span> <span class='ocrx_word' id='word_1_425' title='bbox 2091 3951 2431 4024; x_wconf 83' lang='lat' dir='ltr'>exsequendo</span> <span class='ocrx_word' id='word_1_426' title='bbox 2469 3955 2626 4007; x_wconf 85' lang='lat' dir='ltr'>nullo</span> <span class='ocrx_word' id='word_1_427' title='bbox 2663 3956 2832 4010; x_wconf 83' lang='lat' dir='ltr'>modo</span> 
     </span>
     <span class='ocr_line' id='line_1_74' title="bbox 1801 4032 2832 4108; baseline 0.006 -27"><span class='ocrx_word' id='word_1_428' title='bbox 1801 4049 1897 4082; x_wconf 88' lang='lat' dir='ltr'>nos</span> <span class='ocrx_word' id='word_1_429' title='bbox 1936 4032 2146 4084; x_wconf 76' lang='lat' dir='ltr'>avocari</span> <span class='ocrx_word' id='word_1_430' title='bbox 2187 4034 2469 4104; x_wconf 76' lang='lat' dir='ltr'>patiamur.</span> <span class='ocrx_word' id='word_1_431' title='bbox 2493 4060 2518 4081; x_wconf 71' lang='grc' dir='ltr'><strong>ο</strong></span> <span class='ocrx_word' id='word_1_432' title='bbox 2568 4036 2832 4108; x_wconf 71' lang='lat' dir='ltr'>Exempla</span> 
     </span>
     <span class='ocr_line' id='line_1_75' title="bbox 1802 4112 2836 4170; baseline 0.007 -9"><span class='ocrx_word' id='word_1_433' title='bbox 1802 4129 1865 4162; x_wconf 84' lang='lat' dir='ltr'>ex</span> <span class='ocrx_word' id='word_1_434' title='bbox 1905 4112 2094 4166; x_wconf 77' lang='lat' dir='ltr'>Plauto</span> <span class='ocrx_word' id='word_1_435' title='bbox 2128 4125 2182 4165; x_wconf 83' lang='lat' dir='ltr'>et</span> <span class='ocrx_word' id='word_1_436' title='bbox 2219 4113 2473 4167; x_wconf 80' lang='lat' dir='ltr'>Terentio</span> <span class='ocrx_word' id='word_1_437' title='bbox 2512 4114 2672 4170; x_wconf 55' lang='lat' dir='ltr'>allatu</span> <span class='ocrx_word' id='word_1_438' title='bbox 2712 4116 2836 4168; x_wconf 78' lang='lat' dir='ltr'>vide</span> 
     </span>
    </p>
   </div>
  </div>
 </body>
</html>
