2986 4935
835 452 1283 522 CARMEN
1339 454 1580 520 XXX.

2134 482 2273 552 109

173 591 352 656 Certe
387 601 524 655 tute
553 586 833 681 jubebas
863 586 1147 654 animam
1186 584 1445 652 tradere
1469 637 1486 664 ‚
1531 586 1787 678 inique,
1824 611 1931 654 me

167 694 479 762 Inducens
518 694 584 760 in
626 717 957 775 amorem,
995 690 1180 784 quasi
1220 704 1362 758 tuta
1400 693 1622 759 omnia
1661 692 1753 759 mi
1796 693 2030 760 forent.

172 799 335 868 ldem
370 824 549 867 nune
588 800 865 868 retrahis
902 812 1001 881 te,
1039 821 1117 865 ac
1154 811 1265 863 tua
1302 796 1480 865 dicta
1520 799 1739 865 omnia
1783 797 2084 893 factaque

170 908 401 974 Ventos
442 907 628 975 irrita
665 904 870 991 ferre,
902 916 969 972 et
1002 901 1272 970 nebulas
1309 904 1518 971 aerias
1551 905 1727 972 sinis.

170 1012 227 1078 Si
261 1025 328 1080 tu
368 1010 610 1080 oblitus
650 1036 748 1096 eS,
788 1025 857 1079 at
892 1011 1003 1078 Dii
1044 1009 1522 1093 meminerunt,
1566 1012 1861 1079 meminit
1896 1011 2120 1092 Fides;

169 1117 347 1204 Quae,
382 1132 445 1186 te
487 1133 562 1187 ut
605 1119 915 1211 poeniteat
958 1114 1308 1210 postmodo
1352 1115 1544 1202 facti,
1590 1115 1821 1202 faciet,
1860 1119 1976 1185 tui.

170 1323 294 1376 unde
303 1326 433 1377 bene
446 1325 642 1378 Statius
652 1325 773 1377 fecit
792 1323 978 1385 dehinc,
1003 1340 1160 1393 quem

167 1404 376 1474 sequitur
397 1406 633 1456 Vossius.
667 1404 933 1455 Pomanus
958 1402 1165 1454 volebat

168 1483 259 1545 «Bc,
285 1502 435 1554 quem
466 1496 763 1554 sequuntur
794 1482 1010 1552 plurimi
1038 1480 1164 1532 libri

169 1564 535 1615 extend—Non
560 1560 911 1614 consideravit
940 1561 1133 1612 Statius
1148 1598 1164 1625 ,

167 1645 631 1714 eameonjeeturam
657 1642 824 1692 dehinc
850 1659 957 1692 non
991 1640 1167 1692 minus

166 1719 410 1791 languere,
437 1740 601 1794 quam
619 1719 863 1774 codicum
887 1720 1163 1772 lectionem

167 1799 271 1852 ὤεα.
310 1800 460 1854 Poeta
504 1799 728 1873 quidem
756 1799 934 1851 dicere
964 1800 1163 1862 noluit,

169 1879 370 1950 Alpheni
404 1880 689 1951 perfidiam
731 1898 837 1931 esse
868 1898 963 1931 cur
988 1878 1162 1930 homi-

167 1977 244 2010 nes
265 1959 314 2010 in
338 1974 607 2031 posterum
641 1960 839 2011 nemini
873 1957 1032 2010 fidem
1069 1957 1163 2010 ha-

167 2037 313 2091 beant.
330 2038 594 2092 Sententia
618 2040 729 2108 ejus
755 2038 863 2091 haec
885 2052 992 2090 est·
1017 2036 1162 2102 Quid

166 2115 331 2169 faciant
370 2118 617 2171 homines
635 2157 650 2181 ‚
695 2116 954 2188 siquidem
1005 2118 1162 2169 amici

165 2195 224 2249 ita
251 2216 298 2248 se
323 2211 500 2269 gerant
540 2209 600 2249 ut
636 2197 948 2268 Alphenus?
972 2198 1163 2249 Differt

167 2293 275 2327 vero
293 2276 398 2331 hnc
417 2278 753 2349 aliquantum
774 2277 841 2328 ab
865 2277 967 2328 illa.
986 2277 1162 2341 Quare

165 2352 358 2409 difficile
375 2359 473 2410 erit
497 2358 745 2408 Pontano
768 2376 874 2407 non
902 2357 1162 2420 assentiri,

165 2436 246 2505 qui
287 2437 417 2490 salva
461 2436 723 2490 orationis
762 2437 814 2488 vi
862 2448 1013 2507 atque
1059 2435 1163 2487 ele-

164 2516 312 2583 gantia
339 2519 549 2587 scripsit
574 2516 695 2586 quid
708 2517 930 2584 flaciani,
960 2517 1058 2578 dic,
1077 2517 1161 2566 ho-

165 2598 303 2646 niens.
320 2596 404 2649 Sic
428 2596 719 2659 Horatius,
745 2598 798 2660 1,
818 2600 884 2650 8:
912 2598 1037 2665 «Β,
1041 2594 1162 2653 dia,

164 2671 319 2738 dic‚..
399 2675 700 2747 ‚Sybarim
757 2694 853 2727 cur
914 2693 1165 2745 properas

163 2716 376 2807 amando·
389 2754 684 2827 perdere.
682 2754 898 2823 ’Ἧι-ΒΗ.
929 2757 1047 2805 AEn.
1055 2755 1163 2817 vt,

167 2831 279 2894 343.
290 2834 406 2888 Haec
421 2835 670 2888 Handius.
682 2834 929 2886 Lectione
947 2792 1163 2903 quideni

162 2912 229 2962 die
247 2914 561 2967 restituenda
590 2925 729 2965 reete
762 2912 997 2983 judicare
1031 2912 1159 2964 mihi

163 2991 364 3058 viderur,
386 2994 479 3047 sed
511 3012 622 3045 non
651 2990 975 3062 explicandis
1013 2993 1160 3043 voci·

164 3070 247 3121 bus
265 3075 586 3143 quidsaet'ant
612 3073 837 3124 homines.
858 3073 922 3123 N.

232 3152 424 3219 7.Tute,
437 3167 498 3205 tu
511 3154 625 3224 ipse
634 3164 845 3221 ap.vett.
856 3170 1076 3221 gramm.
1091 3151 1158 3203 N.

232 3232 279 3284 8.
305 3233 541 3285 Indue-ens
581 3235 632 3282 in
673 3250 901 3283 amorem.
940 3231 1161 3299 ProprIe

163 3309 431 3365 &ducereeet
483 3311 689 3363 fallacia
742 3323 792 3362 et
846 3308 971 3361 dolo
1022 3310 1160 3361 malo

163 3389 405 3455 pellicere,
420 3404 478 3444 ut
487 3390 739 3459 decipias.
751 3390 1001 3460 Exempla
1015 3387 1161 3441 dabit

165 3466 545 3523 Brouckhusius
566 3468 636 3521 ad
658 3468 856 3520 Tihun.
891 3471 916 3519 1
933 3508 949 3531 ,
977 3487 1029 3537 7,
1058 3485 1106 3519 1.

223 3565 289 3600 ω.
306 3551 488 3601 Ventos
506 3553 648 3600 irrita
659 3550 807 3613 serre.
830 3547 987 3601 Cons.
1003 3546 1156 3607 infra,

1248 1318 1318 1373 ad
1342 1339 1503 1373 carm.
1527 1323 1727 1386 LXIV,
1746 1342 1825 1376 vs.
1848 1323 1947 1388 58,
1974 1324 2064 1393 59.
2086 1327 2177 1378 Ad
2196 1347 2277 1378 ne·

1250 1399 1387 1450 bulas
1418 1399 1510 1453 dat
1542 1402 1676 1453 male
1702 1402 1963 1467 Muretus,
1995 1423 2055 1455 ac
2076 1407 2271 1458 nebulas

1248 1479 1468 1542 Statius3
1503 1479 1636 1532 dure
1654 1520 1668 1541 ,
1702 1483 1771 1533 ob
1792 1482 2049 1552 ingratam
2079 1488 2273 1556 repeti·

1249 1558 1446 1609 tionem
1476 1560 1743 1631 particulae
1764 1582 1823 1612 ac
1849 1581 1912 1613 ex
1944 1582 2096 1615 versu
2126 1580 2269 1618 aute-

1249 1635 1484 1703 cedenti,
1520 1640 1613 1691 ubi
1647 1640 1837 1710 legitur
1866 1661 1923 1691 ac
1947 1653 2029 1693 tua
2054 1644 2200 1697 dicta.

1337 1735 1359 1767 1
1378 1734 1399 1766 1
1412 1757 1423 1767 .
1443 1720 1606 1771 Fides.
1631 1721 1834 1771 Divinis
1850 1719 1991 1792 apud
2010 1723 2273 1776 Romanos

1252 1796 1422 1847 Fidem
1460 1799 1653 1851 cultam
1694 1819 1799 1851 esse
1831 1800 2123 1854 honoribus
2144 1844 2159 1868 ,
2186 1823 2269 1855 res

1250 1888 1323 1926 est
1365 1878 1484 1928 satis
1525 1891 1683 1942 nota;
1715 1881 2055 1932 memorabile
2094 1896 2267 1934 autem

1249 1967 1322 2004 est
1365 1956 1595 2008 solemne
1638 1957 1767 2010 illud
1797 1998 1812 2022 ,
1847 1959 1991 2029 quod
2038 1961 2267 2014 Numam

1251 2034 1575 2104 Pompilium
1629 2037 1755 2089 huic
1814 2041 1934 2089 Deae
1991 2041 2268 2092 instituisse

1248 2111 1406 2165 tradit
1434 2116 1550 2166 Liv.
1578 2117 1634 2180 I,
1673 2136 1766 2178 21,
1797 2119 1885 2169 ubi
1914 2119 2091 2179 miror,
2125 2121 2269 2172 Stro-

1249 2192 1416 2243 thium
1443 2214 1507 2258 ex
1521 2196 1638 2246 loco
1666 2197 1784 2246 satis
1806 2199 2085 2267 perspicuo
2108 2218 2161 2250 se
2184 2219 2270 2250 ex·

1248 2271 1433 2342 pedire
1446 2293 1554 2325 non
1572 2276 1798 2344 potuisse
1812 2294 1827 2339 ;
1847 2277 2004 2327 verba
2019 2278 2090 2329 ibi
2113 2291 2261 2330 sunt:

1250 2352 1345 2402 «Et
1363 2353 1455 2403 soli
1473 2353 1620 2406 Fidei
1639 2356 1869 2406 solemne
1895 2356 2177 2421 instituit»,
2204 2358 2262 2410 h.

1250 2449 1296 2484 e.
1327 2432 1471 2486 Fidei
1488 2435 1611 2495 soli,
1638 2452 1745 2504 prae
1768 2436 1964 2488 caeteris
1996 2437 2109 2489 Diis
2133 2439 2265 2490 Dea-

1250 2512 1453 2582 busque
1477 2514 1751 2580 omnibus,
1770 2517 1990 2579 solemne,
2020 2519 2269 2587 singulari

1249 2591 1479 2661 quodam
1529 2612 1676 2645 more
1720 2608 1771 2647 et
1813 2597 1916 2647 ritu
1957 2597 2269 2651 celebranda

1250 2689 1390 2723 sacra
1407 2673 1627 2725 instituit
1654 2688 1706 2726 et
1724 2677 1972 2741 sacravit3
1989 2678 2263 2741 nimirum,

1257 2749 1366 2801 ·ad
1388 2750 1441 2802 id
1463 2754 1745 2804 sacrarium
1778 2782 1798 2801 ι
1819 2794 1834 2818 ,
1854 2757 2023 2826 pergit
2054 2758 2234 2809 Livius
2254 2797 2270 2821 ,

1256 2828 1524 2882 «flamines
1541 2832 1690 2902 bigis,
1710 2851 1868 2885 curru
1891 2850 2101 2887 arcuato
2114 2876 2128 2900 ,
2145 2838 2266 2889 vehi

1247 2909 1431 2975 jussit,
1467 2929 1731 2982 manuque
1777 2912 1844 2963 ad
1886 2912 2072 2983 digitos
2102 2936 2266 2986 usque

1247 2988 1478 3040 involuta
1523 3009 1634 3041 rem
1675 2990 1906 3043 divinam
1956 2995 2123 3045 facere
2149 3013 2161 3046 :
2196 2997 2266 3045 si-

1246 3069 1552 3137 gnificantes
1571 3068 1729 3121 {idem
1751 3070 2018 3123 tutandam
2033 3112 2046 3135 ,
2061 3072 2265 3124 sedem-

1248 3165 1350 3217 que
1393 3150 1504 3217 ejus
1534 3151 1685 3200 etiam
1716 3151 1768 3201 in
1795 3150 1987 3203 dextris
2017 3165 2267 3205 sacratam

1247 3246 1409 3279 esse».
1428 3227 1529 3280 Hic
1543 3229 1687 3280 locus
1709 3229 1867 3298 igitur
1889 3231 2104 3282 minime
2124 3232 2267 3283 solli-

1247 3305 1486 3358 citandus
1502 3347 1515 3370 ,
1535 3321 1625 3358 aut
1654 3310 1827 3360 verbis
1842 3347 1857 3370 ,
1879 3330 1994 3381 quae
2016 3310 2264 3363 excidisse

1249 3384 1564 3437 videbantur
1615 3388 1847 3439 Strothio
1866 3428 1882 3453 ,
1946 3390 2269 3460 supplendus

1249 3463 1472 3516 videtur.
1488 3467 1564 3517 At
1590 3468 1659 3516 Di
1683 3472 1952 3532 meminere,
1988 3482 2040 3520 at
2059 3474 2269 3522 memirn't

1253 3545 1399 3597 Fides
1424 3545 1561 3598 liber
1584 3546 1796 3599 Mureti.
