2986 4935
835 441 1282 511 CARMEN
1339 442 1616 510 XLVI.

2153 442 2292 528 143

459 578 558 645 Ut
595 573 812 643 multo
852 575 1015 643 mihi
1053 574 1267 667 major
1308 576 1659 668 acriorque
2250 609 2294 644 1⁵

459 683 641 776 Ignis
687 679 999 749 mollibus
1034 680 1221 749 ardet
1258 684 1326 749 in
1361 680 1692 750 medullis.

462 791 609 856 Hoc
655 803 730 856 ut
774 787 974 873 dixit,
1025 789 1262 871 Amor,
1298 789 1631 857 sinistram
1673 803 1747 858 ut
1782 805 1974 872 ante,

462 896 785 962 Dextram
835 896 1116 963 sternuit
1151 894 1720 989 approbationem.

463 1001 662 1069 Nunc
708 1000 792 1068 ab
838 1001 1133 1094 auspicio
1178 1001 1357 1070 bono
1399 1002 1728 1096 profecti,

464 1109 723 1175 Mutuis
757 1108 990 1175 animis
1021 1121 1281 1192 amant,
1311 1124 1641 1177 amantur.

462 1215 687 1282 Unam
720 1215 1080 1308 Septimius
1115 1213 1404 1284 misellus
1435 1217 1687 1283 Acmen

463 1317 764 1404 Mavolt‚
800 1343 1000 1413 quam
1037 1322 1255 1415 Syrias
1287 1322 1825 1415 Britanniasque3

462 1427 619 1494 Uno
653 1428 720 1493 in
758 1428 1078 1520 Septimio
1115 1426 1325 1496 fidelis
1353 1430 1559 1496 Acme

461 1533 647 1601 Facit
682 1531 982 1620 delicias,
1011 1532 1461 1628 libidinesque.

462 1639 633 1727 Quis
665 1637 834 1708 ullos
869 1639 1170 1708 homines
1206 1640 1532 1709 beatiores
2244 1677 2288 1714 25

458 1743 690 1814 Vidit?
725 1747 869 1840 quis
916 1749 1247 1815 Venerem
1294 1745 1852 1842 auspicatiorem?

148 1951 253 2020 prie
274 1956 455 2004 servire
480 1950 736 2004 dicuntur
760 1965 1038 2004 amatores.
1058 1952 1172 2004 Nisi

146 2032 255 2101 quis
275 2033 418 2084 forte
444 2033 610 2083 verba
633 2049 648 2084 ε
671 2033 805 2083 Huic
828 2051 923 2083 uno
946 2033 1137 2084 domino
1153 2051 1174 2084 .·

148 2112 449 2164 suavissima
498 2111 728 2183 imagine
786 2106 1045 2172 δεικτικῶς
1104 2109 1173 2164 ad

149 2192 372 2243 Amorem
425 2205 682 2261 tanquam
734 2206 1040 2260 presentem
1086 2211 1173 2244 re·
1208 2206 1211 2209 ’

148 2270 273 2323 ferre
318 2272 492 2324 malit.
537 2271 606 2323 Et
649 2271 721 2324 sic
762 2272 1005 2325 similiter
1050 2272 1171 2324 infr.

148 2350 313 2404 Cam.
347 2353 513 2415 LXI,
557 2350 696 2415 134,
729 2349 967 2405 dicitur:
1003 2357 1175 2404 servire

1273 1954 1546 2005 ThalassiO.
1567 1986 1639 1995 —
1665 1954 1836 2007 Multo
1870 1953 2048 2025 potior
2077 1955 2189 2009 haec
2218 1959 2294 2010 in-

1263 2033 1588 2104 terpretatio.
1639 2035 1708 2085 N.

1348 2132 1433 2180 19.
1464 2113 1610 2164 Nunc
1638 2112 1702 2163 ab
1728 2118 1909 2183 auspic.
1941 2114 2049 2166 bon.
2065 2119 2201 2186 pros.
2234 2118 2285 2169 h.

1263 2212 1309 2243 e.
1338 2193 1466 2245 laetis
1498 2192 1768 2244 ominibus
1796 2212 2032 2245 amorem
2058 2196 2249 2249 exorsi.

1349 2293 1374 2324 2
1391 2292 1436 2324 t.
1458 2272 1677 2324 Misellus
1696 2271 1792 2325 der
1813 2274 2089 2328 Zfirtliche.
2114 2276 2197 2327 Cf.
2218 2276 2284 2328 ad

1263 2353 1442 2405 Carm.
1474 2352 1707 2416 XXXV,
1744 2359 1831 2414 πά.

741 2566 1273 2654 CARMEN
1339 2565 1678 2654 XLVI.

484 2802 590 2846 An
645 2800 730 2847 se
787 2774 1041 2847 ipsum
1101 2802 1199 2846 ne
1261 2800 1644 2846 ADVENTU
1703 2801 1955 2845 venis.

481 2994 518 3058 J
527 3016 633 3060 ΑΜ
679 3015 798 3059 ver
835 2990 1125 3085 egelidos
1172 2989 1372 3057 refert
1413 3004 1711 3083 teporeS‚

461 3102 612 3168 Jam
660 3096 798 3166 caeli
844 3098 1031 3166 furor
1067 3096 1537 3191 aequinoctialis

221 3315 366 3365 Aue.
400 3311 636 3365 Catullus
663 3329 830 3382 quum
854 3322 984 3362 esset
1010 3309 1064 3360 in
1086 3308 1175 3359 Bi·

145 3393 330 3463 thynia
346 3431 363 3456 ,
386 3410 551 3464 quem
574 3391 713 3443 male
731 3391 808 3442 ibi
835 3390 890 3441 in
924 3387 1173 3441 comitatu

144 3473 386 3525 Memmii
438 3491 496 3524 se
549 3471 794 3524 habuisse
846 3479 1048 3521 constat
1107 3486 1176 3520 ex

144 3551 322 3606 (Συ-ω.
348 3555 435 3617 X,
462 3564 516 3604 et
547 3552 789 3614 XXVII,
815 3550 913 3600 sub
944 3546 1174 3600 adventu

144 3634 310 3697 veris,
336 3651 450 3704 quo
498 3629 781 3684 discessum
827 3648 894 3680 ,ex
927 3627 1175 3700 Bithynia

143 3726 497 3783 apparatui-us
531 3724 674 3775 erat,
701 3709 925 3761 exsultat
949 3727 1058 3779 prae
1086 3708 1173 3758 lae-

145 3792 282 3856 titia,
307 3806 363 3845 et
389 3790 785 3853 dulcissimam,
812 3807 970 3858 quam
999 3806 1062 3838 ex
1078 3788 1174 3839 hac

143 3870 195 3923 in
234 3872 399 3924 aliam
429 3870 704 3941 regionem
737 3865 1055 3919 instituendo
1088 3867 1173 3919 iti-

142 3969 265 4004 ncre
285 3964 546 4024 capturus
571 3950 636 4001 sit
666 3948 1016 4017 voluptatem,
1036 3948 1171 4016 jam·

140 4032 240 4100 jam
257 4033 447 4084 animo
472 4027 830 4100 prasentiscit.
850 4028 994 4079 Laeto
1019 4026 1178 4096 igitur

141 4111 321 4164 animo
348 4108 604 4164 valedicit
622 4107 924 4161 comitibus.

1351 3327 1399 3360 1.
1434 3308 1669 3375 Egelidos
1708 3318 1903 3376 tepores.
1943 3309 2191 3379 Egelidus
2217 3330 2291 3367 est

1263 3388 1385 3457 gelu
1427 3406 1641 3458 experS,
1683 3401 1735 3439 et
1763 3385 1959 3441 dicitur
1991 3388 2060 3442 de
2092 3394 2287 3464 tepidis

1265 3479 1313 3518 et
1339 3467 1671 3520 mollioribus
1693 3468 1790 3519 sub
1803 3470 1941 3521 veris
1952 3469 2127 3523 reditu
2150 3494 2290 3527 auroe

1263 3546 1492 3599 flatibus,
1542 3548 1680 3600 Hinc
1722 3568 1811 3598 ‘ver
1863 3551 2100 3619 egelidum
2144 3555 2287 3626 apud

1266 3627 1551 3679 Columell.
1575 3628 1652 3689 X,
1688 3630 1793 3680 ²82
1811 3667 1827 3693 ‚
1850 3630 1945 3681 ubi
1972 3629 2082 3684 vid.
2105 3632 2172 3686 de
2191 3636 2287 3687 har

1264 3725 1392 3758 voce
1418 3705 1734 3759 Beroaldus.'

1348 3806 1399 3839 ².
1427 3788 1479 3838 F
1476 3806 1590 3837 uror
1616 3787 1726 3838 caeli
1752 3791 2097 3859 aequinoctialis
2113 3830 2128 3853 ‚
2164 3795 2287 3846 sub·

1263 3866 1441 3918 limius
1469 3878 1521 3917 et
1551 3867 1856 3937 exquisitius
1894 3867 1962 3919 de
1995 3871 2160 3923 ventis
2190 3878 2289 3927 sul»

1264 3945 1642 4016 aequinoctium
1701 3947 1945 4018 inprimis
2002 3950 2178 4004 furere
2236 3969 2288 4007 et

1266 4026 1510 4078 bacchari
1538 4027 1727 4090 solitis;
1746 4026 1956 4079 videtur
1983 4029 2141 4099 igitur
2159 4035 2285 4086 scri-

1267 4118 1413 4175 ptum
1469 4105 1573 4157 hoc
1621 4125 1830 4159 carmen
1881 4122 1995 4177 post
2051 4114 2289 4183 aequino.
