2986 4935
737 425 742 429 ⁴
804 473 1245 542 CARMEN
1304 476 1721 544 xxxvll.

2185 474 2323 545 125

303 603 310 610 ’
407 605 629 675 Puella
667 629 816 674 nam
853 629 1034 693 mea,
1065 629 1209 700 quae
1240 629 1390 675 meo
1424 609 1573 675 sinu
1606 607 1831 703 fugit.

409 716 641 780 Amata
674 728 962 798 tantum,
992 728 1313 807 quantum
1347 714 1676 782 amabitur
1709 714 1919 799 nulla,

407 821 538 887 Pro
575 844 706 913 qua
742 820 902 888 mihi
948 835 1099 888 sunt
1137 844 1375 913 magna
1421 819 1590 888 bella
1628 836 1953 915 pugnata,

405 925 724 995 Consedit
759 928 921 996 istic.
963 929 1153 995 Hanc
1187 926 1343 995 boni
1378 926 1684 1020 beatique

405 1034 657 1101 Omnes
691 1032 922 1102 amatis
959 1059 972 1100 :
1017 1048 1083 1101 et
1117 1033 1417 1127 quidem,
1455 1032 1635 1125 quod
1675 1033 2014 1128 iudignum
2057 1052 2185 1122 est,
2280 1069 2326 1105 ¹5

407 1140 659 1209 Omnes
700 1137 961 1234 pusilli,
993 1154 1061 1208 et
1095 1140 1401 1208 semitarii
1441 1139 1720 1223 moechi3

405 1246 508 1313 Tu
553 1259 790 1341 praeter
826 1270 1055 1314 omnes
1092 1270 1221 1314 une
1258 1245 1339 1312 de
1377 1243 1693 1340 capillatis

405 1351 822 1421 Cuniculosae
855 1349 1224 1422 Celtiberiae
1263 1350 1352 1419 fili
1370 1407 1387 1438 ,

201 1595 382 1632 usurus
408 1591 551 1644 erat,
581 1593 639 1633 ut
666 1599 730 1634 eo
754 1581 928 1633 altiori
951 1581 1069 1633 loco
1085 1618 1102 1644 ,
1124 1581 1216 1632 ubi

201 1677 296 1710 non
337 1659 494 1712 facile
531 1657 698 1714 deleri
730 1673 933 1731 posoet,
962 1661 1216 1713 crimino-

199 1753 299 1790 sam
345 1738 747 1813 inscriptionem
799 1741 1109 1812 appingeret
1138 1772 1217 1782 —-

198 1815 478 1889 Sopioaibm
531 1832 691 1872 tentat
730 1820 975 1883 Vossius,
1021 1821 1106 1871 cui
1145 1840 1217 1871 so-

191 1901 350 1966 piones
382 1898 628 1952 exstincti
660 1913 750 1953 aut
778 1900 936 1971 sopiti
967 1901 1219 1952 carbones

201 1992 312 2030 sunt
329 2019 345 2043 ,
369 1979 593 2049 ζώπυρα.
626 1979 754 2032 Aliis
780 1979 949 2051 placet
974 1979 1216 2031 titionibus

202 2057 277 2108 vel
304 2058 676 2128 scriptionibus.

279 2153 371 2192 ιι.
401 2139 581 2190 Puella
617 2148 814 2210 namque
840 2159 947 2209 quoe
974 2158 1074 2189 meo
1109 2142 1217 2190 sinu

189 2216 322 2286 sugit
363 2218 422 2269 in
465 2216 782 2289 quibusdam
824 2218 1214 2270 vetustioribus.

201 2294 299 2348 Sed
316 2298 532 2349 Mur-eto
553 2311 606 2350 et
623 2297 809 2349 Vossio
833 2297 996 2367 magis
1019 2297 1217 2350 arridet

198 2389 338 2428 vetus
370 2377 564 2437 lentie,
595 2395 754 2448 quam
785 2377 1070 2448 praeferunt
1096 2377 1215 2429 libri

198 2469 391 2509 veteres
409 2455 737 2511 Ald.Venet.
756 2457 928 2510 Puella
947 2476 1057 2508 nam
1080 2458 1218 2510 modo

199 2555 299 2606 quoe
329 2557 437 2587 meo
466 2538 757 2606 sinusugit,·
781 2549 1009 2589 nostram
1038 2538 1215 2588 lectio-

197 2634 311 2668 nem
340 2615 602 2669 debemus
628 2617 790 2669 Statio
807 2657 821 2681 ,
853 2616 942 2688 qui
972 2617 1219 2670 omnibus

197 2694 249 2745 in
281 2696 483 2749 MSSC.
526 2697 797 2748 invenerat
817 2696 983 2766 puella
1011 2716 1121 2747 nam
1147 2717 1218 2748 me

197 2794 298 2844 qua·
333 2796 441 2827 meo
463 2796 482 2827 .·
516 2776 570 2827 in
604 2795 713 2827 uno
741 2788 914 2827 autem
940 2795 1044 2846 qua:
1072 2796 1172 2827 meo
1193 2798 1218 2826 e

196 2858 472 2924 sinusugit.
497 2854 637 2908 Edit.
672 2855 735 2909 R.
764 2876 872 2926 quoe
901 2876 927 2905 e
949 2876 1049 2906 meo
1078 2862 1213 2920 sinu,

197 2933 280 2985 ned
298 2934 700 3005 prepositiones
721 2953 857 3005 sape
879 2933 1020 3006 apud
1044 2949 1219 3005 poetas

197 3016 550 3085 negiiguntur.

279 3111 364 3148 ια.
393 3094 583 3146 Amata
607 3104 823 3156 tantum,
850 3107 944 3145 etc.
969 3093 1053 3146 Sic
1073 3113 1214 3216 supr.

200 3171 373 3226 Carm.
390 3174 566 3239 VIII,
589 3176 638 3225 5.

278 3254 369 3306 13.
395 3253 544 3304 Bella
574 3264 772 3323 patrata
808 3250 1070 3322 Scaliger,
1092 3271 1217 3323 pro·

196 3330 346 3386 hante
371 3333 444 3384 N.
467 3331 722 3385 Heinsio
708 3350 762 3383 in
787 3331 907 3384 Not.
936 3330 1004 3385 ad
1025 3331 1216 3384 Catuli.

194 3413 440 3475 —male‚
485 3412 543 3463 ni
581 3411 751 3464 fallor.
792 3411 860 3464 N.
894 3443 968 3453 -
994 3413 1095 3463 Pro
1123 3431 1218 3483 qua

194 3493 306 3543 aaz·
322 3534 336 3555 ,
366 3505 470 3545 etc.
499 3491 615 3543 Hoc
646 3504 751 3555 est,
784 3490 853 3543 de
882 3510 984 3561 qua
1020 3509 1219 3563 magnae

192 3571 321 3624 mihi
355 3590 489 3625 enm
531 3570 784 3624 rivalibus
823 3573 1054 3623 excitata
1101 3583 1219 3623 sunt

193 3648 319 3703 lim.
340 3652 539 3704 Beuum
559 3670 781 3721 pugnare
804 3648 1004 3703 dictum
1045 3664 1120 3702 est
1162 3662 1219 3702 ut

185 3747 400 3799 pugnam
411 3750 663 3801 pugnare,
692 3730 862 3781 bellum
885 3730 1089 3791 bellare,
1116 3742 1213 3782 etc.

193 3841 266 3851 —-
282 3811 615 3883 pag-nataque
644 3814 695 3862 in
724 3810 888 3862 ordine
914 3810 1040 3861 bella
1065 3810 1216 3879 Virg.

192 3890 307 3942 ΔΕΒ.
323 3890 493 3954 vm,
520 3894 652 3960 6²9.
671 3890 757 3942 N?

275 3978 365 4034 14.
409 3969 647 4022 Consedit
690 3972 827 4031 istic,
866 3966 1041 4021 sedem
1083 3988 1209 4040 pro·

189 4049 362 4117 priam
393 4052 540 4121 φιλεῖ
574 4050 650 4102 ibi
689 4049 814 4102 fixit.
841 4049 1079 4101 —Hanc
1102 4049 1212 4099 boni

190 4130 431 4204 beatique,
461 4130 636 4202 qualis
655 4129 904 4181 nimirum
934 4129 1135 4180 bonitas
1161 4141 1211 4179 et

1305 1577 1575 1633 beatitudo
1601 1578 1739 1633 cadit
1765 1582 1818 1633 in
1854 1583 2123 1650 homines,
2147 1586 2237 1655 qui
2271 1604 2322 1641 v,

1313 1662 1379 1711 16
1403 1697 1418 1723 ,
1438 1673 1692 1712 vocantur
1710 1660 1884 1730 pusilli
1913 1658 1990 1723 [ln.
2023 1682 2069 1716 e.
2102 1664 2325 1734 abjecti,

1304 1738 1520 1809 impuri,
1541 1740 1993 1813 μικρόψυχοιςειῃιιά
2014 1743 2220 1796 Martia!
2240 1746 2320 1809 ΙΙ,

1311 1833 1409 1879 10,
1452 1839 1506 1882 a,
1535 1821 1741 1889 pusillus
1770 1823 2062 1892 opponitur
2091 1821 2248 1885 bello]
2273 1838 2324 1877 et

1302 1901 1534 1950 semitarii
1546 1900 1713 1951 moeclei
1727 1941 1741 1963 ,
1778 1901 2115 1955 meretricum
2137 1902 2323 1956 diobo-

1302 1977 1492 2031 larium
1524 1992 1812 2032 sectatores.
1846 2014 1926 2022 —
1953 1983 2083 2034 Boni
2107 1981 2323 2055 beatique

1304 2076 1461 2127 quam
1495 2059 1624 2110 salse
1653 2058 1857 2111 dictum
1885 2079 2058 2131 operoe
2088 2064 2319 2132 pretium

1302 2151 1377 2188 est
1404 2135 1705 2201 attendere;
1734 2157 1963 2209 namque
2003 2142 2099 2192 sub
2148 2145 2321 2211 specie

1301 2215 1470 2268 laudis
1526 2216 1699 2268 acrior
1759 2220 2096 2288 exprobratio
2158 2221 2282 2273 latet
2308 2235 2341 2287 ;‘

1303 2296 1503 2366 quippe
1523 2315 1625 2366 qua
1643 2297 1880 2349 Catullus
1891 2299 2069 2351 mirari
2082 2298 2323 2354 videatur

1304 2386 1356 2426 et
1381 2376 1442 2426 iis
1466 2376 1714 2446 gratulari
1741 2379 1996 2429 mansueti
2017 2379 2176 2430 animi
2200 2380 2324 2433 saci·

1302 2455 1535 2521 litatem,
1567 2475 1730 2526 quum
1770 2457 1885 2509 boni
1919 2457 2105 2511 eodem
2143 2479 2321 2514 amore

1306 2535 1463 2587 simul
1493 2554 1677 2587 omnes
1710 2549 1956 2603 utantur,
1984 2559 2153 2609 neque
2193 2541 2324 2593 invi·

1304 2634 1416 2667 cem
1438 2615 1540 2667 sibi
1557 2614 1829 2670 invideant
1846 2619 1929 2670 vel
1951 2620 2125 2672 obsint
2137 2659 2152 2684 ,
2169 2634 2221 2672 et
2239 2640 2320 2673 ra-

1304 2714 1414 2746 ram
1435 2695 1767 2747 beatitudinem
1785 2738 1798 2759 ‚
1826 2717 1992 2768 quum
2017 2699 2320 2770 hujusmodi

1305 2774 1624 2826 commercio
1685 2775 1959 2845 gaudeant.
2003 2779 2194 2830 Beatus
2245 2792 2322 2832 est

1303 2854 1394 2923 qui
1421 2852 1621 2924 aliquid
1648 2874 1805 2924 agens
1833 2857 1931 2908 sibi
1959 2859 2157 2927 placen
2180 2860 2325 2912 «Iau-

1304 2932 1431 2985 dant
1478 2932 1741 3004 quidquid
1796 2937 2047 3005 scripsere
2102 2939 2268 3002 beati,
2293 2966 2313 2984 -

1306 3012 1486 3065 Horat.
1509 3013 1659 3082 epist.
1684 3015 1735 3064 ΙΙ
1753 3053 1768 3076 ,
1793 3033 1819 3065 a
1837 3055 1850 3075 ‚
1880 3019 2005 3069 108.
2028 3017 2156 3068 Fere
2178 3017 2325 3070 simi·

1306 3091 1406 3142 lem
1442 3092 1487 3143 ei
1523 3110 1679 3161 quam
1710 3093 1946 3146 Catullus
1970 3094 2165 3159 eludit,
2192 3098 2326 3151 riva-

1309 3172 1506 3223 litatem
1546 3190 1782 3224 securam
1824 3187 2000 3225 noster
2035 3175 2238 3228 Bolaeus
2271 3178 2325 3229 in

1308 3251 1682 3322 epigrammate
1697 3251 1927 3322 quodam
1950 3255 2162 3325 carpsit.
2188 3256 2254 3309 N.

1395 3350 1413 3382 ι
1431 3331 1479 3383 5.
1535 3333 1732 3383 Versus
1776 3346 2048 3402 sequentes
2088 3336 2224 3386 male
2268 3337 2323 3391 in

1304 3409 1626 3462 editionibus
1636 3411 1949 3481 quibusdam
1963 3414 2191 3484 antiquis
2202 3416 2323 3471 sede

1306 3508 1394 3541 sua
1409 3491 1535 3542 moti
1551 3491 1831 3543 trahuntur
1845 3490 1912 3544 ad
1928 3512 2136 3545 carmen
2152 3499 2325 3565 proxi·

1306 3586 1719 3640 mum‚quocum
1732 3570 1888 3641 plane
1909 3591 2017 3624 non
2040 3574 2321 3630 cohaerent.

1387 3665 1467 3717 17,
1484 3668 1598 3720 sqq.
1622 3649 1746 3711 Une,·
1756 3649 1822 3702 ad
1840 3670 1992 3704 usum
2007 3654 2164 3725 hujus
2177 3674 2327 3710 voca-

1306 3727 1400 3779 tivi
1422 3727 1757 3798 probandum
1781 3730 1923 3783 hunc
1946 3731 2118 3800 ipsum
2146 3733 2322 3790 Nostri

1305 3808 1482 3860 locum
1492 3807 1708 3860 laudant
1719 3810 1878 3863 Gram
1885 3811 2237 3866 matici.—De
2246 3837 2326 3867 ea.

1299 3888 1505 3957 pillulis,
1519 3888 1732 3959 oepilios
1743 3889 1884 3940 enim
1895 3890 2033 3942 alere
2044 3905 2094 3943 et
2109 3897 2281 3962 promi
2287 3910 2327 3948 t.

1298 3982 1406 4022 tere
1431 3968 1667 4019 sotebant
1697 3968 1947 4022 Celtiberi
1983 3982 2034 4020 et
2057 3971 2293 4044 Hispani.

1385 4065 1406 4098 1
1421 4050 1474 4100 8.
1529 4048 1832 4100 Celtiber-osce
1872 4049 1985 4101 MS.
2032 4049 2279 4107 Prisciani
2304 4096 2319 4119 ‚

1303 4125 1664 4179 undevossius
1676 4131 1783 4197 jam
1801 4126 2094 4191 adMelam‚
2109 4151 2161 4201 p.
2189 4154 2214 4185 α
2227 4138 2320 4204 33,
