2986 4935
639 487 775 555 188

1143 487 1223 554 C.
1262 487 1693 555 VALERII
1752 485 2213 554 CATULLI

1048 616 1465 701 Concubine‚
1508 614 1707 684 hodie
1743 630 1940 709 atque
1976 615 2151 698 heri3

1047 724 1240 790 Nunc
1271 736 1455 790 tuum
1490 722 1847 789 cinerarius

1046 826 1304 895 Tondet
1336 852 1429 896 os.
1466 828 1703 912 Miser,
1737 828 1823 894 ah
1867 827 2064 895 miser

1051 932 1471 1019 Concubine,
1507 958 1709 1002 nuces
1751 932 1853 1000 da.
2665 966 2737 1007 η.»

1262 1039 1519 1108 Diceris
1548 1037 1717 1106 male
1749 1052 1814 1106 te
1847 1062 1884 1106 a
1922 1040 2047 1105 tuis

1053 1146 1476 1237 Unguentate
1516 1142 1757 1238 glabris
1796 1146 2025 1211 marite

1052 1248 1397 1318 Abstinere
1439 1276 1453 1318 ε
1501 1249 1629 1318 Sed
1666 1249 1939 1317 abstine.

634 1434 764 1496 hus,
789 1437 992 1500 primam
1025 1431 1294 1500 lanuginem
1323 1445 1563 1497 notaret,
1599 1445 1648 1485 et

640 1531 791 1576 ecce,
821 1511 979 1564 variis
1005 1529 1033 1562 a
1063 1529 1147 1562 me
1177 1512 1371 1563 frustra
1402 1512 1609 1564 tentatis
1632 1551 1645 1571 ‚

639 1602 937 1662 opportune
955 1588 1248 1644 Cor-meantis
1264 1590 1322 1641 de
1334 1591 1486 1653 Atlio,
1504 1593 1652 1661 cujus

640 1669 950 1732 editionem,
983 1670 1158 1723 nescio
1184 1688 1289 1740 quo
1321 1668 1506 1735 taedio,
1534 1688 1652 1722 raro

642 1750 764 1802 alias
780 1749 1049 1801 consulere
1070 1749 1234 1809 solen,
1258 1766 1321 1800 ex
1334 1749 1472 1802 libro
1493 1748 1651 1802 MSC.

641 1829 842 1900 profert
858 1830 1024 1880 ‘villula'
1038 1869 1052 1892 ,
1076 1847 1192 1898 quae
1213 1828 1365 1880 lectio
1377 1867 1392 1893 ,
1406 1829 1516 1880 sive
1533 1846 1655 1880 vere

643 1910 699 1960 in
725 1909 845 1960 libr.
871 1907 1031 1962 MSC.
1066 1905 1345 1960 Corradini
1374 1908 1655 1970 exstiterit,

645 1988 755 2041 sive
788 1987 854 2039 ab
891 1990 1001 2058 ejus
1032 1987 1242 2058 ingenio
1279 1986 1513 2057 profecta
1554 1987 1652 2045 sit,

648 2068 801 2119 unice
827 2085 950 2119 vera
984 2079 1035 2120 et
1072 2067 1147 2119 rei
1181 2065 1657 2118 accommodatissi-

648 2155 740 2198 ma
769 2144 994 2199 videtur.
1031 2147 1083 2198 V
1081 2147 1239 2197 illulus
1268 2159 1345 2197 est
1384 2144 1658 2197 diminuti-

648 2245 769 2278 vum
801 2245 831 2278 a
866 2228 1038 2288 villus,
1076 2223 1250 2294 quod,
1285 2223 1469 2276 eodem
1503 2228 1659 2275 inodo

650 2318 705 2356 ut
732 2307 938 2374 lanugo,
970 2303 1036 2356 ad
1065 2305 1263 2375 primos
1295 2316 1342 2354 et
1371 2317 1573 2355 teneros
1604 2305 1656 2354 in

647 2385 792 2453 genis
814 2381 1218 2435 adolescentium
1250 2384 1661 2452 propullulantes

649 2463 784 2533 pilos
823 2463 1123 2515 translatum
1155 2475 1244 2514 est.
1265 2463 1384 2514 Jam
1412 2482 1536 2513 vero
1562 2461 1659 2512 ho-

650 2561 765 2613 spes
795 2543 950 2612 plane
983 2554 1033 2592 et
1049 2541 1353 2610 peregrinus
1385 2540 1439 2591 in
1467 2540 1660 2593 Catulli

647 2621 967 2673 carminibus
1016 2620 1114 2681 sit,
1165 2620 1254 2689 qui
1277 2658 1295 2685 ‚
1340 2611 1676 2689 quantopere*

652 2700 839 2751 Noster
858 2696 1291 2750 diminutivorum
1319 2717 1416 2752 usu
1447 2696 1664 2750 delecte-

654 2791 739 2830 tur
755 2810 771 2834 0
794 2791 844 2829 et
870 2795 1028 2848 quam
1050 2778 1215 2829 multa
1233 2777 1333 2828 alia
1351 2775 1664 2829 diminutiva

649 2856 793 2928 apud
811 2858 977 2908 solum
996 2856 1265 2910 Catullum
1285 2856 1521 2927 legantur
1533 2897 1546 2919 ,
1571 2876 1659 2908 ne·

652 2937 792 2989 sciat.
827 2936 1059 2988 Fortasse
1085 2949 1255 2988 autem
1283 2937 1348 2987 ab
1374 2936 1664 3006 ignorantia

651 3016 980 3069 librariorum
997 3055 1010 3077 ,
1034 3016 1225 3086 quibus
1251 3015 1428 3087 ignota
1451 3028 1500 3066 et
1522 3015 1666 3067 inau-

654 3095 762 3147 dita
796 3108 922 3147 esset
951 3113 1051 3146 vox
1083 3095 1271 3159 vinuli,
1304 3094 1478 3146 notius
1511 3112 1664 3147 voca-

656 3175 840 3227 bulum
869 3173 1200 3226 substitutum
1229 3187 1321 3226 est.
1357 3173 1476 3225 Non
1510 3171 1665 3225 dubi-

655 3255 757 3307 tavi
782 3253 942 3322 igitur
960 3252 1236 3303 lectionem
1255 3250 1533 3307 corradini
1556 3251 1668 3304 Sor·

657 3332 831 3384 debant
854 3331 941 3381 tibi
960 3331 1125 3381 villula*
1140 3371 1153 3391 ,
1177 3350 1333 3400 quam
1348 3333 1455 3401 jam
1478 3331 1535 3383 in
1559 3330 1668 3383 edi-

657 3413 797 3465 tione
842 3409 1165 3478 Gottingensi
1199 3414 1339 3478 1762
1383 3411 1666 3463 exhibitam

658 3487 839 3554 vide0,
866 3488 920 3539 in
958 3499 1154 3540 textum
1186 3488 1441 3558 recipere,
1473 3508 1592 3560 quai
1624 3491 1667 3543 si

661 3571 798 3622 forte
834 3567 947 3620 aliis
981 3564 1333 3638 displicuerit,
1362 3568 1514 3621 facile
1547 3588 1667 3621 cum

662 3648 906 3719 vulgatis,
941 3664 1067 3715 quas
1095 3646 1357 3710 recensui,
1384 3648 1671 3717 permutari

662 3728 866 3799 poterit.
882 3725 1234 3777 —Sordebant
1254 3726 1341 3777 tibi
1356 3727 1518 3777 villula·
1528 3746 1546 3778 .·
1560 3746 1672 3778 sen-

663 3827 748 3860 sus
783 3820 858 3859 est
886 3823 898 3857 :
929 3803 1151 3856 Sordere
1182 3804 1277 3857 tihi
1301 3807 1407 3875 jam
1445 3804 1569 3857 inde
1601 3808 1669 3858 ab

661 3887 839 3956 aliquo
865 3899 1132 3954 tempore,
1159 3884 1214 3935 h.
1248 3903 1295 3936 e.
1331 3884 1528 3954 ingrata
1556 3904 1670 3936 ino-

663 3968 887 4035 lestaque
913 3982 1020 4015 esse
1042 3962 1200 4033 coepit
1231 3982 1552 4016 succrescens
1576 3964 1671 4017 tibi

667 4058 718 4096 et
756 4062 910 4113 genas
948 4043 1253 4094 inumbrans
1287 4044 1510 4111 lanugo,
1555 4062 1673 4095 ecce

660 4140 806 4176 nunc
831 4135 1036 4191 tempus
1065 4120 1231 4185 adest,
1260 4141 1366 4192 quo
1394 4121 1676 4175 cinerarius

1734 1445 1910 1505 nuptae
1927 1436 2071 1502 jussu
2091 1452 2149 1485 os
2171 1446 2310 1485 tuum
2339 1443 2579 1503 tonsurus
2607 1431 2742 1483 hanc

1737 1512 1831 1564 tibi
1863 1510 2152 1563 molestiam
2176 1512 2372 1563 eximet.
2400 1510 2623 1580 Egregie
2650 1531 2742 1563 au-

1737 1602 1839 1642 tem
1871 1591 1984 1642 haec
2014 1590 2114 1643 loci
2134 1589 2287 1643 nostri
2312 1590 2588 1660 explicatio
2614 1609 2742 1643 con-

1737 1668 1978 1721 firmatur
2017 1669 2133 1722 loco
2175 1669 2388 1722 Martial.
2432 1670 2487 1732 1,
2529 1670 2636 1733 33,
2673 1672 2738 1721 5:

1746 1775 1768 1795 ι
1787 1750 1925 1800 Dum
1947 1748 2090 1801 nulla
2112 1748 2267 1801 teneri
2287 1748 2480 1800 sordent
2493 1748 2745 1818 lanugine

1740 1828 1928 1880 vultus,
1952 1827 2369 1899 n—Opportune
2387 1827 2580 1880 citatur
2600 1828 2742 1880 Mar-

1741 1906 1875 1959 tialis
1891 1947 1906 1968 ‚
1932 1920 1983 1959 at
2001 1920 2248 1959 errantem
2268 1907 2322 1958 in
2343 1924 2471 1960 voce
2490 1907 2744 1958 sor-debant

1742 1985 2083 2056 Doeringium
2114 1986 2302 2056 arguit,
2336 2004 2496 2058 quam
2527 1987 2620 2039 ille
2653 1985 2743 2038 de-

1741 2064 1856 2116 buit
1885 2084 1990 2116 non
2020 2064 2086 2117 de
2115 2064 2343 2130 fastidio,
2360 2063 2449 2117 sed
2473 2063 2541 2117 de
2574 2084 2746 2118 exere·

1742 2157 1913 2196 scente
1962 2146 2110 2214 quasi
2172 2143 2406 2197 sordibus
2464 2145 2519 2196 in
2567 2158 2746 2197 mento

1743 2223 1934 2286 barba,
1979 2225 2316 2294 interpretari.
2355 2225 2420 2276 N.
2462 2255 2542 2266 —-
2587 2224 2749 2276 Hodie

1743 2314 1882 2372 atque
1905 2303 2008 2354 lieri
2024 2343 2037 2364 ,
2062 2304 2117 2355 h.
2139 2322 2182 2353 e.
2204 2322 2374 2374 nuper
2395 2304 2475 2355 vel
2497 2303 2650 2356 brevi
2677 2304 2750 2355 iu·
2776 2327 2782 2332 ·

1743 2380 1810 2433 de
1839 2393 2090 2452 tempore.
2122 2382 2237 2442 xci<
2269 2383 2351 2436 καὶ
2382 2386 2616 2453 τήμερον,
2643 2383 2748 2451 χθὲς

1744 2461 1827 2514 καὶ
1852 2462 2035 2531 πρώην.
2065 2460 2188 2515 vid.
2217 2459 2284 2516 de
2309 2461 2410 2516 bac
2431 2462 2752 2534 proverbiali

1744 2541 2009 2593 locutione
2036 2542 2286 2595 Gutacker.
2302 2540 2368 2595 ad
2391 2542 2646 2595 Antonin.
2676 2544 2751 2604 X,

1750 2639 1801 2687 7.
1837 2640 1889 2690 p.
1921 2639 2026 2687 29²
2053 2641 2067 2685 ;
2104 2622 2392 2691 Wesseling.
2428 2619 2497 2673 ad
2527 2621 2750 2673 Diodor.

1746 2698 1904 2751 Sicul.
1934 2700 2025 2751 lib.
2050 2700 2129 2765 11,
2155 2720 2199 2754 c.
2229 2701 2257 2753 5
2282 2740 2298 2768 ,
2329 2714 2378 2753 et
2403 2699 2470 2752 ad
2497 2698 2754 2753 Herodot.

1747 2780 1832 2842 H,
1873 2778 1976 2843 53,
2000 2799 2053 2848 p.
2099 2798 2315 2848 129.—
2363 2780 2639 2832 Cimrarius
2673 2779 2752 2831 vel

1748 2859 1906 2928 cing'flo
1935 2860 2253 2911 vocabantur
2296 2858 2456 2920 servi,
2488 2858 2581 2929 qui
2623 2860 2753 2912 cala-

1749 2937 1939 2988 mistris
1987 2936 2041 2988 in
2091 2938 2263 2990 cinere
2309 2937 2560 2990 calefactis
2618 2938 2756 2992 bern

1748 3016 1993 3086 capillum
2025 3017 2333 3086 crispabant.
2357 3014 2482 3069 Vid.
2511 3017 2756 3079 Vossius,

1749 3095 1842 3164 qui
1868 3113 1927 3146 ex
1957 3095 2177 3147 Martial.
2206 3096 2315 3159 xl,
2348 3098 2420 3164 78
2440 3135 2455 3160 ,
2484 3102 2547 3160 4,
2571 3095 2758 3159 docet,

1749 3174 2066 3226 concubinos
2094 3194 2201 3226 non
2230 3176 2401 3227 mariti
2417 3214 2432 3238 ,
2456 3188 2512 3227 ut
2540 3177 2759 3246 putabat

1751 3253 1986 3305 Muretus
2005 3291 2020 3316 ‚
2067 3251 2158 3304 sed
2204 3272 2352 3306 τιον-ω
2396 3268 2571 3325 nuptoe
2616 3256 2757 3326 jussu

1752 3345 1924 3383 tonsos
1944 3332 2112 3384 fuisse.
2140 3331 2293 3385 Adde
2324 3333 2485 3403 Vulp.

1826 3422 1860 3462 ἰ
1874 3408 1964 3477 39.
1981 3412 2130 3462 Miser
2141 3413 2206 3462 ah
2221 3415 2375 3477 miser,
2395 3414 2645 3483 ιίρωναῶς
2655 3412 2760 3481 jam

1751 3490 1862 3559 ejus
1886 3489 2053 3541 vicem
2082 3488 2240 3543 dolet.

1841 3587 1862 3620 1
1878 3575 1908 3632 4
1921 3588 1941 3620 1
1957 3608 1969 3621 .
1991 3570 2177 3621 Diceris
2191 3571 2313 3622 male
2324 3611 2340 3635 ,
2357 3583 2455 3623 etc.
2475 3571 2761 3622 ——Dioem

1757 3646 2032 3700 Coi-radin.
2061 3649 2224 3702 Aiunt
2252 3648 2465 3720 quidem
2491 3649 2760 3709 homines,

1756 3725 1898 3778 haud
1927 3727 2074 3780 facile
2096 3740 2147 3780 te
2174 3729 2572 3799 impetraturum
2602 3746 2710 3780 esse
2732 3745 2763 3779 a

1756 3804 1978 3858 libidine
2015 3820 2103 3858 tua
2138 3807 2275 3871 hoc,
2313 3820 2370 3858 ut
2404 3808 2456 3858 in
2497 3819 2764 3876 posterum

1756 3886 2009 3938 abstineas
2037 3904 2067 3936 a
2100 3886 2344 3938 mollibus
2371 3898 2421 3937 et
2443 3885 2764 3938 imberbibus

1759 3965 1934 4033 pueris
1953 4004 1968 4028 ,
1994 3962 2083 4016 sed
2104 3966 2302 4017 abstine
2324 3982 2515 4037 quaeso.

1847 4049 1971 4105 142.
2018 4044 2315 4113 Unguentum
2337 4064 2357 4096 .·
2379 4063 2498 4095 uam
2540 4040 2628 4095 die
2669 4062 2764 4093 nu·

1764 4123 1907 4191 ptiali
1937 4124 2014 4175 vel
2045 4124 2266 4177 maxime
2297 4142 2488 4176 novum
2522 4122 2765 4174 maritum
