2986 4935
217 729 386 886 C.
468 729 1334 884 VALERII
1412 729 2354 891 CATULLI

1064 1062 1501 1182 VITA

610 1350 742 1415 Ex
800 1345 1336 1415 EDITIONE
1393 1349 1960 1419 VULPIANA.

1225 1586 1644 1623 ωοᾱ--ῃ
1657 1606 1781 1612 *w*-

215 1774 649 1888 Vamzmo
679 1818 1076 1884 CATULLO
1111 1818 1349 1905 Quinti
1366 1840 1746 1909 praenomen
1779 1814 2007 1883 tribuit
2031 1818 2359 1912 Josephus

211 1924 546 2019 Scaliger,
601 1923 1081 2016 corruptissimi
1121 1919 1244 1989 loci
1287 1924 1678 1990 auctoritate
1729 1921 1977 2009 fretus,
2016 1948 2094 1991 ex
2132 1923 2358 2019 Elegia

210 2032 287 2099 ad
326 2035 661 2115 hunam,
701 2054 759 2095 v,
809 2053 890 2096 12
927 2054 941 2095 ι
975 2041 1247 2096 testatus
1284 2043 1639 2122 practerea,
1679 2053 1745 2095 se
1779 2031 1841 2095 in
1881 2030 2153 2123 antiquo
2190 2030 2358 2101 libro

208 2139 429 2207 Jacobi
486 2137 744 2228 Cujacii
789 2138 845 2203 J.
910 2137 984 2204 C.
1037 2136 1127 2202 ita
1174 2135 1490 2227 scriptum
1547 2134 1892 2202 manifesto
1938 2139 2356 2229 comperisse.

210 2246 373 2314 Huic
410 2240 742 2335 Scaligeri
787 2241 1190 2335 persuasioni
1223 2240 1481 2335 pondus
1525 2240 1708 2308 addit
1746 2243 2033 2309 Joanncs
2065 2242 2358 2311 Hardui-

211 2376 361 2432 uus,
411 2351 536 2444 qui
596 2346 720 2434 (ad
766 2347 1003 2415 librum
1048 2349 1419 2414 XXXVIII
1464 2350 1612 2415 Nat.
1673 2348 1974 2416 Historiae
2031 2351 2109 2417 C.
2165 2348 2355 2420 Plinii

208 2458 483 2527 Secundi
543 2480 692 2549 cap.
741 2449 851 2542 6.)
905 2453 1234 2539 affirmat,
1290 2455 1355 2521 in
1411 2453 1715 2522 omnibus
1770 2453 2109 2524 codicibus
2157 2482 2359 2526 manu

208 2567 480 2633 exaratis
538 2560 878 2631 Catullum
934 2565 1255 2652 Quintum
1304 2560 1638 2654 appellari.
1701 2563 2078 2631 Consensus
2137 2578 2355 2632 tamen

207 2672 627 2739 eruditorum
661 2723 680 2755 ‚
734 2682 931 2760 atque
988 2668 1304 2736 editiones
1362 2693 1547 2761 paene
1607 2693 1834 2736 omnes
1889 2668 2350 2763 refragantur:

206 2779 439 2870 quibus
483 2774 657 2844 olim
701 2776 1045 2868 praeiverat
1098 2764 1177 2840 L.
1236 2773 1549 2867 Apuleius
1612 2775 2110 2863 Madaurensis‚
2155 2803 2358 2870 quum

205 2884 267 2949 in
296 2882 648 2978 „Apologia
697 2881 917 2974 priore
959 2882 1325 2948 carminum
1374 2881 1816 2973 quorumdam
1862 2907 2131 2949 suorum
2189 2883 2362 2952 lasci-

204 2991 370 3058 viam
422 2993 597 3061 Calc·
639 2989 895 3057 Catulle·
925 2986 1325 3054 nobilissimo
1364 2986 1669 3080 exemplo
1708 2987 2020 3055 defendit.
2061 2991 2147 3056 Et
2179 3005 2355 3057 certe

205 3093 439 3163 librarii
484 3108 794 3172 veteres,
827 3096 1163 3161 nominum
1202 3091 1622 3186 similitudine
1673 3095 1969 3185 decepti,
2018 3098 2353 3164 Catullum

205 3203 466 3271 Poctam
532 3225 692 3268 cum
758 3202 1026 3269 Catullo
1084 3225 1252 3292 saepc
1310 3199 1770 3267 confundunt:
1808 3200 2050 3268 idcirco
2111 3201 2351 3269 factum

203 3311 520 3387 existimo,
558 3321 633 3374 ut
664 3330 867 3399 quum
894 3304 979 3372 iiii
1007 3310 1294 3395 Quintus
1321 3331 1702 3399 proenomen
1726 3306 2124 3389 fuerit‚}1uic
2157 3310 2349 3375 etiam

203 3413 363 3482 idem
408 3412 865 3506 affingerent.'
901 3415 1349 3479 Veronensem
1399 3438 1599 3505 porro
1638 3414 1832 3480 fuisse
1863 3428 2159 3481 nostrum
2197 3441 2347 3506 poe·

285 3619 331 3650 1.
374 3601 533 3650 Alius
581 3610 725 3649 certe
761 3597 967 3663 Ouium<
1013 3596 1230 3647 Catullus
1321 3596 1386 3648 de
1408 3615 1515 3667 quo
1545 3596 1803 3648 videndus
1828 3597 2144 3649 Scholiastes
2169 3597 2234 3649 ad
2254 3599 2287 3650 J
2292 3619 2345 3650 u-

204 3678 294 3730 fuit
311 3719 326 3743 ‚
351 3683 509 3747 cujus
545 3678 814 3746 integrum
846 3695 1037 3727 nomen
1072 3677 1229 3742 Ouin—
1322 3677 1495 3728 venai.
1519 3676 1678 3735 VIII,
1717 3678 1816 3728 186
1839 3718 1851 3738 ,
1879 3676 1944 3728 ad
1965 3679 2122 3728 verba
2141 3717 2154 3741 ,
2181 3705 2201 3723 -ι
2227 3679 2342 3730 Cia-

202 3770 270 3807 !us
298 3760 527 3809 Lutatius
568 3756 820 3816 Catullus,
852 3757 1083 3807 urbanus
1121 3757 1230 3806 sive
1321 3775 1526 3807 mosum
1554 3775 1732 3824 ageres
1755 3769 1806 3806 nt
1833 3758 2050 3808 Phasma
2081 3758 2334 3821 Catulli;„

201 3838 493 3890 urbicarius
510 3876 525 3897 ,
550 3837 659 3887 hoc
681 3848 785 3898 est,
807 3836 1201 3905 mimographus
1218 3877 1230 3898 ‚
1320 3849 1369 3887 et
1398 3835 1459 3886 ad
1487 3836 1639 3888 xlll,
1669 3837 1938 3902 109.—-Q.
1964 3837 2156 3888 Catulli
2178 3831 2197 3852 '
2215 3838 2339 3906 Epi-

250 3985 263 3997 ⁹
290 3986 325 4036 Q
363 3987 511 4028 (heah.
544 4000 625 4023 non
649 3984 807 4024 Catulle.
834 3984 1012 4021 exhibent
1037 3984 1304 4034 probatissima
1324 3983 1441 4020 Genii
1469 3982 1703 4033 enmpiarm
1743 3983 1810 4019 llic
1843 3993 1896 4019 cst
1925 3987 1966 4030 Q,
1999 3983 2175 4020 Lutatius
2200 3983 2318 4020 catu!

200 4048 253 4085 Ιω
272 4079 279 4090 ,
306 4049 425 4090 narii
459 4055 500 4090 in
524 4050 735 4090 consulatu
760 4050 929 4094 concae.
959 4051 1005 4087 dc
1032 4065 1109 4101 quo
1139 4051 1183 4086 G.
1214 4051 1233 4088 J
1271 4050 1428 4087 vomas
1452 4051 1489 4086 in
1515 4047 1624 4086 lii-ns
1653 4051 1696 4086 ιὶι·
1731 4049 1856 4085 Pan-tn«
1884 4061 1918 4087 νι
1945 4048 2139 4087 historicis
2169 4048 2234 4086 lat.
2262 4052 2336 4086 ds·-

205 4125 329 4152 naermt.
352 4117 404 4158 N,
