2986 4935
865 472 1300 544 GARMEN
1358 470 1642 543 LXVI.

2171 505 2319 573 α99

408 613 460 678 E
504 611 860 679 Bereniceo
905 610 1153 678 vertice
1196 609 1529 676 caesariem

309 715 685 811 Fulgentem
724 714 899 784 clare
930 741 944 783 :
978 739 1177 808 quam
1218 713 1436 783 multis
1474 714 1583 783 illa
1621 718 1953 803 Deorum,

411 825 611 891 Levia
649 820 1048 917 protendens
1093 821 1397 904 brachia,
1443 821 1731 915 pollicita
1772 838 1906 907 est;

311 932 457 1017 Qua
494 954 609 997 rex
644 942 1068 1022 tempestate,
1109 952 1287 996 novo
1324 942 1557 996 auctus
1595 932 1952 1021 Hymenaeo
1974 983 1991 1015 ‚

412 1037 755 1105 Vastatum
790 1033 954 1102 fines
986 1036 1197 1102 iverat
1226 1035 1558 1126 Assyrios,

210 1269 455 1321 beneficio
483 1269 619 1321 inter
641 1270 810 1330 stellas
831 1270 1114 1339 fulgentem
1124 1300 1218 1321 .—-

209 1348 406 1400 Numine
430 1349 639 1419 Gryph.
671 1350 867 1401 Mutet.
912 1350 1124 1400 fortasse
1161 1360 1219 1400 ut

207 1427 271 1479 sit
305 1448 400 1499 pro
430 1430 694 1495 majestate.
717 1461 798 1470 —-
817 1428 1009 1480 Statius
1042 1428 1218 1497 legen·

207 1505 328 1558 dum
352 1508 645 1579 suspicatur
674 1509 860 1559 nomine
899 1508 980 1559 vel
1025 1507 1219 1559 Coelesti

209 1587 398 1648 lumine,
431 1600 490 1639 ut
529 1586 598 1639 ad
632 1588 907 1641 Cononem
943 1587 1218 1650 referatur,

206 1664 377 1718 divina
400 1663 630 1737 quadam
651 1666 926 1718 oculorum
948 1666 1061 1717 acie
1083 1683 1217 1734 proe·

204 1743 386 1799 ditum.
421 1746 619 1798 Coelesta'
649 1750 697 1796 in
726 1746 900 1796 lumine
928 1744 1143 1796 Vossius
1168 1756 1219 1796 et

207 1824 360 1896 Vulp.
423 1824 628 1896 adjecta
683 1826 1110 1894 interpretatione
1168 1827 1219 1875 ἰη

204 1905 316 1954 caelo
338 1917 409 1955 tot
426 1905 663 1957 sideribus
689 1905 936 1956 relucente.
956 1936 1037 1947 -—
1062 1904 1217 1955 Diffi-

202 1983 297 2035 cile
336 2003 461 2036 sane
503 1995 581 2036 eet
616 1984 672 2035 in
719 1984 1060 2038 nominibus.
1112 1996 1216 2034 tam

202 2081 332 2131 saepe
371 2064 715 2116 librariorum
752 2064 1062 2133 negligentia
1092 2081 1219 2114 con-

204 2142 349 2206 fusis,
383 2162 565 2195 veram
592 2161 623 2194 a
651 2143 775 2195 falsa
806 2143 1027 2195 lectione
1058 2141 1218 2192 inter-

198 2241 426 2274 noscere.
470 2221 764 2292 Saepissime
801 2234 977 2273 autem
1016 2221 1219 2272 turbata

201 2314 249 2351 et
281 2302 538 2371 permista
572 2313 693 2353 sunt
731 2319 895 2351 munus
927 2314 978 2352 et
1019 2320 1219 2359 numen,-

201 2379 303 2432 vid.
326 2381 716 2433 Dmckenbonh.
735 2379 803 2431 ad
823 2379 916 2432 Sil.
942 2380 1220 2442 Ita1.V111,

202 2459 309 2512 233
332 2499 350 2526 ‚
377 2474 432 2513 et
459 2480 596 2532 quos
626 2460 698 2512 ibi
729 2457 922 2513 laudat.
954 2459 1139 2511 Numen
1170 2474 1222 2511 et

198 2558 361 2594 nomen
381 2581 397 2603 ,
450 2539 565 2594 vid.
608 2540 675 2594 N.
726 2542 895 2591 Heins.
940 2539 1007 2592 ad
1060 2537 1218 2591 Ovid.

194 2619 415 2673 Her-oid.
444 2621 588 2682 XII,
622 2622 692 2690 78
710 2658 724 2682 ‚
743 2633 796 2672 et
825 2620 983 2672 Trist.
1010 2621 1063 2670 11
1083 2658 1098 2681 ,
1128 2627 1215 2682 40,

198 2704 298 2763 625
329 2719 505 2752 numen
539 2710 590 2752 et
613 2701 764 2751 lumen
783 2741 798 2762 ,
825 2699 932 2751 vid.
956 2700 1218 2751 Burmann.

191 2778 258 2831 ad
316 2779 487 2833 Ovid.
536 2777 755 2831 Heroid.
795 2780 1021 2845 XVIII,
1080 2779 1220 2838 155.

193 2859 349 2911 Trist.
379 2862 467 2922 11,
498 2859 637 2923 223,
665 2871 717 2910 et
746 2859 882 2910 Fast.
909 2860 997 2921 II,
1029 2862 1094 2922 8,
1125 2864 1218 2928 67.

190 2937 415 2991 Interim
460 2935 745 2992 commoda
781 2940 932 2989 nobis
968 2938 1075 2989 visa
1114 2952 1217 2991 est,

189 3036 351 3085 quam
393 3016 648 3071 dedimus
666 3056 683 3081 ‚
712 3017 865 3068 lectio
894 3017 1117 3087 vulgata.
1145 3048 1225 3058 --

191 3096 386 3149 Noster
409 3099 528 3151 MS.
549 3101 765 3159 numine,
796 3095 937 3167 quod
971 3097 1105 3148 tueri
1136 3116 1228 3147 no-

185 3176 309 3241 lim,
354 3178 485 3232 lieet
525 3196 635 3229 non
673 3175 980 3228 absurdum.
1009 3179 1075 3228 At
1120 3195 1225 3228 non

186 3259 447 3309 convenit
496 3275 648 3326 aeque
691 3275 750 3307 ac
801 3258 853 3307 τὸ
898 3256 1069 3306 lumine
1104 3273 1225 3309 cum

184 3354 360 3406 groco
399 3340 451 3389 ἰν
493 3340 613 3404 ἠέρι.
646 3334 771 3386 Vid.
807 3336 901 3387 inf.
939 3335 1005 3386 Ν.
1036 3365 1115 3376 --
1142 3336 1228 3386 Ille

186 3434 255 3468 sc.
293 3430 409 3469 tam
445 3418 624 3469 clarus
659 3427 708 3466 et
739 3414 998 3466 excellens
1026 3414 1224 3465 mathe-

183 3513 302 3548 seos
332 3508 389 3548 et
415 3495 758 3567 astronomia
784 3492 1002 3564 peritia3
1031 3492 1098 3544 de
1122 3512 1225 3564 qua

184 3575 349 3647 hujus
389 3573 733 3647 pronominis
772 3574 825 3625 vi
862 3580 925 3625 cf.
974 3591 1116 3643 supr.
1157 3570 1224 3623 ad

184 3656 372 3707 Carm.
416 3655 645 3716 LVIII,
679 3674 742 3717 α,
786 3655 846 3715 3,
889 3665 940 3704 et
976 3652 1124 3721 Vulp.
1158 3650 1227 3703 ad

181 3733 240 3786 h.
268 3736 306 3789 l.
324 3766 412 3777 -—-
436 3736 525 3786 De
552 3733 763 3786 Cononis
800 3745 978 3784 autem
1008 3732 1226 3783 celebri-

182 3826 313 3878 tate,
345 3816 517 3883 cujus
554 3831 741 3882 magna
776 3830 900 3867 cum
942 3810 1096 3862 laude
1135 3812 1228 3862 ali-

176 3895 398 3965 quoties
426 3892 760 3945 mentionem
779 3891 944 3961 injicit
963 3890 1232 3942 Archime-

176 3974 308 4037 des,
338 3974 418 4026 cf.
456 3972 614 4042 Vir-g.
646 3972 758 4024 Ed.
791 3972 907 4036 111,
940 3976 1038 4045 40,
1067 3983 1116 4021 et
1156 3971 1228 4022 ibi

180 4055 383 4126 llesne.
406 4051 707 4103 —Coelesn'
733 4052 905 4102 lumine
921 4054 1083 4123 junge
1110 4066 1230 4102 cuni

178 4136 355 4187 verbo
374 4132 663 4201 fielgtntem
687 4132 741 4182 in
770 4150 819 4182 v.
846 4150 879 4198 9
898 4169 913 4192 ‚
934 4131 986 4182 h.
1011 4127 1233 4182 e.«vidit

1306 1285 1390 1319 me
1419 1266 1608 1320 caelesti
1641 1268 1906 1320 stellarum
1947 1270 2151 1340 fulgore
2185 1271 2323 1323 clarc

1302 1345 1837 1418 resplendescentem3
1863 1373 1883 1394 ι
1911 1346 1986 1399 sic
2016 1349 2152 1401 nihil
2179 1349 2321 1402 diffi-

1302 1427 1506 1479 cultatis
1547 1427 1711 1479 inesse
1758 1425 1944 1492 video;
1994 1428 2086 1481 sed
2138 1429 2193 1480 in
2250 1430 2323 1482 le-

1302 1507 1476 1558 ctione
1529 1506 1722 1557 mirum
1768 1507 1825 1558 in
1866 1505 2086 1560 modum
2126 1509 2325 1561 variant

1302 1581 1573 1636 editiones.
1604 1585 1658 1636 Si
1687 1584 1818 1656 quid
1858 1586 2175 1639 mutandum
2215 1589 2280 1649 sit
2313 1627 2329 1652 ‚

1303 1663 1482 1715 malim
1517 1664 1695 1716 calesti
1721 1667 1770 1715 in
1798 1665 1946 1716 limite
1965 1708 1978 1728 ‚
2015 1668 2097 1719 vel
2125 1668 2284 1718 limine
2303 1689 2323 1728 ;

1303 1743 1358 1794 in
1387 1743 1676 1796 scribendis
1701 1745 1840 1796 enim
1865 1746 2083 1798 vocibus
2103 1748 2256 1799 lumen
2276 1761 2326 1799 et

1304 1822 1444 1873 limen
1467 1824 1746 1892 saepissime
1774 1826 2085 1877 aberrarunt
2101 1826 2320 1878 librarii.

1304 1899 1432 1954 Vid.
1451 1901 1721 1955 Burmann.
1752 1902 1819 1955 ad
1850 1903 1995 1955 Suet.
2022 1906 2187 1975 Calig.
2221 1905 2317 1969 45,

1304 1992 1355 2031 et
1374 1999 1509 2049 quos
1532 1980 1708 2033 laudat
1729 1983 2113 2036 Drackenborch.
2137 1983 2202 2036 ad
2232 1985 2321 2037 Sil.

1307 2060 1421 2111 Ital.
1445 2061 1505 2122 1,
1529 2062 1625 2124 66,
1648 2062 1713 2112 cf.
1739 2061 1830 2112 inf.
1857 2082 1909 2113 v.
1936 2064 2024 2133 59.
2052 2096 2127 2105 -—
2154 2065 2221 2116 Et
2248 2065 2321 2117 sic

1307 2139 1470 2209 magis
1489 2157 1760 2209 expressus
1784 2141 1994 2193 videtur
2015 2153 2191 2196 versus
2208 2143 2322 2195 Cal·

1306 2217 1516 2270 limachi
1537 2255 1552 2277 ,
1573 2237 1730 2288 quem
1750 2222 1977 2273 servavit
1996 2223 2149 2274 nobis
2168 2223 2323 2275 Scho-

1305 2297 1474 2348 liastes
1501 2298 1642 2349 Arati
1671 2318 1723 2369 p.
1753 2319 1814 2352 21
1850 2318 1862 2351 :
1899 2326 1920 2347 ιι
1945 2291 2047 2353 mi
2077 2304 2243 2354 Κόνων
2270 2313 2324 2372 μ’

1307 2375 1502 2445 ἔὲλιψεν
1528 2380 1573 2429 ἐν
1598 2380 1699 2449 ἠέρι
1727 2381 1808 2432 τὸν
1836 2384 2084 2443 Βερενίκης
2115 2384 2327 2453 Βόστρυ-

1305 2477 1388 2523 χον
1408 2455 1427 2521 ,”
1445 2458 1492 2508 ὃν
1526 2458 1652 2513 κείνη
1683 2463 1840 2512 πᾶσιν
1873 2462 2008 2516 ἔθηκε
2034 2465 2176 2524 θεοῖς.
2199 2491 2219 2509 1·

1391 2556 1442 2604 9.
1462 2539 1674 2589 Dearum
1695 2540 1880 2593 Venet.
1902 2542 2109 2614 Gryph.
2133 2545 2326 2595 Mutet.

1308 2648 1385 2656 ——
1428 2617 1619 2670 Noster
1668 2639 1899 2691 quoque.
1946 2623 2012 2674 N.
2047 2656 2123 2663 —
2159 2624 2329 2676 Multis

1312 2696 1522 2747 Deorum
1548 2701 1832 2766 graecanica
1862 2702 2076 2754 locutio.
2099 2703 2166 2755 N.

1397 2793 1476 2827 ιο.
1500 2778 1661 2840 Lem'a,
1684 2779 1902 2848 pulchra
1920 2821 1931 2840 ,
1961 2784 2026 2832 cf.
2058 2780 2124 2833 ad
2150 2783 2323 2834 Carm.

1308 2856 1505 2915 LXIV,
1536 2857 1675 2920 333,
1710 2872 1760 2909 et
1800 2859 1841 2909 si
1879 2862 2006 2911 tanti
2040 2874 2143 2923 est,
2181 2862 2326 2931 Casp.

1311 2935 1483 2987 Barth.
1527 2935 1745 2987 Advers.
1786 2958 1840 3007 p.
1880 2944 2001 2991 16¹.
2029 2972 2103 2981 ——
2124 2942 2328 2991 Proten-

1309 3014 1443 3078 dens,
1460 3019 1624 3084 χεῖρας
1650 3017 1897 3083 ἀνάσχων.
1914 3019 2220 3070 -Pollicita
2239 3036 2328 3083 est,

1311 3094 1560 3158 devovit3
1593 3093 1659 3147 de
1689 3114 1836 3147 more
1863 3098 2118 3149 Veterum
2160 3119 2335 3151 comas

1312 3174 1426 3225 Diis
1465 3174 1836 3239 consecrandi,
1885 3191 2073 3247 praeter
2111 3179 2236 3230 Stat.
2281 3194 2331 3230 et

1316 3254 1478 3325 Vulp.
1498 3254 1570 3305 ibi
1598 3258 1663 3306 cf.
1680 3255 1853 3306 Iunius
1873 3258 1931 3307 de
1949 3258 2096 3310 Coma
2118 3278 2168 3328 p.
2204 3259 2330 3326 509.

1401 3350 1421 3384 ι
1439 3352 1456 3384 1
1472 3374 1484 3385 .
1505 3334 1654 3386 Νονίε
1672 3348 1840 3386 auctus
1859 3338 2110 3405 hymenaeis
2125 3339 2331 3411 Gryph.

1314 3412 1600 3464 Mu1·et.--
1615 3416 1718 3466 Pro
1741 3430 1908 3468 auctus
1926 3419 2134 3488 reponit
2155 3433 2332 3472 mactus

1315 3493 1465 3543 Anna
1516 3492 1665 3546 Fabri
1720 3495 1773 3546 in
1820 3497 1955 3549 notis
1996 3496 2060 3548 ad
2111 3499 2165 3549 h.
2204 3501 2238 3551 l.
2281 3501 2331 3551 in

1315 3570 1576 3640 Fragmm.
1602 3574 1908 3628 Callimach.
1941 3609 2007 3616 ——
2030 3578 2141 3645 Qua
2171 3591 2338 3649 tempe-

1313 3662 1436 3700 state
1462 3652 1528 3703 cf.
1552 3672 1708 3723 supra
1737 3654 1806 3706 ad
1825 3656 1997 3707 Carm.
2025 3658 2223 3722 LXIV,
2245 3661 2335 3726 73.

1316 3731 1439 3782 Nov.
1486 3746 1614 3785 auct.
1656 3734 1862 3806 Hsmen.
1908 3737 2057 3785 novis
2105 3738 2301 3806 nuptiis
2321 3778 2336 3801 ‚

1319 3826 1455 3860 nova
1480 3815 1703 3883 conjuge
1733 3827 1899 3865 auctus
1914 3834 1934 3874 ,-
1951 3849 1960 3856 -
1976 3846 2029 3855 —
2054 3820 2222 3885 augeri
2251 3820 2338 3870 ali-

1319 3908 1414 3959 qua
1445 3910 1522 3952 re,
1559 3906 1633 3943 est
1662 3893 1863 3964 aliquid
1895 3895 2157 3963 accipere,
2193 3897 2336 3966 quod

1320 3967 1675 4022 conditionem
1700 3985 1928 4023 nostram
1951 3974 2262 4044 ampllorem
2289 3992 2337 4028 et

1321 4047 1605 4100 feliciorem
1645 4050 2159 4105 reddit.—Hiatum
2183 4095 2196 4119 ,
2230 4076 2338 4127 quo

1323 4128 1410 4179 hic
1451 4147 1627 4180 versus
1683 4131 1909 4193 laborat,
1949 4134 2184 4185 consulto
2232 4138 2337 4188 sor·
