2986 4935
898 410 1351 480 CARMEN
1405 414 1713 483 XVIII:

331 538 486 627 Qua
522 537 774 608 domus
813 554 925 608 tua
964 544 1314 637 Lampsaci
1348 559 1479 630 est,
1512 571 1774 642 quaque
1815 551 1978 623 silva
1992 611 2009 642 ‚
2046 559 2277 657 Priape

2291 432 2376 502 81

334 647 510 713 Nam
555 659 619 713 te
660 648 1000 741 praecipue
1044 652 1112 718 in
1156 651 1289 718 suis
1338 651 1617 722 urbibus
1662 655 1819 727 colit
1861 686 1975 731 ora

337 749 797 852 Hellespontia
817 807 838 841 ‚
873 758 1124 826 caeteris
1157 759 1516 827 ostreosior
1548 762 1699 831 oris.

230 973 426 1026 tantur,
456 962 721 1034 precipue
745 982 777 1016 a
805 964 927 1017 Car.
954 966 1124 1021 Andr.
1150 970 1262 1021 Du·

229 1043 393 1094 ckero
416 1044 569 1112 cujus
592 1041 813 1096 ineditas
828 1082 843 1107 ,
868 1063 988 1115 qum
1015 1046 1121 1099 huc
1147 1038 1263 1120 spe-

230 1134 395 1186 ctant,
407 1122 798 1175 observationes
809 1124 1160 1195 subjiciendas
1176 1148 1261 1181 cu·

228 1201 363 1254 ravit
378 1202 712 1254 Burmannus
725 1201 937 1258 Secund
947 1244 959 1256 .
977 1206 1031 1258 in
1042 1209 1259 1262 Anthol.

227 1295 359 1334 tom.
385 1283 474 1346 11,
505 1300 627 1352 pap.
659 1281 768 1353 574
787 1322 802 1348 ,
832 1286 953 1355 qui,
981 1285 1023 1338 si
1050 1300 1260 1341 caeteras

223 1361 389 1430 hujus
413 1360 705 1413 doctissimi
733 1361 1033 1434 interpretis
1062 1367 1118 1419 in
1156 1369 1258 1422 Ca-

223 1441 421 1494 tullum
451 1453 632 1505 notas,
664 1460 793 1513 quas
830 1443 885 1495 in
919 1446 1127 1499 scriniis
1153 1448 1259 1499 suis

219 1540 249 1572 a
272 1521 568 1573 Guilielmo
596 1522 799 1574 Roellio
822 1538 1059 1596 acceptas
1082 1545 1256 1580 serva-

219 1601 309 1651 bat
326 1634 342 1658 ‚
371 1601 578 1671 publici
601 1601 734 1672 juris
756 1602 988 1670 fecisset,
1010 1623 1253 1676 magnam

215 1679 364 1751 apud
397 1681 597 1734 Catulli
635 1682 857 1734 lectores
887 1684 1110 1753 gratiam
1150 1687 1253 1739 ini-

217 1774 372 1812 turus
407 1760 604 1813 fuisset.
635 1793 710 1803 ——
738 1762 998 1817 Ceterum
1035 1766 1120 1818 vix
1151 1765 1254 1820 du·

215 1839 370 1892 bium
400 1853 510 1906 est,
530 1840 660 1911 quin
691 1854 880 1894 auctor
915 1843 1108 1897 horum
1137 1865 1252 1899 ear·

215 1920 428 1971 minum
445 1959 462 1983 ,
481 1920 810 1991 quicumque
825 1920 1042 1975 demum
1063 1925 1220 1978 suerit
1234 1965 1250 1991 ,

210 2018 272 2050 ex
317 2018 500 2070 graeco
533 1997 767 2071 quodam
809 2001 954 2054 fonte
1008 2003 1252 2059 hortulos

207 2097 336 2131 suos
361 2080 635 2149 rigaverit.

297 2159 566 2212 a.Sivera
594 2160 869 2222 estlecti0‚
900 2159 967 2213 de
993 2165 1142 2234 cujus
1165 2164 1245 2217 in·

205 2240 455 2308 tegi-itate
501 2239 635 2291 mihi
664 2237 906 2291 nondum
936 2242 1247 2311 persuadere

203 2337 469 2387 possum,
510 2337 689 2372 sensus
719 2319 819 2372 erit
845 2338 859 2371 z
895 2322 1002 2373 Ubi
1031 2325 1247 2394 propria

201 2417 356 2451 nunc
382 2396 534 2450 sedes
564 2412 617 2451 et
654 2398 782 2450 silva
813 2399 908 2451 tibi
937 2399 1107 2455 dicata
1139 2418 1245 2470 est,

197 2477 673 2547 quemadmodum
692 2479 982 2551 Lampsaci.
1012 2482 1119 2535 Sed
1143 2484 1244 2537 hoc

196 2556 409 2611 durum
429 2571 486 2612 et
507 2572 691 2611 contra
713 2561 963 2630 loquendi
987 2563 1243 2617 rationem

197 2637 444 2691 videtur.
479 2639 666 2710 harinae
701 2658 800 2709 pro
843 2660 936 2711 qua
964 2654 1015 2692 et
1054 2663 1238 2713 quaque

194 2717 502 2787 legendum
545 2732 673 2788 puto
712 2723 824 2790 quoi
858 2733 908 2773 et
944 2725 1145 2794 quoique
1176 2743 1239 2775 ex

192 2798 434 2868 antiquo
478 2797 743 2850 scribendi
794 2817 973 2864 more,
1025 2800 1092 2854 de
1134 2822 1240 2873 quo

198 2876 316 2930 vid.
340 2897 515 2931 carm.
543 2879 604 2939 1,
631 2877 702 2930 ad
727 2899 773 2931 v.
809 2898 857 2943 1,
876 2892 925 2931 et
946 2886 1014 2933 sic
1040 2895 1122 2932 tua
1143 2902 1242 2952 pro

199 2958 294 3009 ubi
343 2958 586 3029 positum
634 2972 710 3011 est
755 2972 812 3010 ut
856 2979 1007 3032 saepe.
1057 2964 1240 3014 Domus

199 3038 452 3090 Deorum
476 3052 556 3090 est
578 3038 754 3101 locus,
772 3058 879 3109 quo
910 3041 1138 3093 maxime
1165 3042 1244 3094 illi

198 3114 566 3181 delectantur,
593 3131 643 3170 et
682 3119 737 3169 in
776 3137 839 3169 eo
879 3119 1054 3171 sedem
1092 3123 1238 3192 quasi

196 3216 355 3250 mm
388 3198 578 3268 figunt.
610 3198 941 3270 Nympharum
971 3201 1135 3252 chmus
1170 3200 1238 3254 de

197 3289 358 3330 antm
399 3276 552 3349 apud
595 3278 785 3348 virgil.
832 3282 950 3331 AEn.
997 3281 1053 3344 1,
1107 3286 1233 3336 168.

203 3358 527 3427 Lampsacum
581 3370 658 3410 est
723 3359 848 3410 urbs
912 3360 1236 3431 Hellesponti

205 3450 333 3488 teste
361 3439 624 3492 Cicerone
654 3438 712 3490 in
741 3439 894 3491 Verr.
926 3441 977 3504 1,
1014 3447 1114 3504 24,
1144 3443 1233 3494 ubi

207 3516 427 3589 Priapus
451 3520 538 3572 vel
569 3530 726 3570 natus
758 3517 838 3569 vel
863 3519 1090 3572 nutritus
1124 3539 1236 3573 cre-

206 3593 443 3651 debatur.
475 3596 608 3651 Vid.
652 3597 838 3650 Schol.
880 3597 947 3651 ad
987 3601 1232 3670 Aponon.

205 3676 379 3732 Rhod.
425 3682 486 3742 1,
533 3680 674 3748 93²·
706 3711 788 3720 --
821 3678 949 3746 (htoe
989 3681 1235 3731 domus—-

203 3776 393 3832 quaque
418 3760 546 3812 silva
576 3759 634 3813 in
662 3757 793 3812 edit.
814 3759 1025 3828 Bipont.
1059 3762 1235 3813 nescio

194 3857 293 3910 qua
308 3840 648 3896 auctoritate.
673 3837 836 3908 Apud
861 3839 1234 3891 Terentianum

1355 967 1605 1021 Maurum
1624 973 1753 1026 olim
1769 995 1874 1029 una
1893 998 2022 1032 voce
2039 984 2255 1040 mutilus
2272 1010 2384 1047 ver·

1353 1062 1438 1099 sus
1480 1049 1755 1120 legebatur
1811 1081 1835 1103 α
1875 1057 1995 1123 Qua
2045 1060 2237 1119 domus
2294 1086 2379 1127 tua

1351 1127 1625 1199 Lampsaci
1651 1145 1727 1185 est
1748 1153 1957 1208 quaque
1979 1137 2210 1214 PriapeJ·
2231 1188 2246 1210 ,
2272 1166 2328 1205 ut
2351 1174 2380 1206 e

1350 1206 1545 1261 Mureti
1584 1223 1635 1263 et
1674 1214 1867 1269 Achill.
1902 1219 2048 1273 Statii
2074 1222 2278 1283 adnott.
2303 1232 2381 1284 in-

1350 1286 1516 1359 telligi
1542 1295 2003 1360 potest.—-Nonne
2031 1302 2187 1357 etiam
2207 1313 2380 1379 potuit

1348 1385 1528 1419 errore
1562 1369 1906 1428 librariorum
1950 1400 2047 1448 qua
2083 1402 2182 1452 pro
2234 1409 2375 1461 quam

1345 1446 1552 1517 recipi?
1590 1451 1736 1521 quod
1775 1455 1816 1506 si
1851 1459 2164 1528 restitueris,
2203 1469 2377 1524 nodus

1344 1527 1585 1593 solvitur,
1607 1530 1889 1587 subaudito
1922 1537 1977 1589 in
2013 1542 2191 1610 priore
2226 1567 2374 1602 com-

1342 1618 1479 1658 mate
1524 1619 1653 1671 eam,
1695 1626 1752 1664 ut
1781 1614 1900 1667 fieri
1932 1619 2100 1673 solet?
2126 1625 2258 1679 Tam
2287 1631 2372 1680 de-

1340 1684 1449 1735 dico
1477 1686 1568 1738 tibi
1590 1702 1642 1740 et
1670 1690 1805 1746 facio
1840 1708 1990 1749 tuum
2019 1701 2143 1753 hunc
2177 1706 2332 1760 lucum
2349 1752 2365 1772 ,

1340 1784 1480 1834 quam
1501 1778 1584 1819 tua
1599 1783 1668 1819 est
1681 1769 1872 1827 domus
1885 1776 2158 1851 Lampsaci
2173 1786 2284 1840 sita.
2298 1790 2366 1843 N.

1426 1852 1476 1908 4.
1517 1848 1792 1903 Ostreosior
1824 1861 1942 1919 oris,
1995 1864 2179 1915 ostreis
2223 1869 2366 1923 enim

1340 1927 1512 1978 omnis
1542 1928 1870 2001 Hellesponti
1906 1956 1998 1990 ora
2028 1941 2364 2014 abundabat;

1338 2007 1606 2077 praecipue
1647 2023 1818 2064 tamen
1864 2034 1895 2066 a
1923 2018 2205 2075 Veteribus
2251 2028 2364 2080 lau-

1336 2082 1529 2138 dantur
1551 2101 1707 2139 ostrea
1734 2093 2146 2171 Abydena.Virg.
2169 2105 2361 2179 Georg.

1336 2166 1391 2228 Ι,
1415 2184 1538 2233 207,
1558 2168 1834 2223 cf.Vineus
1855 2173 1923 2226 ad
1948 2179 2144 2232 Auson.
2164 2203 2218 2251 p.
2243 2189 2353 2238 603

1335 2243 1459 2295 edit.
1480 2246 1619 2299 Toll.
1650 2249 1861 2320 Priapus
1885 2269 2060 2308 autem
2074 2261 2361 2335 Hellespon-

1334 2328 1485 2374 eiacus
1508 2319 1587 2388 [ut
1608 2342 1822 2383 vocatur
1847 2351 1877 2384 a
1907 2336 2054 2407 Virg.
2081 2339 2273 2413 Georg.
2303 2350 2355 2413 1,

1338 2422 1462 2472 ²07·
1491 2402 1510 2465 ]
1542 2406 1755 2461 sortasse
1797 2414 2141 2484 navigationis
2169 2442 2319 2479 causa
2340 2469 2357 2493 ,

1331 2485 1417 2536 cui
1447 2505 1664 2555 praeesse
1691 2491 2017 2558 credebatur,
2053 2503 2222 2556 cultus
2254 2507 2354 2562 suit

1334 2564 1388 2615 iu
1449 2566 1775 2637 Hellesponti
1819 2572 2089 2637 litoribus.
2138 2583 2355 2640 Exstant

1330 2645 1470 2696 enim
1502 2648 1768 2701 manifesta
1798 2652 1941 2721 apud
1974 2656 2187 2713 Graecos
2208 2670 2352 2720 vesti·

1327 2723 1412 2792 gia
1428 2765 1442 2787 ,
1465 2726 1553 2777 ubi
1572 2726 1793 2798 Priapus
1807 2735 2150 2804 navigationis
2164 2762 2351 2813 praeses

1326 2817 1557 2874 apparet.
1601 2806 1690 2858 Sic
1734 2810 1822 2861 ille
1866 2814 2007 2881 apud
2053 2820 2347 2878 Leonidam

1327 2884 1671 2938 Tarentinum
1705 2888 1756 2938 in
1801 2892 1952 2944 Aual.
1998 2896 2141 2952 l’oet.
2179 2903 2348 2959 Graec.

1329 2964 1578 3016 Brunckii
1600 2967 1763 3037 epigr.
1795 2989 1935 3036 Lvn,
1968 2986 2004 3026 t.
2036 2978 2091 3039 Ι,
2121 2998 2172 3047 p.
2210 2988 2349 3050 235,

1326 3045 1712 3113 navigationem
1738 3051 1933 3102 vernali
1953 3066 2188 3125 tempore
2208 3062 2348 3117 insti·

1328 3123 1577 3176 tuendam
1617 3124 1853 3179 indicens
1876 3130 2085 3187 addidit
2112 3158 2158 3190 v.
2191 3159 2244 3209 7,
2271 3148 2302 3197 8
2329 3164 2341 3197 τ

1326 3208 1476 3254 Ταῦθ’
1516 3203 1538 3253 ὃ
1584 3207 1798 3274 Πρίηπος
1838 3211 1958 3278 ἐγὼν
1999 3217 2346 3291 ἐπιτέλλομαι,

1326 3284 1348 3334 ὁ
1388 3284 1639 3350 λιμενίτας
1672 3324 1688 3349 ,
1736 3270 1802 3338 3‘2‘
1838 3295 2008 3361 νθρωφ’
2054 3299 2115 3358 ὡς
2170 3304 2342 3366 πλώας

1323 3365 1493 3414 πᾶσαν
1532 3365 1611 3414 ἐπ’
1645 3368 1892 3437 ἐμπορίην.
1924 3374 2079 3428 Conf.
2112 3380 2342 3454 Antipat.

1324 3441 1506 3495 Sidon.
1540 3445 1706 3515 epigr.
1747 3467 1964 3513 xxxvu,
2008 3454 2061 3506 in
2104 3461 2338 3518 AnaLV.

1325 3522 1385 3574 P.
1413 3522 1511 3575 Gr.
1541 3524 1790 3578 Brunckii
1825 3542 1857 3581 t.
1887 3533 1963 3596 Il,
1986 3552 2037 3603 p.
2075 3540 2150 3588 16.
2184 3542 2339 3594 Cole-

1324 3601 1478 3653 batur
1517 3603 1671 3656 etiam
1729 3607 1949 3679 Priapus
1986 3606 2266 3684 Ᾰιγιαλίτης
2313 3644 2341 3676 a

1324 3681 1695 3750 piscatoribus;
1722 3688 1862 3741 conf.
1881 3692 2051 3746 Maecii
2067 3699 2235 3768 epigr.
2261 3722 2341 3754 vu

1325 3773 1375 3813 et
1426 3780 1565 3825 vm,
1612 3764 1664 3814 in
1709 3770 1934 3821 Analcci.
1982 3774 2125 3827 Poct.
2174 3782 2343 3834 Graec.

1328 3854 1363 3891 t.
1393 3843 1474 3906 II,
1500 3860 1619 3910 pag.
1648 3844 1774 3898 238.
